1866 3131
242 177 261 216 1
271 176 355 217 404

240 282 360 313 mentis
376 281 460 313 fecit
476 281 573 319 viam,
593 280 713 322 quibus
730 290 797 312 non
815 281 938 321 Hispa·

240 334 305 364 niae
317 343 383 364 suan
393 338 504 371 natus,
519 331 578 363 sed
592 331 763 371 Hispanus
777 333 809 363 in
825 332 937 363 trium-

240 384 342 423 phum
380 389 415 414 et
454 381 688 422 pontificatum
721 382 937 422 assurgeret!

240 436 323 466 Cum
341 434 482 465 dicimus
503 433 688 473 Hispanus,
711 433 818 474 inquit
845 432 935 462 Sosi-

238 490 351 525 pater,
380 493 502 515 nomen
533 483 678 514 nationis
706 482 935 521 ostendimus3

238 545 313 566 cum
331 539 444 565 autem
472 534 722 575 Hispaniensis,
750 543 934 574 cognomen

237 594 352 615 eorum
368 585 423 626 qui
448 585 653 625 provinciam
671 585 870 625 Hispaniam
885 584 935 614 iu-

235 636 363 675 colunt,
378 636 444 666 etsi
460 645 526 666 non
547 635 702 675 Hispani.

278 687 383 718 Epio.
400 695 425 716 1.
449 685 585 716 Librum
612 685 730 716 Prisco
754 683 855 716 offert
875 694 934 725 op-

235 743 380 777 portune
403 736 593 776 legendum.

279 791 295 818 1
325 787 416 818 Retia
440 788 523 821 dum,
549 785 619 825 ge]
642 785 730 816 Dum
749 789 861 816 cessat
878 795 932 816 ve-

234 837 337 867 nandi
355 837 501 868 studium
519 846 580 876 per
604 836 682 866 anni
705 840 858 876 tempus:
885 837 932 867 vi-

235 887 336 918 detur
351 887 455 918 fuisse
472 896 532 917 ver
549 887 602 917 vel
624 891 818 925 autumnus,
839 887 931 918 horae

233 938 323 968 euim
341 947 449 978 neque
475 937 615 975 aestivze,
643 941 677 968 et
705 946 861 976 aprorum
878 947 932 968 ve-

232 988 362 1019 nationi
378 988 516 1019 inservit
531 988 658 1028 hyems.
692 987 932 1028 Latratoresque

232 1037 376 1073 Molossi]
393 1038 502 1069 Canes
519 1047 537 1068 e
554 1038 778 1069 Molossorum
796 1048 932 1079 genere,

232 1089 287 1129 qui
306 1098 413 1119 acreS.

274 1142 294 1170 4
319 1139 387 1170 Nec
408 1140 518 1170 oeslz'vu
541 1142 598 1177 est,
615 1138 684 1178 Sim]
711 1139 788 1170 Non
806 1140 929 1180 longis-

232 1189 328 1226 sima,
357 1190 472 1228 quales
499 1194 576 1220 sunt
602 1189 694 1219 horae
719 1190 862 1230 aestivae,
890 1201 930 1221 ex

232 1240 398 1271 divisione
411 1240 491 1279 diei,
505 1250 566 1281 pro
585 1241 662 1271 anni
682 1246 834 1281 tempore
852 1242 930 1273 inae-

231 1291 352 1331 qualis,
367 1292 398 1321 iu
417 1294 468 1322 12.
486 1296 613 1331 partes.

276 1342 379 1373 Eme.
397 1351 435 1372 11.
468 1345 483 1373 1
504 1343 582 1377 Quoe
597 1343 682 1372 modo
700 1344 850 1381 littoreos,
863 1344 930 1384 swa]

183 1428 185 1430 Ι
232 1391 401 1429 Carmina,
424 1392 534 1432 qualia
563 1392 654 1432 prius
680 1402 721 1422 ex
750 1393 834 1423 urbe
858 1395 930 1426 misi

230 1440 362 1481 Pyrgos
376 1442 511 1472 Tusciae
527 1441 688 1482 oppidum
715 1443 930 1483 maritimum,

228 1492 453 1533 dispergenda
473 1493 551 1523 inde
570 1503 631 1533 per
646 1494 725 1524 alias
743 1494 834 1524 orbis
854 1504 928 1534 par-

229 1548 292 1579 tes,
305 1552 393 1573 nunc
406 1553 468 1581 ego
485 1544 583 1574 mitto
597 1553 637 1573 ex
651 1544 716 1574 alia
729 1543 818 1574 orbis
832 1550 929 1584 parte

229 1593 259 1622 in
279 1593 408 1624 urbem.
434 1594 549 1634 Epigr.
566 1603 636 1634 seq.

272 1647 290 1674 3
314 1645 389 1674 Jam
413 1655 484 1683 non,
511 1644 579 1684 ἐγὼ]
607 1644 758 1675 Humida
785 1645 929 1685 scilicet,

230 1703 308 1724 vere
332 1695 384 1724 vel
407 1700 580 1735 autumno,
607 1700 643 1725 ut
667 1696 782 1735 priore
808 1696 927 1736 Epigr.

228 1753 316 1775 vers.
335 1748 364 1775 1.

270 1795 373 1825 Epio.
392 1804 449 1826 ιιι.
473 1798 491 1825 3
509 1795 664 1833 Auriferi,
683 1795 753 1835 «ξ-ικ]
779 1797 830 1826 Ex
848 1796 927 1826 His-

228 1846 330 1883 pania
359 1846 504 1875 metallis
534 1846 674 1884 celebri,
707 1847 764 1877 ubi
797 1847 927 1877 aurifex

227 1897 338 1935 Tagus
365 1902 399 1927 et
428 1896 518 1933 Salo,
550 1897 648 1935 cujus
676 1897 769 1937 aquis
798 1896 925 1928 ferrum

229 1951 452 1985 temperatur.
478 1946 651 1985 Epigram.
669 1950 719 1977 50.
746 1947 766 1977 l.
784 1950 812 1977 1.
839 1957 926 1979 vers.

229 1999 277 2027 15.
292 2002 327 2026 et
344 1999 395 2027 12.
436 1997 611 2036 Tetricique
625 1996 762 2036 Salonis]
779 1997 925 2037 Propter

225 2052 370 2083 tuontGS,
384 2046 437 2076 vel
453 2046 596 2077 accolas.

268 2099 288 2127 4
314 2097 382 2127 Dat
405 2097 535 2137 patrios,
557 2097 627 2137 ξω]
651 2096 719 2128 Ubi
745 2103 923 2138 parentum

226 2147 369 2177 cineres.

267 2201 287 2228 6
314 2198 408 2237 Cujus
431 2197 520 2228 habet
537 2197 676 2237 fratres]
703 2199 805 2239 Cujus
825 2203 923 2240 pater

225 2252 392 2288 autorque
422 2248 547 2278 vixerit
580 2248 695 2278 Romae
724 2251 776 2279 34.
805 2259 922 2280 annos.

229 2299 302 2339 Tot]
319 2299 435 2328 Libros
448 2299 565 2339 Epigr.
579 2299 748 2338 undecim,
760 2299 843 2330 duos
856 2300 921 2330 dis-

224 2349 403 2388 tichorum,
418 2350 689 2389 spectaculorum
706 2360 818 2381 unum.
857 2352 921 2382 Do-

226 2410 292 2430 mus
307 2399 388 2439 alta]
413 2401 530 2431 Roma.
546 2401 615 2438 alii,
632 2401 752 2432 Domus
767 2412 837 2433 una.

268 2453 286 2480 7
310 2452 389 2480 dure
403 2454 455 2480 tuo
478 2452 661 2491 veneranda,
677 2452 743 2492 Zau]
768 2453 922 2494 Namque

227 2502 388 2541 templum
407 2507 459 2532 est
477 2501 644 2541 Apollinis
675 2509 709 2534 et
735 2504 921 2543 Musarum,

223 2551 263 2581 ab
281 2550 433 2591 Angusto
450 2552 483 2582 in
503 2552 639 2583 Palatio
655 2553 840 2585 excitatum
855 2567 862 2593 3
888 2555 921 2585 in

226 2610 292 2640 quo
308 2601 492 2631 Poetarum
510 2611 614 2641 opera
639 2603 870 2634 recitabantur
887 2609 922 2634 et

225 2651 371 2690 probata
395 2652 649 2692 reponebantur
670 2662 746 2684 cum
770 2654 921 2695 imagini-

226 2701 300 2732 bus.

267 2754 285 2780 S
305 2751 453 2790 Reddita]
472 2752 498 2782 A
516 2753 631 2783 Nerva
644 2753 811 2786 restituta.
845 2756 920 2786 Pie·

704 187 844 217 NoTAE
879 187 1146 217 VARIORUM
1179 188 1227 216 IN

988 280 1035 310 rio
1050 279 1155 319 chora]
1179 279 1286 310 Musis
1304 284 1337 311 et
1356 280 1476 319 poetis

1031 333 1051 360 9
1067 330 1175 360 Prima
1187 329 1325 369 Subura]
1342 329 1392 360 Ad
1407 331 1584 361 Consulem
1599 330 1688 362 Stel·

987 381 1054 410 lam
1073 380 1103 410 iu
1121 380 1230 420 prima
1245 380 1390 418 Subura,
1412 380 1474 411 lioc
1498 385 1562 419 est,
1591 380 1686 412 aditu

988 430 1130 460 Suburae
1141 430 1362 461 habitantem.
1384 431 1573 470 incipiebat
1586 429 1686 461 aforo

988 480 1162 517 Romano3
1197 480 1376 511 desinebat
1398 481 1440 511 ad
1467 481 1599 512 initium
1623 482 1686 512 viae

988 531 1227 563 Praenestinae.
1266 531 1352 562 Vide
1381 533 1500 573 Epigr.
1529 535 1580 564 35.
1608 533 1628 564 1.
1656 536 1686 564 1.

986 591 1075 612 vers.
1090 584 1122 613 ὃ.

1035 634 1074 662 10
1110 632 1252 663 Consulis
1277 631 1352 671 mei]
1385 632 1512 670 Stellae,
1540 633 1594 663 cui
1621 642 1685 672 ego

986 682 1198 712 consulatum
1226 682 1312 713 vovi.
1348 682 1464 722 Epigr.
1489 685 1542 713 43.
1570 683 1626 714 lib.
1653 686 1684 712 9.

986 732 1051 763 Vel
1068 733 1144 763 milii
1162 731 1323 763 faventis.

1029 786 1068 813 12
1093 784 1205 813 Clarus
1228 782 1398 823 Hyanteoe]
1429 783 1544 814 Toties
1570 783 1686 814 toties-

985 842 1050 874 que
1065 833 1190 872 monui,
1204 837 1241 863 ut
1256 833 1424 863 scribatur
1442 834 1592 871 Iantheoe,
1608 833 1686 864 Ἰάν-

983 887 1055 924 θιος,
1078 884 1189 924 inquit
1215 883 1416 915 Scriverius.
1461 884 1509 914 At
1525 885 1581 914 ille
1597 884 1684 915 falli—

985 940 1050 967 tur.
1089 935 1182 966 Nihil
1198 935 1262 965 lmc
1278 934 1360 965 facit
1376 934 1586 972 Violantilla‚
1601 935 1683 966 nihil

983 986 1058 1018 fons
1097 987 1285 1018 Ianthidos.
1355 987 1511 1028 Hyanteae
1545 987 1685 1027 scripsit

985 1038 1167 1069 Martialis.
1220 1038 1265 1069 Et
1291 1038 1300 1055 ‘
1316 1038 1475 1079 Hyantea
1499 1037 1607 1079 aqua’
1631 1043 1683 1069 est

983 1089 1074 1120 unda
1091 1090 1248 1120 Castalis.
1280 1089 1470 1120 Ausonius:
1495 1090 1503 1106 ‘
1518 1095 1554 1121 et
1566 1089 1683 1129 Hyan-

984 1144 1040 1170 tea
1057 1139 1264 1181 Aganippe)
1302 1140 1426 1171 Ovidio
1442 1139 1585 1170 Actaeou
1609 1139 1682 1179 ‘ju-

983 1190 1076 1220 venis
1090 1190 1281 1231 Hyantius.'
1306 1191 1414 1222 Statio
1438 1192 1446 1207 ‘
1460 1191 1620 1231 Hyantiae
1632 1199 1684 1220 so-

983 1241 1097 1271 rores'
1122 1242 1242 1271 Musae.
1294 1242 1424 1272 Rursus
1451 1241 1595 1271 Ovidius
1623 1239 1680 1270 lib.

983 1294 1012 1322 S.
1050 1293 1058 1308 ‘
1078 1297 1111 1322 et
1142 1293 1303 1332 Hyanteo
1336 1292 1453 1322 lemos
1495 1291 1681 1322 Gronovius.

984 1342 1123 1382 Petitor]
1149 1344 1232 1381 Alii,
1256 1343 1372 1374 sititor.
1418 1342 1522 1372 Stella
1540 1342 1596 1372 diu
1614 1352 1681 1372 am·

983 1392 1068 1423 bivit
1086 1394 1326 1425 Violautillam.
1348 1394 1477 1423 Statius
1495 1394 1527 1423 in
1544 1393 1681 1432 Epitha-

981 1443 1080 1473 lamio
1099 1445 1196 1485 Sylv.
1209 1448 1240 1475 l.
1255 1445 1288 1475 in
1311 1445 1407 1484 cujus
1425 1444 1556 1474 zrdibus
1573 1443 1682 1483 limpi—

980 1493 1136 1525 dissimus
1151 1495 1217 1526 fuit
1228 1495 1322 1534 fons;
1340 1496 1381 1525 de
1395 1506 1460 1535 quo
1474 1494 1550 1524 vide
1565 1494 1681 1534 Epigr·

980 1547 1032 1576 49.
1054 1545 1110 1576 lib.
1128 1548 1159 1576 7.
1177 1551 1210 1576 et
1228 1546 1286 1576 lib.
1303 1549 1334 1575 (j.
1361 1546 1480 1585 Epigr.
1497 1548 1550 1576 47.

1025 1598 1063 1626 13
1090 1597 1247 1627 Castalius
1259 1620 1266 1627 .
1281 1620 1290 1630 .
1303 1619 1311 1627 .
1329 1597 1428 1636 cuzae,
1440 1595 1507 1636 δμκ]
1531 1595 1680 1636 Propter

979 1647 1119 1678 Stellam
1138 1648 1283 1679 Poetam

1023 1701 1061 1727 15
1087 1698 1161 1738 Ille]
1184 1698 1304 1729 Stella.

1024 1751 1063 1779 16
1088 1749 1152 1779 Nec
1168 1749 1308 1786 nimium,
1324 1748 1392 1788 tm]
1418 1749 1494 1779 Prae
1513 1748 1680 1780 desiderio

978 1798 1042 1828 mei
1061 1797 1174 1828 effluis
1191 1799 1356 1839 lucrymis.

1021 1852 1058 1879 17
1087 1850 1225 1880 Τὶἰιιῖιιηι
1244 1850 1360 1890 poscis]
1387 1849 1524 1881 :tutoris
1543 1851 1679 1882 nomine

977 1899 1186 1939 insignitum.

1029 1950 1134 1980 Eric..
1167 1959 1214 1980 ιν.
1259 1951 1414 1980 Priscum
1446 1951 1675 1981 Maecenatem

976 2009 1084 2037 suum,
1112 2000 1170 2039 ait,
1190 2001 1328 2039 dignum
1353 2006 1481 2030 aeterno
1505 2001 1676 2040 praeconio

973 2050 1253 2091 immortalitatis,
1289 2052 1364 2091 ejus
1398 2051 1497 2081 simul
1530 2051 1675 2081 virtutes

975 2100 1150 2140 praedicat.

1019 2157 1030 2184 l
1062 2154 1187 2194 Flacco]
1214 2155 1369 2185 Horatio.
1420 2155 1584 2194 Varioque,
1608 2155 1676 2194 San]

974 2204 1089 2235 Nobili
1114 2205 1236 2245 po'etae.
1261 2205 1517 2245 Epigrammate
1543 2208 1593 2235 18.
1618 2206 1676 2237 lib.

973 2256 1003 2285 8.
1028 2264 1117 2285 vers.
1135 2257 1166 2285 7.

1015 2307 1035 2335 2
1060 2305 1216 2335 Moecenas
1237 2304 1352 2343 atavis,
1377 2304 1442 2344 ἐγὼ]
1470 2304 1602 2336 Alludit
1631 2306 1673 2336 acl

972 2355 1115 2396 primum
1134 2355 1268 2386 Horatii
1288 2365 1421 2386 versum
1437 2367 1444 2385 z
1473 2357 1481 2371 ‘
1496 2356 1672 2387 Maecenas

970 2405 1078 2436 atavis
1095 2404 1187 2435 edite
1204 2405 1364 2445 regibus?

1012 2457 1031 2485 4
1049 2454 1153 2494 Anus]
1172 2455 1354 2496 Longaeva.
1378 2456 1466 2486 Vide
1484 2456 1603 2497 Epigr.
1617 2460 1672 2488 40.

972 2506 1033 2537 lib.
1050 2509 1082 2537 2.
1101 2516 1187 2536 vers.
1205 2509 1237 2537 2.

1013 2559 1033 2587 fi
1058 2557 1220 2596 lngenuoe]
1241 2557 1391 2588 Literato
1408 2558 1490 2588 otio.
1536 2559 1670 2590 Munera

967 2606 1126 2646 pigritioe]
1147 2607 1314 2638 Gruterus
1327 2617 1367 2637 ex
1381 2608 1593 2640 melioribus:
1611 2611 1672 2640 ιΙιιεῑ

971 2658 1207 2698 mihipz'gritioe.
1233 2659 1466 2690 Hexasticlion
1481 2659 1563 2689 illud
1582 2661 1669 2691 Illuc·

972 2713 1001 2740 te
1016 2710 1126 2748 animi,
1148 2711 1199 2748 23⁴0.
1225 2710 1431 2747 demigrasse
1450 2711 1524 2741 hinc
1542 2712 1574 2741 iu
1592 2722 1666 2741 sex-

972 2766 1041 2791 tum
1069 2759 1168 2800 Epig.
1193 2760 1386 2800 suspicatur
1408 2761 1508 2791 Turn.
1531 2760 1551 2790 l.
1569 2764 1619 2791 30.
1637 2771 1668 2792 c.
