1866 3131
238 169 351 210 1252

233 275 393 311 Veneris,
410 275 577 315 missaque
590 275 784 307 mulieribus
799 286 940 308 munera

236 337 255 357 a
284 326 413 356 maritis
439 330 473 356 et
499 326 717 358 amatoribus.
761 328 849 359 Vide
882 329 936 360 tit.

234 377 490 416 Apophoreton,
506 376 564 407 lib.
582 379 634 408 14.

277 431 313 458 11
330 427 523 466 Saturnalia,
539 429 678 459 Martias
693 429 858 471 calendas]
873 430 895 462 J
899 440 934 460 u-

234 478 359 508 venalis
387 479 459 509 Sat.
475 481 505 509 9.
565 479 573 495 ‘
592 479 735 511 Munera
768 479 936 511 foemineis

232 533 362 559 tractas
386 535 519 560 secreta
536 529 721 561 Calendis.'
767 531 836 562 Sed
854 531 935 562 nihil

231 579 346 611 tritius
371 579 404 610 iu
437 585 509 611 tota
536 581 753 622 antiquitate.
800 581 935 613 Idcirco

704 181 845 210 NO'I'AE
882 181 1143 212 VARIORUM
1183 183 1232 212 ΙΝ

992 281 1103 308 autem
1119 277 1218 308 docet
1237 276 1369 307 arnaudi
1393 276 1567 317 magister,
1594 286 1635 307 ue
1653 287 1693 308 eo

992 333 1145 367 tempore
1169 327 1355 366 puellarum
1378 331 1564 366 captentur
1580 328 1695 358 amici-

992 378 1070 408 tiae:
1097 377 1177 418 quia
1203 377 1314 408 solent
1343 381 1424 406 tunc
1441 377 1605 417 temporis
1620 377 1695 416 plu-

990 429 1073 460 rima
1102 438 1164 469 pro
1189 428 1268 468 jure
1300 437 1359 458 suo
1388 426 1568 468 flagitare:
1609 427 1694 459 dicit

991 480 1102 511 enim:
1141 480 1292 519 ‘Magna
1320 478 1518 518 superstitio
1549 478 1612 509 tibi
1644 479 1694 523 ⁴sit

990 531 1113 562 natalis
1129 530 1257 561 amicae.
1301 530 1444 570 Quaque
1461 529 1588 570 aliquid
1613 529 1695 560 dan—

991 583 1071 615 dum
1085 588 1149 620 est,
1165 583 1223 614 illa
1236 581 1279 614 sit
1296 587 1368 612 atra
1392 580 1490 612 dies!

498 873 1109 922 EPIGRAMMATUM
1156 875 1298 923 LIB.
1330 876 1424 922 VI.

271 994 377 1025 Eum.
397 1002 421 1023 1.
439 991 489 1023 Ad
504 991 631 1023 Julium
646 990 844 1022 Martialem
856 990 932 1021 mit-

228 1044 271 1075 tit
298 1043 533 1084 castigandum
560 1052 684 1073 novum
709 1041 871 1080 libellum,
894 1045 931 1072 ut

227 1097 321 1126 exire
337 1095 501 1133 securius,
524 1098 560 1124 et
586 1093 618 1124 iu
643 1102 762 1124 manus
786 1092 930 1124 Caesaris

225 1147 340 1177 veuire
355 1150 481 1186 posset.

268 1200 288 1228 2
313 1197 489 1237 Martialis]
512 1195 567 1226 Ad
590 1204 689 1236 quem
715 1193 773 1225 lib.
793 1197 825 1226 5.
849 1193 931 1235 Epi-

225 1259 366 1290 gramm.
383 1252 434 1279 21.

268 1302 286 1330 3
311 1299 350 1330 Si
380 1298 518 1336 terseris,
546 1297 615 1337 ἔξω]
649 1297 683 1327 Si
716 1297 787 1328 acri
820 1297 931 1337 digiti,

225 1349 454 1391 auris‚judicii
468 1358 611 1380 censura
622 1347 815 1387 castigaris.
856 1347 929 1378 Ter-

222 1400 315 1440 seris]
361 1400 415 1431 Ad
455 1399 629 1439 spongiam
657 1407 738 1438 ergo
777 1398 929 1428 alludere

223 1451 369 1490 videtur,
395 1451 438 1481 de
463 1460 525 1491 qua
549 1459 653 1489 supra
678 1448 736 1479 lib.
752 1452 784 1480 4.
811 1449 927 1489 Epigr.

223 1505 273 1532 10.

264 1556 283 1582 5
309 1551 445 1591 Zlsagnas
475 1550 621 1590 Caesaris,
649 1549 716 1589 Qu]
740 1550 928 1588 Caesareas,

222 1602 272 1634 sic
288 1603 406 1643 Epigr.
425 1605 456 1632 S.
474 1601 530 1632 lib.
543 1603 573 1631 4.
592 1610 677 1631 vers.
692 1603 743 1630 10.
775 1600 927 1641 Magnas]

220 1654 307 1683 Sunt
324 1653 379 1693 qui
395 1653 509 1692 legant
519 1651 644 1690 Magni.
693 1650 842 1692 Coesaris]
856 1652 927 1682 Do-

219 1704 363 1734 mitiani.

264 1756 368 1785 EPIG.
385 1762 426 1784 11.
451 1756 465 1784 1
485 1753 585 1783 Lusus
601 1755 680 1791 erat,
695 1752 764 1792 &eff
797 1751 866 1783 Pro
883 1753 929 1783 lu-

222 1804 265 1835 do
278 1804 492 1835 habebantur
509 1803 691 1834 adulteria.

264 1857 284 1885 2
318 1854 418 1884 Lusus
447 1857 477 1884 et
506 1853 694 1892 immeritos]
737 1854 928 1894 Suetonius,

220 1906 230 1922 ‘
248 1905 399 1936 Castrari
422 1913 531 1934 mares
556 1903 687 1934 vetuit!
732 1903 929 1943 spadonum

221 1956 278 1997 qui
296 1954 386 1996 apud
402 1963 587 1994 mangones
604 1958 715 1991 eraut,
733 1954 843 1993 pretia
858 1964 926 1985 mo—

220 2007 358 2037 deratus
374 2010 437 2035 est.
462 2004 624 2046 Papinius
638 2005 795 2044 1v.Sylv.
809 2004 850 2035 de
863 2005 927 2035 hoc

221 2055 334 2087 edicto
351 2054 566 2086 Domitiani:
583 2055 591 2071 ‘
605 2054 674 2087 Qui
691 2053 813 2085 fortem
830 2059 927 2087 vetat

221 2107 363 2137 interire
389 2115 520 2143 sexum,
548 2105 592 2136 Et
619 2115 738 2136 censor
768 2106 926 2147 prohibet

220 2167 331 2188 mares
367 2157 501 2187 adultos
531 2156 690 2187 Pulchrae
723 2157 925 2197 supplicium

221 2208 343 2239 timere
366 2206 510 2238 formae!
554 2206 631 2238 Hoc
647 2212 759 2238 autem
777 2208 856 2238 ideo
871 2217 925 2238 ve·

220 2259 299 2298 tuit,
323 2258 403 2299 quia
426 2268 501 2289 cum
515 2258 709 2288 memoriam
723 2259 792 2288 Titi
807 2257 923 2289 fratris

220 2309 298 2341 odio
321 2309 480 2347 haberet,
508 2313 544 2340 et
566 2309 592 2339 is
610 2309 791 2340 Eunuchos
819 2319 924 2340 amas-

219 2366 284 2396 set,
301 2360 365 2391 hoc
380 2360 413 2390 in
429 2360 501 2400 ejus
518 2359 758 2390 contumeliam
773 2359 922 2390 edictum

219 2409 498 2450 proscribendum
535 2410 680 2441 censuit.
725 2409 923 2450 Xiphilinus

218 2462 251 2492 in
281 2461 492 2492 Domitiano.
538 2461 673 2492 Herald.
739 2461 924 2492 Exsecnisse

219 2513 334 2553 mares]
371 2513 542 2544 Castrare.
588 2511 786 2552 Est-secuisse]
818 2512 921 2542 Exse-

219 2572 311 2602 care,
341 2561 504 2600 ἐκτέμνειν.
549 2562 606 2593 Sic
635 2561 921 2594 ‘circumsectos'

219 2613 359 2644 judaeos
388 2613 478 2644 dixit
507 2613 644 2645 Sueton.
674 2615 708 2644 in
735 2614 923 2645 Domitian.

220 2674 304 2703 quos
340 2666 349 2682 ‘
364 2664 598 2696 circumcisos‘
637 2665 736 2705 vulgo
775 2664 924 2705 appella·

220 2723 305 2745 mus.

1027 992 1046 1021 3
1068 990 1229 1031 Probum,
1256 991 1326 1032 ἐξα]
1361 991 1503 1022 Edictis.
1547 991 1691 1023 Sueton.

985 1041 1118 1073 Domit.
1142 1051 1217 1082 cap.
1232 1045 1262 1074 7.
1286 1042 1455 1082 Xiphilin.
1481 1043 1583 1072 Dom.
1609 1042 1689 1072 Dio.

986 1091 1097 1123 Amm.
1128 1093 1322 1125 Marcellin.
1346 1094 1405 1125 lib.
1437 1096 1488 1124 18.
1514 1092 1640 1133 Papin.
1658 1095 1691 1123 4.

984 1142 1080 1183 Sylv.

1027 1195 1047 1223 4
1064 1193 1139 1224 Sine
1155 1194 1274 1231 fraude
1281 1194 1389 1235 J‘uhes]
1414 1194 1598 1235 Legitima,
1621 1203 1690 1225 non

985 1252 1027 1274 ex
1045 1243 1222 1275 adulterio.

1026 1297 1047 1325 6
1066 1295 1108 1324 Et
1129 1296 1235 1335 spacio,
1260 1294 1330 1335 ssa]
1355 1295 1541 1335 Eleganter
1573 1302 1690 1326 utrun-

983 1355 1049 1386 que
1065 1347 1239 1387 conjungit
1255 1347 1378 1378 Poeta.
1422 1347 1510 1377 Vide
1525 1346 1605 1379 Juv.
1619 1347 1690 1378 Sat.

985 1398 1014 1426 l.
1031 1405 1119 1426 verS.
1144 1399 1198 1427 22.
1225 1402 1261 1428 et
1288 1397 1359 1428 Sat.
1376 1400 1409 1427 6.
1436 1406 1527 1427 vers.
1555 1399 1630 1428 367.
1653 1402 1688 1427 et

983 1444 1100 1485 Epigr.
1114 1448 1167 1477 76.
1184 1445 1239 1476 lib.
1254 1449 1285 1477 6.
1301 1447 1391 1476 unde
1405 1446 1482 1476 huic
1495 1447 1564 1477 lux.

1026 1495 1129 1526 Eme.
1143 1504 1198 1527 111.
1212 1496 1336 1536 Defilio
1346 1495 1539 1535 Domitiani]
1553 1496 1605 1526 Ex
1616 1495 1690 1527 Do·

982 1545 1080 1576 mitia
1094 1555 1212 1584 uxore,
1229 1547 1327 1586 cujus
1339 1546 1491 1577 meminit
1504 1546 1599 1578 Suet.
1611 1556 1689 1588 cap.

983 1599 1014 1627 3.
1061 1596 1182 1638 Neque
1206 1598 1295 1628 enim
1321 1598 1437 1637 placet
1460 1598 1524 1628 hoc
1551 1597 1594 1628 de
1610 1607 1688 1628 con-

984 1652 1090 1687 ceptu
1104 1648 1218 1687 Juliae,
1241 1657 1340 1689 quem
1355 1649 1429 1689 ipse
1445 1653 1547 1689 pater
1571 1652 1607 1679 et
1631 1658 1690 1689 pa·

987 1702 1080 1728 truus
1099 1698 1291 1729 abortivum
1303 1708 1376 1730 esse
1390 1699 1509 1740 voluit,
1522 1699 1688 1740 intelligi;

984 1752 1022 1778 ut
1037 1748 1111 1778 vult
1127 1749 1336 1780 Calderinus.

1026 1800 1042 1828 1
1070 1799 1220 1839 Nascere]
1245 1800 1453 1831 Nascentem
1480 1808 1621 1840 puerum
1644 1800 1692 1831 al-

982 1847 1133 1888 loquitur
1151 1849 1273 1887 Poeta,
1300 1851 1355 1881 vel
1381 1851 1495 1890 potius
1516 1856 1634 1882 natum
1651 1856 1687 1883 et

986 1905 1220 1938 crescentem3
1254 1901 1343 1931 sicut
1371 1902 1515 1942 stirpem
1544 1902 1686 1934 dicimus

981 1950 1075 1980 nasci
1088 1950 1166 1981 dum
1183 1951 1320 1982 crescit.
1336 1951 1517 1991 Dardanio]
1527 1953 1686 1993 Trojano,

981 2009 1001 2030 a
1023 2001 1196 2033 Dardano.
1240 2003 1445 2042 Promissum,
1470 2003 1538 2043 hya]
1568 2003 1687 2035 Imita-

981 2050 1028 2081 tio
1054 2051 1263 2092 Virgiliana:
1289 2054 1297 2069 ‘
1312 2053 1423 2084 Julius
1441 2063 1460 2083 a
1483 2063 1605 2094 magno
1629 2054 1686 2086 de-

979 2101 1114 2131 missum
1143 2111 1266 2133 nomen
1296 2102 1396 2134 Iulo!
1431 2107 1460 2135 l.
1489 2105 1619 2136 AEneid.
1649 2112 1685 2137 et

979 2153 988 2168 ‘
1003 2152 1112 2183 Chara
1133 2153 1243 2183 Deum
1266 2153 1421 2192 soboles‚’
1445 2157 1511 2186 ἃς.
1536 2156 1610 2186 haec
1627 2166 1685 2187 au·

980 2208 1047 2233 tem
1064 2204 1073 2219 ‘
1089 2203 1192 2241 veras
1209 2203 1399 2234 Domitiani
1415 2205 1548 2236 scilicet
1564 2206 1633 2237 Dei
1644 2216 1686 2238 ac

978 2254 1131 2285 Domini.
1146 2255 1264 2295 Epigr.
1280 2257 1311 2286 8.
1328 2255 1388 2286 lib.
1402 2259 1433 2287 5.

1021 2307 1040 2335 3
1067 2304 1229 2345 Habenas]
1246 2306 1430 2346 Imperium
1446 2307 1643 2338 Romanum.

1020 2357 1040 2385 4
1060 2355 1179 2395 Quique
1213 2365 1317 2396 regas,
1342 2357 1411 2397 ξω]
1436 2357 1529 2390 Imit.
1560 2357 1682 2388 Ovidi-

977 2415 1061 2436 ana:
1087 2407 1246 2447 ‘Sospite
1274 2408 1323 2439 sic
1346 2413 1380 2439 te
1405 2408 1450 2439 sit
1475 2412 1574 2439 natus
1599 2419 1681 2450 quo-

975 2466 1040 2497 que
1056 2466 1190 2497 sospes:
1217 2462 1251 2489 et
1271 2459 1349 2489 olim
1372 2459 1557 2499 Imperium
1581 2464 1679 2500 regat

974 2506 1037 2538 hoc
1049 2517 1125 2538 cum
1137 2509 1268 2540 seniore
1281 2519 1386 2540 senex
1399 2511 1420 2540 :’
1433 2510 1574 2541 2.Trist.
1588 2519 1678 2541 vers.

978 2560 1052 2588 165.

1019 2612 1037 2638 5
1064 2608 1137 2647 Ipsa
1161 2610 1217 2640 tibi
1234 2611 1334 2651 niteo,
1360 2611 1429 2652 Syna]
1451 2611 1571 2643 Parcae
1587 2613 1672 2643 Deae

979 2661 1107 2692 dabunt
1129 2665 1275 2702 patrueli
1291 2670 1356 2696 tuae
1373 2665 1476 2697 Juliae
1496 2665 1574 2696 filiae
1595 2666 1675 2702 Titi,

980 2718 1096 2753 partes
1119 2724 1211 2745 suas:
1239 2719 1338 2756 atque
1357 2717 1449 2748 Julia
1474 2726 1534 2757 pro
1559 2725 1673 2747 amore
