1866 3131
268 185 380 227 1380

266 299 394 329 cappam
411 289 511 329 vulgo
528 293 664 319 vocant.

311 341 331 368 9
369 339 463 369 Cocco
501 338 607 378 mulio,
640 338 709 378 Era]
770 338 967 379 Purpureus

267 389 424 429 splendet
453 399 568 429 agaso,
596 389 640 420 ad
668 399 833 420 summum
864 390 967 420 mulio

266 440 437 470 Incitatus
452 450 459 470 :
485 449 584 480 quem
602 445 716 470 tamen
730 444 889 479 tanquam
911 449 966 468 an-

266 490 370 530 rigam
384 490 513 529 Scorpo
525 490 711 531 conjungit,
723 490 784 521 lib.
799 493 851 520 11.
864 490 965 530 Epig.

266 543 294 571 1.
320 540 442 570 Potest
459 540 562 571 etiam
578 541 658 581 legi,
677 542 773 571 Cocco
788 541 882 571 mulio
896 541 965 577 sul-

261 594 317 629 get
344 590 488 629 Incitatz',
513 591 590 632 eqni
617 591 749 622 scilicet
778 592 961 631 Caligulae:

264 641 387 681 dequo
413 641 482 671 Dio
505 641 538 671 in
566 641 676 681 Calig.
704 641 804 682 (Cum
832 641 962 681 inquit:

261 692 269 707 ‘
288 691 397 722 Unum
415 701 495 722 vero
511 701 553 722 ex
570 691 665 732 equis
685 692 764 728 suis,
792 700 891 732 quem
908 691 963 721 Iu-

262 742 403 772 citatnm
422 741 627 778 nominabat,
642 741 811 772 invitabat
833 741 874 771 ad
898 750 962 772 coe-

261 802 352 831 nam,
369 792 415 823 ita
433 797 468 823 ut
484 793 514 822 ei
530 792 692 823 hordeum
710 801 751 821 ex
766 800 847 822 auro
861 800 964 830 appo-

261 847 371 880 neret,
397 841 623 883 funderetqne
652 842 787 881 vinum,'
817 844 879 872 &c-
904 845 963 872 ‘ac

261 902 324 933 per
335 893 477 924 salutem
492 893 521 933 ej
529 902 566 923 us
579 899 615 923 et
624 891 795 923 fortunam
809 892 939 932 juraret
954 903 962 930 3

261 952 366 983 seque
383 952 458 974 eum
484 944 656 973 consulem
683 942 850 973 factm-um
868 943 963 983 polli-

261 992 424 1031 ceretur,’
454 994 517 1023 διο.
575 992 640 1024 Sed
672 993 725 1024 hic
751 993 962 1024 ‘Incitatus’

259 1050 321 1081 pro
353 1041 482 1080 auriga,
515 1051 578 1072 non
608 1052 695 1083 equo
725 1041 890 1083 ponitur‚)
928 1047 963 1073 et

258 1092 398 1123 Sueton.
413 1092 486 1122 Cal.
505 1101 580 1132 cap.
596 1096 648 1124 55.

301 1142 404 1173 EPtG.
422 1151 562 1173 Lxxvu.
588 1143 694 1174 Dolet
715 1144 837 1175 Carum
855 1143 961 1174 medi-

257 1200 333 1221 cum
348 1191 458 1221 subita
471 1191 572 1231 febri,
587 1202 685 1233 quem
700 1193 757 1223 diu
772 1193 960 1224 cruciatum

256 1240 429 1280 cupiebat,
442 1242 643 1274 extinctum.

302 1292 315 1319 l
345 1290 443 1330 Caro]
467 1291 617 1322 Medico.

297 1342 317 1370 2
342 1340 404 1371 Illa
419 1340 520 1380 πάγης]
544 1342 635 1373 Male
651 1341 735 1373 fecit
751 1341 867 1381 febris,
883 1352 956 1383 quae

254 1390 377 1420 leniter
392 1394 428 1421 et
443 1391 514 1421 sine
527 1401 628 1423 cruce
640 1393 777 1423 sustulit
793 1398 956 1423 tortorem

254 1439 436 1478 medicum,
460 1441 512 1472 cui
538 1444 765 1473 excruciando
784 1453 851 1474 non
872 1444 954 1474 satis

252 1490 374 1522 fuisset
392 1491 486 1522 unius
503 1498 679 1533 qnartanae
702 1494 791 1535 (qnae
809 1494 955 1524 medico-

253 1551 325 1571 rum
342 1542 560 1581 opprobtium
578 1548 642 1583 est,
669 1548 704 1575 et
720 1544 816 1584 eujus
841 1544 954 1574 mede-

251 1592 318 1622 lam
335 1592 509 1632 imperitus
534 1593 586 1624 hic
603 1594 754 1625 medicus
780 1593 954 1635 professus

252 1641 402 1683 videtur)
418 1644 566 1674 eculeus.

292 1695 312 1723 4
337 1693 410 1733 Illa]
437 1694 638 1725 Gruteruse
656 1694 815 1726 Mss.2·lle.
846 1694 953 1726 Carus

249 1751 384 1782 nempe,
400 1743 463 1774 sibi
479 1744 556 1784 ipsi.
581 1745 701 1775 Recte.

292 1793 397 1823 Epic.
417 1802 576 1825 Lxxvtn.
602 1794 756 1825 Macrum
774 1794 951 1834 Hispaniae

249 1848 284 1874 et
299 1844 478 1875 Dalmatiae
504 1846 646 1877 diversis
668 1848 763 1877 annis
781 1852 950 1878 rectorem

248 1894 377 1933 laudat,
393 1901 426 1925 et
451 1896 503 1926 liic
527 1897 668 1927 Salonas
695 1897 860 1928 coloniam
878 1896 952 1927 feli-

248 1953 321 1975 cem
340 1946 518 1985 praedicat,
535 1957 608 1987 quae
622 1947 776 1977 Macrum
789 1952 877 1978 esset
892 1947 949 1977 lia-

249 1993 362 2025 bitura
381 1995 593 2034 praefectum.

294 2046 308 2073 l
337 2044 456 2082 Macer,
487 2045 629 2085 Salonas]
674 2046 829 2076 Macrum
861 2046 948 2076 hunc

249 2093 425 2134 Hispaniae
446 2100 481 2126 et
500 2096 681 2126 Dalmatiae
695 2096 838 2126 diversis
854 2096 948 2126 annis

249 2143 427 2183 praefuisse
460 2147 588 2181 volunt,
628 2152 766 2186 propter
797 2147 947 2185 Salonas,

248 2204 322 2234 quae
340 2195 520 2227 Daltnatiae
534 2197 694 2237 oppidum
709 2202 772 2228 est.
795 2197 848 2227 De
862 2206 948 2237 prae·

247 2244 381 2275 fectum
405 2246 478 2286 ejus
502 2246 684 2278 Dalmatiae
708 2257 775 2278 non
803 2252 948 2286 constat,

248 2303 356 2335 neque
382 2297 493 2327 omnia
520 2297 575 2328 hic
605 2298 836 2329 conveniunt:
862 2308 948 2338 prae-

247 2342 348 2375 fuisse
366 2346 456 2376 illum
471 2347 648 2388 Hispaniae
666 2357 793 2378 summa
809 2358 883 2379 cum
900 2348 947 2378 in·

247 2396 411 2435 tegritate
430 2403 586 2437 apparet,
610 2399 728 2439 Epigr.
743 2401 796 2429 99.
822 2399 880 2430 lib.
896 2402 946 2429 12.

247 2445 383 2476 Poteris
416 2447 532 2489 itaque
563 2448 687 2488 legere,
715 2449 782 2480 Ibis
809 2449 948 2487 litorum,

247 2494 319 2534 [Sic
351 2496 486 2536 quidem
517 2507 716 2538 expressum
748 2498 853 2529 habet
883 2498 947 2530 Ed.

247 2545 509 2578 Schreveliana:
537 2548 625 2579 unde
643 2559 702 2580 nos
728 2549 759 2580 in
784 2549 860 2580 VV.
879 2550 946 2580 LL.

245 2594 294 2624 ita
312 2599 640 2636 repraesentavimus.
668 2600 753 2630 Haec
773 2600 867 2630 Nota
880 2609 944 2631 non

245 2643 452 2685 Solu-evelio,
464 2649 522 2679 sed
538 2649 703 2679 Farnabio
721 2650 877 2687 debetur,
890 2650 945 2690 qui

246 2695 364 2727 scribit
393 2698 545 2738 litoream,
577 2701 760 2730 rectissime
791 2710 871 2731 saue
902 2701 945 2731 ob

246 2748 401 2777 metrum.
446 2748 497 2778 Tu
514 2758 595 2788 ergo
617 2750 770 2780 mendam
790 2751 947 2790 corriges,

725 194 863 224 NoTAE
899 193 1158 223 VARIORL‘M
1209 193 1256 222 IN

1020 288 1185 318 benevole
1220 286 1370 326 Lecton]
1429 286 1549 323 Macer,
1591 285 1713 316 Salona.

1018 338 1154 368 Fluvius
1197 337 1372 376 Hispaniae
1413 337 1514 377 juxta
1552 335 1713 366 Bilbilim.

1019 388 1225 428 Epigramm.
1242 391 1293 418 50.
1312 387 1369 417 lib.
1389 390 1417 418 l.
1436 397 1523 418 vers.
1539 389 1591 417 12.
1615 391 1649 416 et
1666 387 1714 416 in-

1016 437 1079 476 fra,
1096 447 1184 469 vers.
1214 441 1243 469 8.
1275 439 1366 478 lege:
1400 437 1494 468 Hunc
1521 439 1592 475 mlo,
1614 438 1716 476 Cella,

1013 488 1128 528 gaudio
1141 488 1290 528 sequeris.

1058 542 1077 569 4
1103 539 1273 578 Pauperior
1302 537 1453 577 potestas]
1488 538 1713 578 Magistratus

1014 588 1190 619 continens
1203 593 1238 619 et
1251 588 1436 619 abstinens.

1057 643 1074 669 5
1099 639 1257 677 Auriferoe
1277 638 1384 678 terroe]
1413 638 1610 676 Dalmatiae,
1625 643 1714 670 teste

1014 690 1128 720 Plinio
1159 690 1217 720 lib.
1245 693 1298 721 33.
1325 699 1399 729 cap.
1428 692 1459 720 4.
1484 689 1584 721 Quod
1614 690 1640 720 si
1670 689 1712 720 de

1015 741 1182 781 Hispania
1207 740 1397 779 intelligere
1418 739 1525 778 malis,
1549 740 1622 780 quis
1647 749 1712 770 non

1014 791 1144 822 audivit
1160 790 1201 820 de
1218 791 1306 820 illius
1321 789 1540 820 aurifodinis?

1055 844 1075 872 6
1104 842 1201 871 Vacuo
1217 841 1286 871 sinu
1302 841 1456 880 remittes]
1474 840 1566 871 Nihil
1582 839 1712 879 praeda-

1014 898 1084 924 tum
1103 902 1120 923 e
1139 892 1325 932 provincia,
1349 892 1417 922 imo
1441 901 1574 922 suarum
1599 900 1711 921 rerum

1014 944 1201 974 inaniorem
1219 952 1402 974 reversum.

1056 997 1075 1024 ὅ
1103 993 1170 1024 Udo
1184 993 1345 1030 Dalmata,
1359 993 1430 1033 «ἐξ-α]
1455 992 1629 1032 Lacrymis
1641 1001 1711 1032 prae

1012 1042 1181 1073 desiderio
1204 1043 1312 1074 Macri
1329 1043 1485 1074 abeuntis
1502 1042 1618 1073 effusis
1634 1052 1711 1082 pro-

1011 1093 1174 1133 sequeriS.
1198 1093 1316 1133 Supra,
1334 1103 1418 1123 vers.
1435 1096 1465 1124 2.

1055 1146 1074 1173 9
1108 1143 1227 1175 Nos...
1243 1145 1323 1174 Cum
1359 1144 1521 1182 desiderio,
1552 1143 1619 1183 5512]
1665 1143 1710 1173 Et

1010 1201 1074 1232 ego
1090 1193 1232 1224 revisam
1251 1193 1471 1224 Celtiberiam
1486 1204 1590 1224 meatu
1608 1193 1640 1223 in
1659 1198 1711 1222 tu-

1009 1252 1060 1272 atn
1080 1243 1245 1282 gratiam:
1271 1244 1335 1282 vel,
1350 1253 1415 1274 non
1444 1244 1514 1273 sine
1541 1243 1710 1274 desiderio

1010 1293 1057 1323 tui
1078 1303 1177 1334 quein
1193 1293 1369 1323 habuimus
1388 1299 1578 1333 praetorem.

1052 1346 1089 1373 11
1114 1342 1174 1373 Sed
1198 1353 1391 1383 quaecunque,
1415 1344 1484 1383 lya]
1523 1343 1602 1380 Sed,
1622 1353 1710 1382 quae-

1007 1402 1138 1434 cunque
1169 1393 1323 1424 Carmina
1340 1394 1482 1425 scribam
1500 1394 1541 1424 ad
1563 1395 1708 1433 Tagum,

1006 1443 1038 1473 id
1057 1448 1122 1481 est,
1148 1443 1183 1474 in
1210 1445 1390 1483 Hispania,
1418 1444 1586 1474 sonabunt
1615 1450 1707 1474 tuum

1006 1503 1140 1524 nomen.
1189 1493 1274 1533 Illic]
1300 1495 1381 1533 Alii,
1398 1496 1495 1531 illinc,
1509 1501 1613 1525 recte.

1051 1547 1091 1574 16
1120 1545 1187 1575 Uno
1207 1547 1260 1576 sed
1283 1545 1353 1583 tibi,
1375 1544 1443 1584 byca]
1466 1545 1521 1575 Sic
1539 1545 1656 1584 Epigr.
1679 1549 1708 1575 5.

1006 1594 1064 1624 lib.
1079 1598 1108 1626 5.
1135 1604 1221 1625 vers.
1237 1598 1267 1625 6.
1294 1596 1381 1625 Vide
1399 1595 1515 1634 Epigr.
1532 1597 1584 1625 71.
1602 1595 1659 1624 lib.
1676 1598 1708 1626 2.

1050 1645 1159 1675 EPIG.
1187 1653 1316 1676 LXth.
1350 1645 1520 1675 Irridetur
1547 1655 1564 1674 a
1597 1644 1707 1675 Poeta

1007 1694 1175 1725 Otacilius
1192 1705 1335 1735 pauper,
1351 1695 1405 1736 qui
1422 1695 1643 1734 Torquatum,
1659 1695 1707 1726 di-

1007 1745 1107 1775 vitem
1126 1751 1160 1776 et
1177 1745 1405 1785 magnificum,
1419 1745 1645 1785 nequicquam
1662 1755 1706 1775 ει»,-

1005 1795 1209 1825 mulabatur.
1259 1796 1461 1832 Perstringit
1486 1795 1621 1825 interim
1639 1805 1708 1835 eos,

1006 1845 1075 1884 qni,
1092 1855 1167 1875 cnm
1184 1846 1249 1875 sint
1268 1846 1368 1886 longe
1385 1844 1575 1884 inferiores,
1591 1851 1704 1876 tamen

1004 1897 1217 1934 potentiores
1235 1895 1376 1926 student
1391 1905 1536 1936 aequare.

1048 1947 1063 1974 l
1093 1946 1248 1976 Proetoria
1276 1947 1431 1986 quartum]
1457 1946 1561 1976 vitias
1580 1946 1704 1987 magni-

1002 1994 1096 2033 ficas,
1108 1995 1149 2025 ad
1164 2001 1320 2036 quartum
1335 1996 1376 2025 ab
1393 1996 1486 2026 Urbe
1501 1997 1704 2027 milliarium.

1045 2047 1063 2074 3
1095 2045 1198 2083 Vario,
1214 2045 1281 2083 ἐγὼ]
1305 2045 1513 2084 Epigramm.
1531 2048 1584 2076 112.
1598 2046 1654 2076 lib.
1671 2048 1703 2077 6.

1002 2104 1088 2125 vers.
1104 2098 1155 2125 ll.
1173 2098 1223 2125 12.

1043 2148 1062 2175 4
1089 2145 1265 2184 Cucummn,
1285 2144 1352 2184 Sym]
1391 2146 1602 2176 Balneolum.
1637 2147 1703 2177 Cu-

1000 2205 1097 2226 cuma
1112 2200 1224 2226 antem
1241 2205 1298 2226 vas
1314 2201 1365 2226 est
1381 2196 1422 2226 ad
1438 2196 1702 2227 calefaciendam

1000 2255 1133 2286 aquam.

1043 2300 1060 2326 5
1086 2296 1271 2336 Daphnona,
1287 2297 1355 2336 Qu]
1382 2298 1581 2335 Lauretum,
1608 2297 1702 2327 locus

1000 2347 1094 2377 lauro
1126 2347 1246 2379 arbore
1275 2349 1447 2380 consitus:
1484 2347 1582 2387 δάφνη
1613 2349 1702 2379 enim

1000 2398 1112 2427 laurus
1129 2403 1193 2428 est.

1042 2450 1060 2478 7
1087 2448 1200 2478 Consul
1229 2449 1419 2489 Torquatus]
1457 2449 1626 2480 Gruterus
1657 2459 1699 2480 ex

1000 2497 1113 2527 Palat.
1131 2498 1213 2537 legit
1233 2499 1363 2530 Consule
1380 2500 1541 2540 Torquato,
1552 2503 1604 2540 ᾃε.
1629 2509 1699 2531 rec-

999 2553 1044 2578 te.
1097 2548 1332 2588 Viciszcit,‹3)·c.]
1355 2550 1429 2580 Vici
1443 2550 1577 2590 singuli,
1593 2550 1648 2590 qni
1665 2550 1697 2580 in

999 2596 1093 2627 Urbe
1111 2599 1185 2627 424.
1202 2598 1394 2629 habuerunt
1410 2599 1599 2639 magistros,
1612 2608 1695 2639 quos

998 2648 1217 2688 appellabant
1242 2649 1406 2680 'Viocuros
1431 2656 1465 2681 et
1490 2650 1698 2690 vicomagis-

1000 2705 1082 2729 trOS.

1040 2752 1059 2779 9
1086 2750 1223 2780 Grandis
1240 2754 1271 2780 ut
1286 2750 1521 2789 exign‹1m,‹}·c.]
1547 2751 1593 2780 Ex
1614 2761 1693 2791 apo-
