<?xml version="1.0" encoding="UTF-8"?>
<!DOCTYPE html PUBLIC "-//W3C//DTD XHTML 1.0 Transitional//EN"
    "http://www.w3.org/TR/xhtml1/DTD/xhtml1-transitional.dtd">
<html xmlns="http://www.w3.org/1999/xhtml" xml:lang="en" lang="en">
 <head>
  <title>
</title>
<meta http-equiv="Content-Type" content="text/html;charset=utf-8" />
  <meta name='ocr-system' content='tesseract 3.04.00' />
  <meta name='ocr-capabilities' content='ocr_page ocr_carea ocr_par ocr_line ocrx_word'/>
</head>
<body>
  <div class='ocr_page' id='page_1' title='image "./epigrammataexedi03martuoft_0361.png"; bbox 0 0 1866 3131; ppageno 0'>
   <div class='ocr_carea' id='block_1_1' title="bbox 371 158 563 187">
    <p class='ocr_par' dir='ltr' id='par_1_1' title="bbox 371 158 563 187">
     <span class='ocr_line' id='line_1_1' title="bbox 371 158 563 187; baseline 0.01 -2"><span class='ocrx_word' id='word_1_1' title='bbox 371 158 417 186; x_wconf 80' lang='lat' dir='ltr'>M.</span> <span class='ocrx_word' id='word_1_2' title='bbox 454 159 563 187; x_wconf 68' lang='lat' dir='ltr'>vm„</span> 
     </span>
    </p>
   </div>
   <div class='ocr_carea' id='block_1_2' title="bbox 112 240 822 2763">
    <p class='ocr_par' dir='ltr' id='par_1_2' title="bbox 120 240 820 323">
     <span class='ocr_line' id='line_1_2' title="bbox 121 240 820 281; baseline 0.001 -10"><span class='ocrx_word' id='word_1_3' title='bbox 121 242 309 281; x_wconf 83' lang='lat' dir='ltr'>potuerint,</span> <span class='ocrx_word' id='word_1_4' title='bbox 338 241 458 273; x_wconf 86' lang='lat' dir='ltr'>eadem</span> <span class='ocrx_word' id='word_1_5' title='bbox 487 241 625 281; x_wconf 82' lang='lat' dir='ltr'>facturi,</span> <span class='ocrx_word' id='word_1_6' title='bbox 651 242 754 273; x_wconf 78' lang='lat' dir='ltr'>odere</span> <span class='ocrx_word' id='word_1_7' title='bbox 774 240 820 272; x_wconf 84' lang='lat' dir='ltr'>fa-</span> 
     </span>
     <span class='ocr_line' id='line_1_3' title="bbox 120 291 293 323; baseline 0.006 -1"><span class='ocrx_word' id='word_1_8' title='bbox 120 291 293 323; x_wconf 88' lang='lat' dir='ltr'>cientcm.&#39;</span> 
     </span>
    </p>

    <p class='ocr_par' dir='ltr' id='par_1_3' title="bbox 112 343 822 1449">
     <span class='ocr_line' id='line_1_4' title="bbox 162 343 820 383; baseline 0.002 -11"><span class='ocrx_word' id='word_1_9' title='bbox 162 346 182 372; x_wconf 88' lang='lat'><strong>9</strong></span> <span class='ocrx_word' id='word_1_10' title='bbox 208 344 237 372; x_wconf 80' lang='lat'><strong>0</strong></span> <span class='ocrx_word' id='word_1_11' title='bbox 266 346 415 383; x_wconf 78' lang='lat' dir='ltr'>quantum</span> <span class='ocrx_word' id='word_1_12' title='bbox 444 343 595 383; x_wconf 73' lang='lat' dir='ltr'>diatreta]</span> <span class='ocrx_word' id='word_1_13' title='bbox 631 343 820 373; x_wconf 84' lang='lat' dir='ltr'>Scriverius</span> 
     </span>
     <span class='ocr_line' id='line_1_5' title="bbox 119 394 820 434; baseline 0 -10"><span class='ocrx_word' id='word_1_14' title='bbox 119 394 248 425; x_wconf 88' lang='lat' dir='ltr'>mavult</span> <span class='ocrx_word' id='word_1_15' title='bbox 284 395 436 425; x_wconf 78' lang='lat' dir='ltr'>diatheca.</span> <span class='ocrx_word' id='word_1_16' title='bbox 484 396 562 427; x_wconf 89' lang='lat' dir='ltr'>Non</span> <span class='ocrx_word' id='word_1_17' title='bbox 597 405 671 434; x_wconf 80' lang='lat' dir='ltr'>ego.</span> <span class='ocrx_word' id='word_1_18' title='bbox 719 394 820 425; x_wconf 86' lang='lat' dir='ltr'>Ridet</span> 
     </span>
     <span class='ocr_line' id='line_1_6' title="bbox 117 445 820 486; baseline 0.001 -11"><span class='ocrx_word' id='word_1_19' title='bbox 117 445 284 476; x_wconf 74' lang='lat' dir='ltr'>hominem</span> <span class='ocrx_word' id='word_1_20' title='bbox 308 450 466 486; x_wconf 84' lang='lat' dir='ltr'>tanquam</span> <span class='ocrx_word' id='word_1_21' title='bbox 498 451 742 477; x_wconf 77' lang='lat' dir='ltr'>ostentatorem</span> <span class='ocrx_word' id='word_1_22' title='bbox 771 455 820 476; x_wconf 84' lang='lat' dir='ltr'>re-</span> 
     </span>
     <span class='ocr_line' id='line_1_7' title="bbox 117 496 822 536; baseline 0.003 -11"><span class='ocrx_word' id='word_1_23' title='bbox 117 496 332 534; x_wconf 85' lang='lat' dir='ltr'>pentinarum</span> <span class='ocrx_word' id='word_1_24' title='bbox 352 496 559 527; x_wconf 86' lang='lat' dir='ltr'>divitiarum.</span> <span class='ocrx_word' id='word_1_25' title='bbox 608 497 707 528; x_wconf 86' lang='lat' dir='ltr'>Nunc</span> <span class='ocrx_word' id='word_1_26' title='bbox 724 496 822 536; x_wconf 84' lang='lat' dir='ltr'>bibit,</span> 
     </span>
     <span class='ocr_line' id='line_1_8' title="bbox 118 546 821 588; baseline 0.004 -13"><span class='ocrx_word' id='word_1_27' title='bbox 118 555 183 576; x_wconf 91' lang='lat' dir='ltr'>non</span> <span class='ocrx_word' id='word_1_28' title='bbox 201 546 289 587; x_wconf 88' lang='lat' dir='ltr'>quod</span> <span class='ocrx_word' id='word_1_29' title='bbox 306 547 412 585; x_wconf 83' lang='lat' dir='ltr'>sitiat,</span> <span class='ocrx_word' id='word_1_30' title='bbox 439 546 498 578; x_wconf 89' lang='lat' dir='ltr'>sed</span> <span class='ocrx_word' id='word_1_31' title='bbox 526 548 605 588; x_wconf 86' lang='lat' dir='ltr'>quia</span> <span class='ocrx_word' id='word_1_32' title='bbox 631 552 744 586; x_wconf 79' lang='lat' dir='ltr'>potest</span> <span class='ocrx_word' id='word_1_33' title='bbox 775 548 821 578; x_wconf 87' lang='lat' dir='ltr'>bi-</span> 
     </span>
     <span class='ocr_line' id='line_1_9' title="bbox 119 595 820 638; baseline 0.003 -12"><span class='ocrx_word' id='word_1_34' title='bbox 119 595 199 627; x_wconf 83' lang='lat' dir='ltr'>bere</span> <span class='ocrx_word' id='word_1_35' title='bbox 221 597 252 626; x_wconf 91' lang='lat' dir='ltr'>in</span> <span class='ocrx_word' id='word_1_36' title='bbox 270 597 434 636; x_wconf 83' lang='lat' dir='ltr'>diatretis‚</span> <span class='ocrx_word' id='word_1_37' title='bbox 454 603 490 628; x_wconf 88' lang='lat' dir='ltr'>et</span> <span class='ocrx_word' id='word_1_38' title='bbox 517 598 663 638; x_wconf 86' lang='lat' dir='ltr'>quinque</span> <span class='ocrx_word' id='word_1_39' title='bbox 680 598 820 628; x_wconf 83' lang='lat' dir='ltr'>comatis</span> 
     </span>
     <span class='ocr_line' id='line_1_10' title="bbox 116 646 820 689; baseline 0.003 -13"><span class='ocrx_word' id='word_1_40' title='bbox 116 646 278 677; x_wconf 81' lang='lat' dir='ltr'>ministris</span> <span class='ocrx_word' id='word_1_41' title='bbox 302 648 364 686; x_wconf 79' lang='lat' dir='ltr'>uti,</span> <span class='ocrx_word' id='word_1_42' title='bbox 387 648 441 689; x_wconf 90' lang='lat' dir='ltr'>qui</span> <span class='ocrx_word' id='word_1_43' title='bbox 469 652 504 679; x_wconf 88' lang='lat' dir='ltr'>et</span> <span class='ocrx_word' id='word_1_44' title='bbox 528 648 659 678; x_wconf 80' lang='lat' dir='ltr'>ebrium</span> <span class='ocrx_word' id='word_1_45' title='bbox 687 648 820 678; x_wconf 89' lang='lat' dir='ltr'>domum</span> 
     </span>
     <span class='ocr_line' id='line_1_11' title="bbox 117 696 822 730; baseline 0.004 -4"><span class='ocrx_word' id='word_1_46' title='bbox 117 696 305 728; x_wconf 85' lang='lat' dir='ltr'>reducant:</span> <span class='ocrx_word' id='word_1_47' title='bbox 330 702 368 729; x_wconf 90' lang='lat' dir='ltr'>ut</span> <span class='ocrx_word' id='word_1_48' title='bbox 384 698 495 729; x_wconf 84' lang='lat' dir='ltr'>sciant</span> <span class='ocrx_word' id='word_1_49' title='bbox 517 698 670 728; x_wconf 81' lang='lat' dir='ltr'>homines</span> <span class='ocrx_word' id='word_1_50' title='bbox 694 709 730 729; x_wconf 89' lang='lat' dir='ltr'>se</span> <span class='ocrx_word' id='word_1_51' title='bbox 755 699 822 730; x_wconf 80' lang='lat' dir='ltr'>ista</span> 
     </span>
     <span class='ocr_line' id='line_1_12' title="bbox 115 747 821 789; baseline 0.001 -11"><span class='ocrx_word' id='word_1_52' title='bbox 115 752 151 778; x_wconf 87' lang='lat' dir='ltr'>et</span> <span class='ocrx_word' id='word_1_53' title='bbox 167 748 224 777; x_wconf 85' lang='lat' dir='ltr'>hos</span> <span class='ocrx_word' id='word_1_54' title='bbox 240 747 376 778; x_wconf 87' lang='lat' dir='ltr'>habere.</span> <span class='ocrx_word' id='word_1_55' title='bbox 401 747 504 779; x_wconf 82' lang='lat' dir='ltr'>Gron.</span> <span class='ocrx_word' id='word_1_56' title='bbox 538 749 689 779; x_wconf 80' lang='lat' dir='ltr'>Diatreta</span> <span class='ocrx_word' id='word_1_57' title='bbox 704 749 821 789; x_wconf 78' lang='lat' dir='ltr'>valent]</span> 
     </span>
     <span class='ocr_line' id='line_1_13' title="bbox 116 800 821 840; baseline 0.001 -10"><span class='ocrx_word' id='word_1_58' title='bbox 116 800 249 830; x_wconf 82' lang='lat' dir='ltr'>Calices</span> <span class='ocrx_word' id='word_1_59' title='bbox 264 800 414 840; x_wconf 87' lang='lat' dir='ltr'>diatreti‚</span> <span class='ocrx_word' id='word_1_60' title='bbox 430 800 463 831; x_wconf 91' lang='lat' dir='ltr'>id</span> <span class='ocrx_word' id='word_1_61' title='bbox 475 806 540 836; x_wconf 88' lang='lat' dir='ltr'>est,</span> <span class='ocrx_word' id='word_1_62' title='bbox 556 802 684 832; x_wconf 84' lang='lat' dir='ltr'>tornati</span> <span class='ocrx_word' id='word_1_63' title='bbox 697 811 736 833; x_wconf 88' lang='lat' dir='ltr'>ac</span> <span class='ocrx_word' id='word_1_64' title='bbox 753 808 821 833; x_wconf 78' lang='lat' dir='ltr'>tes-</span> 
     </span>
     <span class='ocr_line' id='line_1_14' title="bbox 112 850 820 883; baseline 0.004 -3"><span class='ocrx_word' id='word_1_65' title='bbox 112 850 236 881; x_wconf 83' lang='lat' dir='ltr'>sellati.</span> <span class='ocrx_word' id='word_1_66' title='bbox 294 850 384 881; x_wconf 87' lang='lat' dir='ltr'>Vide</span> <span class='ocrx_word' id='word_1_67' title='bbox 409 852 560 883; x_wconf 82' lang='lat' dir='ltr'>&#39;l‘urneb.</span> <span class='ocrx_word' id='word_1_68' title='bbox 592 851 737 883; x_wconf 84' lang='lat' dir='ltr'>Advers.</span> <span class='ocrx_word' id='word_1_69' title='bbox 766 855 820 883; x_wconf 84' lang='lat'>27.</span> 
     </span>
     <span class='ocr_line' id='line_1_15' title="bbox 114 901 821 942; baseline 0.003 -11"><span class='ocrx_word' id='word_1_70' title='bbox 114 910 191 941; x_wconf 87' lang='lat' dir='ltr'>cap.</span> <span class='ocrx_word' id='word_1_71' title='bbox 208 903 261 932; x_wconf 83' lang='lat'>31.</span> <span class='ocrx_word' id='word_1_72' title='bbox 283 901 293 918; x_wconf 92' lang='lat'>‘</span> <span class='ocrx_word' id='word_1_73' title='bbox 310 902 476 932; x_wconf 86' lang='lat' dir='ltr'>Diatreti’</span> <span class='ocrx_word' id='word_1_74' title='bbox 491 912 571 942; x_wconf 76' lang='lat' dir='ltr'>ergo</span> <span class='ocrx_word' id='word_1_75' title='bbox 584 902 707 933; x_wconf 87' lang='lat' dir='ltr'>calices</span> <span class='ocrx_word' id='word_1_76' title='bbox 723 907 821 934; x_wconf 84' lang='lat' dir='ltr'>erant</span> 
     </span>
     <span class='ocr_line' id='line_1_16' title="bbox 116 952 821 994; baseline 0.004 -13"><span class='ocrx_word' id='word_1_77' title='bbox 116 952 230 991; x_wconf 84' lang='lat' dir='ltr'>vitrei,</span> <span class='ocrx_word' id='word_1_78' title='bbox 256 952 369 983; x_wconf 88' lang='lat' dir='ltr'>cavati</span> <span class='ocrx_word' id='word_1_79' title='bbox 395 952 641 994; x_wconf 85' lang='lat' dir='ltr'>perforatique,</span> <span class='ocrx_word' id='word_1_80' title='bbox 667 953 729 984; x_wconf 85' lang='lat' dir='ltr'>hoc</span> <span class='ocrx_word' id='word_1_81' title='bbox 758 958 821 993; x_wconf 76' lang='lat' dir='ltr'>est,</span> 
     </span>
     <span class='ocr_line' id='line_1_17' title="bbox 116 1003 819 1044; baseline 0.001 -11"><span class='ocrx_word' id='word_1_82' title='bbox 116 1003 254 1043; x_wconf 83' lang='lat' dir='ltr'>sculpti.</span> <span class='ocrx_word' id='word_1_83' title='bbox 286 1004 456 1043; x_wconf 79' lang='grc' dir='ltr'>Διατρῆσαι</span> <span class='ocrx_word' id='word_1_84' title='bbox 472 1004 560 1034; x_wconf 87' lang='lat' dir='ltr'>enim</span> <span class='ocrx_word' id='word_1_85' title='bbox 574 1009 628 1034; x_wconf 83' lang='lat' dir='ltr'>est</span> <span class='ocrx_word' id='word_1_86' title='bbox 645 1003 819 1044; x_wconf 88' lang='lat' dir='ltr'>perforare</span> 
     </span>
     <span class='ocr_line' id='line_1_18' title="bbox 113 1053 819 1095; baseline 0.004 -12"><span class='ocrx_word' id='word_1_87' title='bbox 113 1053 168 1084; x_wconf 89' lang='lat' dir='ltr'>vel</span> <span class='ocrx_word' id='word_1_88' title='bbox 182 1063 315 1091; x_wconf 86' lang='lat' dir='ltr'>cavare,</span> <span class='ocrx_word' id='word_1_89' title='bbox 332 1054 422 1095; x_wconf 88' lang='lat' dir='ltr'>quod</span> <span class='ocrx_word' id='word_1_90' title='bbox 449 1054 559 1085; x_wconf 87' lang='lat' dir='ltr'>Latini</span> <span class='ocrx_word' id='word_1_91' title='bbox 583 1055 742 1095; x_wconf 88' lang='lat' dir='ltr'>sculpere</span> <span class='ocrx_word' id='word_1_92' title='bbox 769 1055 819 1086; x_wconf 92' lang='lat' dir='ltr'>di·</span> 
     </span>
     <span class='ocr_line' id='line_1_19' title="bbox 115 1104 820 1145; baseline 0.003 -11"><span class='ocrx_word' id='word_1_93' title='bbox 115 1108 212 1134; x_wconf 86' lang='lat' dir='ltr'>cunt.</span> <span class='ocrx_word' id='word_1_94' title='bbox 258 1104 325 1137; x_wconf 83' lang='lat' dir='ltr'>Qui</span> <span class='ocrx_word' id='word_1_95' title='bbox 352 1104 441 1134; x_wconf 90' lang='lat' dir='ltr'>enim</span> <span class='ocrx_word' id='word_1_96' title='bbox 467 1113 616 1143; x_wconf 74' lang='lat' dir='ltr'>gemmas</span> <span class='ocrx_word' id='word_1_97' title='bbox 647 1105 820 1145; x_wconf 84' lang='lat' dir='ltr'>scalpunt,</span> 
     </span>
     <span class='ocr_line' id='line_1_20' title="bbox 115 1154 819 1195; baseline 0.003 -11"><span class='ocrx_word' id='word_1_98' title='bbox 115 1154 209 1194; x_wconf 85' lang='lat' dir='ltr'>quasi</span> <span class='ocrx_word' id='word_1_99' title='bbox 223 1154 383 1195; x_wconf 83' lang='lat' dir='ltr'>quosdam</span> <span class='ocrx_word' id='word_1_100' title='bbox 401 1154 513 1185; x_wconf 89' lang='lat' dir='ltr'>sulcos</span> <span class='ocrx_word' id='word_1_101' title='bbox 531 1154 562 1184; x_wconf 91' lang='lat' dir='ltr'>iu</span> <span class='ocrx_word' id='word_1_102' title='bbox 582 1154 620 1185; x_wconf 90' lang='lat' dir='ltr'>iis</span> <span class='ocrx_word' id='word_1_103' title='bbox 637 1161 760 1186; x_wconf 84' lang='lat' dir='ltr'>cavant</span> <span class='ocrx_word' id='word_1_104' title='bbox 782 1160 819 1187; x_wconf 89' lang='lat' dir='ltr'>et</span> 
     </span>
     <span class='ocr_line' id='line_1_21' title="bbox 113 1204 818 1245; baseline 0.004 -10"><span class='ocrx_word' id='word_1_105' title='bbox 113 1204 279 1236; x_wconf 83' lang='lat' dir='ltr'>foramina</span> <span class='ocrx_word' id='word_1_106' title='bbox 290 1207 376 1237; x_wconf 79' lang='lat' dir='ltr'>caelo</span> <span class='ocrx_word' id='word_1_107' title='bbox 389 1205 607 1245; x_wconf 79' lang='lat' dir='ltr'>imprimunt3</span> <span class='ocrx_word' id='word_1_108' title='bbox 631 1206 709 1237; x_wconf 87' lang='lat' dir='ltr'>inde</span> <span class='ocrx_word' id='word_1_109' title='bbox 719 1217 818 1238; x_wconf 87' lang='lat' dir='ltr'>cava-</span> 
     </span>
     <span class='ocr_line' id='line_1_22' title="bbox 115 1255 818 1297; baseline 0.004 -11"><span class='ocrx_word' id='word_1_110' title='bbox 115 1261 206 1287; x_wconf 86' lang='lat' dir='ltr'>tores</span> <span class='ocrx_word' id='word_1_111' title='bbox 242 1255 325 1286; x_wconf 89' lang='lat' dir='ltr'>dicti</span> <span class='ocrx_word' id='word_1_112' title='bbox 367 1265 574 1295; x_wconf 80' lang='lat' dir='ltr'>gemmarum</span> <span class='ocrx_word' id='word_1_113' title='bbox 618 1257 818 1297; x_wconf 84' lang='lat' dir='ltr'><strong>scalptores.</strong></span> 
     </span>
     <span class='ocr_line' id='line_1_23' title="bbox 114 1306 818 1347; baseline 0.003 -10"><span class='ocrx_word' id='word_1_114' title='bbox 114 1306 249 1338; x_wconf 75' lang='lat' dir='ltr'>Salmas.</span> <span class='ocrx_word' id='word_1_115' title='bbox 297 1307 439 1346; x_wconf 78' lang='lat' dir='ltr'><strong><em>Quinque</em></strong></span> <span class='ocrx_word' id='word_1_116' title='bbox 451 1307 579 1347; x_wconf 77' lang='lat' dir='ltr'>comati]</span> <span class='ocrx_word' id='word_1_117' title='bbox 605 1308 708 1338; x_wconf 89' lang='lat' dir='ltr'>Pueri</span> <span class='ocrx_word' id='word_1_118' title='bbox 721 1312 751 1339; x_wconf 82' lang='lat'>5.</span> <span class='ocrx_word' id='word_1_119' title='bbox 768 1318 818 1339; x_wconf 89' lang='lat' dir='ltr'>re-</span> 
     </span>
     <span class='ocr_line' id='line_1_24' title="bbox 114 1357 818 1398; baseline 0.004 -11"><span class='ocrx_word' id='word_1_120' title='bbox 114 1357 186 1388; x_wconf 90' lang='lat' dir='ltr'>licti</span> <span class='ocrx_word' id='word_1_121' title='bbox 202 1361 416 1388; x_wconf 84' lang='lat' dir='ltr'>testamento.</span> <span class='ocrx_word' id='word_1_122' title='bbox 465 1357 638 1398; x_wconf 80' lang='lat' dir='ltr'>Epigram.</span> <span class='ocrx_word' id='word_1_123' title='bbox 651 1360 704 1389; x_wconf 80' lang='lat'>73.</span> <span class='ocrx_word' id='word_1_124' title='bbox 718 1359 777 1390; x_wconf 86' lang='lat' dir='ltr'>lib.</span> <span class='ocrx_word' id='word_1_125' title='bbox 788 1362 818 1390; x_wconf 91' lang='lat'>1.</span> 
     </span>
     <span class='ocr_line' id='line_1_25' title="bbox 115 1407 555 1449; baseline -0.002 -10"><span class='ocrx_word' id='word_1_126' title='bbox 115 1413 149 1439; x_wconf 89' lang='lat' dir='ltr'>et</span> <span class='ocrx_word' id='word_1_127' title='bbox 167 1409 342 1449; x_wconf 80' lang='lat' dir='ltr'>Epigram.</span> <span class='ocrx_word' id='word_1_128' title='bbox 360 1411 412 1439; x_wconf 79' lang='lat'>73.</span> <span class='ocrx_word' id='word_1_129' title='bbox 430 1407 488 1438; x_wconf 89' lang='lat' dir='ltr'>lib.</span> <span class='ocrx_word' id='word_1_130' title='bbox 503 1410 555 1438; x_wconf 90' lang='lat'>10.</span> 
     </span>
    </p>

    <p class='ocr_par' dir='ltr' id='par_1_4' title="bbox 115 1458 819 1599">
     <span class='ocr_line' id='line_1_26' title="bbox 159 1458 819 1491; baseline 0 -1"><span class='ocrx_word' id='word_1_131' title='bbox 159 1459 261 1490; x_wconf 74' lang='lat' dir='ltr'>Eme.</span> <span class='ocrx_word' id='word_1_132' title='bbox 289 1466 405 1489; x_wconf 83' lang='lat' dir='ltr'>Lxxu.</span> <span class='ocrx_word' id='word_1_133' title='bbox 441 1458 630 1489; x_wconf 85' lang='lat' dir='ltr'>Pannicum</span> <span class='ocrx_word' id='word_1_134' title='bbox 657 1459 819 1491; x_wconf 85' lang='lat' dir='ltr'>caussidi·</span> 
     </span>
     <span class='ocr_line' id='line_1_27' title="bbox 115 1508 819 1551; baseline 0.003 -11"><span class='ocrx_word' id='word_1_135' title='bbox 115 1519 191 1540; x_wconf 87' lang='lat' dir='ltr'>cum</span> <span class='ocrx_word' id='word_1_136' title='bbox 220 1509 395 1540; x_wconf 86' lang='lat' dir='ltr'>fructuosa</span> <span class='ocrx_word' id='word_1_137' title='bbox 417 1508 551 1540; x_wconf 87' lang='lat' dir='ltr'>dicendi</span> <span class='ocrx_word' id='word_1_138' title='bbox 576 1514 650 1540; x_wconf 87' lang='lat' dir='ltr'>arte</span> <span class='ocrx_word' id='word_1_139' title='bbox 671 1509 819 1551; x_wconf 88' lang='lat' dir='ltr'>deserta,</span> 
     </span>
     <span class='ocr_line' id='line_1_28' title="bbox 115 1559 732 1599; baseline 0.003 -10"><span class='ocrx_word' id='word_1_140' title='bbox 115 1560 243 1599; x_wconf 78' lang='lat' dir='ltr'>agellos</span> <span class='ocrx_word' id='word_1_141' title='bbox 260 1565 428 1590; x_wconf 84' lang='lat' dir='ltr'>ementem</span> <span class='ocrx_word' id='word_1_142' title='bbox 443 1559 589 1597; x_wconf 86' lang='lat' dir='ltr'>steriles,</span> <span class='ocrx_word' id='word_1_143' title='bbox 602 1559 732 1591; x_wconf 83' lang='lat' dir='ltr'>irridet.</span> 
     </span>
    </p>

    <p class='ocr_par' dir='ltr' id='par_1_5' title="bbox 113 1611 818 1854">
     <span class='ocr_line' id='line_1_29' title="bbox 161 1611 818 1652; baseline 0.005 -11"><span class='ocrx_word' id='word_1_144' title='bbox 161 1615 173 1641; x_wconf 87' lang='lat'><em>1</em></span> <span class='ocrx_word' id='word_1_145' title='bbox 201 1611 304 1643; x_wconf 76' lang='lat' dir='ltr'>Busta</span> <span class='ocrx_word' id='word_1_146' title='bbox 328 1613 454 1643; x_wconf 73' lang='lat' dir='ltr'>latentis</span> <span class='ocrx_word' id='word_1_147' title='bbox 466 1612 577 1652; x_wconf 83' lang='lat' dir='ltr'>agelli]</span> <span class='ocrx_word' id='word_1_148' title='bbox 609 1613 719 1644; x_wconf 85' lang='lat' dir='ltr'>Busta</span> <span class='ocrx_word' id='word_1_149' title='bbox 736 1613 818 1645; x_wconf 85' lang='lat' dir='ltr'>Gal-</span> 
     </span>
     <span class='ocr_line' id='line_1_30' title="bbox 114 1661 818 1703; baseline 0.003 -12"><span class='ocrx_word' id='word_1_150' title='bbox 114 1661 194 1698; x_wconf 85' lang='lat' dir='ltr'>lica,</span> <span class='ocrx_word' id='word_1_151' title='bbox 213 1662 268 1691; x_wconf 82' lang='lat' dir='ltr'>ubi</span> <span class='ocrx_word' id='word_1_152' title='bbox 286 1661 378 1692; x_wconf 85' lang='lat' dir='ltr'>Galli</span> <span class='ocrx_word' id='word_1_153' title='bbox 406 1662 440 1692; x_wconf 88' lang='lat' dir='ltr'>in</span> <span class='ocrx_word' id='word_1_154' title='bbox 459 1662 594 1702; x_wconf 88' lang='lat' dir='ltr'>jacenti</span> <span class='ocrx_word' id='word_1_155' title='bbox 622 1668 657 1693; x_wconf 89' lang='lat' dir='ltr'>et</span> <span class='ocrx_word' id='word_1_156' title='bbox 684 1663 818 1703; x_wconf 81' lang='lat' dir='ltr'>‹lepres-</span> 
     </span>
     <span class='ocr_line' id='line_1_31' title="bbox 114 1713 817 1754; baseline 0.003 -11"><span class='ocrx_word' id='word_1_157' title='bbox 114 1713 192 1743; x_wconf 87' lang='lat' dir='ltr'>siori</span> <span class='ocrx_word' id='word_1_158' title='bbox 211 1713 301 1744; x_wconf 88' lang='lat' dir='ltr'>urbis</span> <span class='ocrx_word' id='word_1_159' title='bbox 328 1714 403 1744; x_wconf 90' lang='lat' dir='ltr'>loco</span> <span class='ocrx_word' id='word_1_160' title='bbox 420 1713 724 1752; x_wconf 79' lang='lat' dir='ltr'>castraliabentes‚</span> <span class='ocrx_word' id='word_1_161' title='bbox 743 1724 817 1754; x_wconf 85' lang='lat' dir='ltr'>pes-</span> 
     </span>
     <span class='ocr_line' id='line_1_32' title="bbox 114 1765 816 1803; baseline 0.006 -11"><span class='ocrx_word' id='word_1_162' title='bbox 114 1765 239 1793; x_wconf 78' lang='lat' dir='ltr'>tilitate</span> <span class='ocrx_word' id='word_1_163' title='bbox 258 1769 454 1803; x_wconf 74' lang='lat' dir='ltr'>pereuntes,</span> <span class='ocrx_word' id='word_1_164' title='bbox 471 1765 524 1795; x_wconf 86' lang='lat' dir='ltr'>vel</span> <span class='ocrx_word' id='word_1_165' title='bbox 540 1775 559 1795; x_wconf 86' lang='lat' dir='ltr'>a</span> <span class='ocrx_word' id='word_1_166' title='bbox 576 1766 720 1796; x_wconf 88' lang='lat' dir='ltr'>Camillo</span> <span class='ocrx_word' id='word_1_167' title='bbox 736 1766 816 1796; x_wconf 89' lang='lat' dir='ltr'>caesi</span> 
     </span>
     <span class='ocr_line' id='line_1_33' title="bbox 113 1815 516 1854; baseline 0.007 -11"><span class='ocrx_word' id='word_1_168' title='bbox 113 1815 384 1854; x_wconf 77' lang='lat' dir='ltr'>sepeliebantur.</span> <span class='ocrx_word' id='word_1_169' title='bbox 398 1815 470 1845; x_wconf 90' lang='lat' dir='ltr'>Liv.</span> <span class='ocrx_word' id='word_1_170' title='bbox 486 1818 516 1846; x_wconf 81' lang='lat'>5.</span> 
     </span>
    </p>

    <p class='ocr_par' dir='ltr' id='par_1_6' title="bbox 112 1864 817 2107">
     <span class='ocr_line' id='line_1_34' title="bbox 156 1864 815 1905; baseline 0.002 -10"><span class='ocrx_word' id='word_1_171' title='bbox 156 1867 174 1895; x_wconf 82' lang='lat'><strong>3</strong></span> <span class='ocrx_word' id='word_1_172' title='bbox 202 1865 329 1896; x_wconf 75' lang='lat' dir='ltr'>Deseris</span> <span class='ocrx_word' id='word_1_173' title='bbox 354 1865 496 1905; x_wconf 84' lang='lat' dir='ltr'>urbanas,</span> <span class='ocrx_word' id='word_1_174' title='bbox 520 1864 588 1905; x_wconf 61' lang='lat' dir='ltr'>dra]</span> <span class='ocrx_word' id='word_1_175' title='bbox 611 1866 751 1896; x_wconf 83' lang='lat' dir='ltr'>Deseris</span> <span class='ocrx_word' id='word_1_176' title='bbox 768 1865 815 1897; x_wconf 85' lang='lat' dir='ltr'>fo-</span> 
     </span>
     <span class='ocr_line' id='line_1_35' title="bbox 114 1914 817 1957; baseline 0.001 -11"><span class='ocrx_word' id='word_1_177' title='bbox 114 1925 187 1946; x_wconf 88' lang='lat' dir='ltr'>rum</span> <span class='ocrx_word' id='word_1_178' title='bbox 205 1922 238 1946; x_wconf 76' lang='lat' dir='ltr'>et</span> <span class='ocrx_word' id='word_1_179' title='bbox 252 1914 360 1946; x_wconf 83' lang='lat' dir='ltr'>officia</span> <span class='ocrx_word' id='word_1_180' title='bbox 373 1916 617 1955; x_wconf 89' lang='lat' dir='ltr'>urbana,unde</span> <span class='ocrx_word' id='word_1_181' title='bbox 631 1917 692 1947; x_wconf 78' lang='lat' dir='ltr'>tibi</span> <span class='ocrx_word' id='word_1_182' title='bbox 708 1917 817 1957; x_wconf 86' lang='lat' dir='ltr'>major</span> 
     </span>
     <span class='ocr_line' id='line_1_36' title="bbox 113 1966 817 2005; baseline 0.003 -10"><span class='ocrx_word' id='word_1_183' title='bbox 113 1971 313 2005; x_wconf 88' lang='lat' dir='ltr'>proventus,</span> <span class='ocrx_word' id='word_1_184' title='bbox 335 1966 547 1996; x_wconf 80' lang='lat' dir='ltr'>donariorum</span> <span class='ocrx_word' id='word_1_185' title='bbox 568 1966 701 1997; x_wconf 89' lang='lat' dir='ltr'>scilicet</span> <span class='ocrx_word' id='word_1_186' title='bbox 716 1966 779 1997; x_wconf 89' lang='lat' dir='ltr'>tibi</span> <span class='ocrx_word' id='word_1_187' title='bbox 797 1977 817 1997; x_wconf 90' lang='lat' dir='ltr'>a</span> 
     </span>
     <span class='ocr_line' id='line_1_37' title="bbox 112 2015 816 2056; baseline 0.003 -11"><span class='ocrx_word' id='word_1_188' title='bbox 112 2015 291 2047; x_wconf 82' lang='lat' dir='ltr'>clientibus</span> <span class='ocrx_word' id='word_1_189' title='bbox 311 2016 502 2052; x_wconf 85' lang='lat' dir='ltr'>missorum,</span> <span class='ocrx_word' id='word_1_190' title='bbox 521 2025 619 2056; x_wconf 89' lang='lat' dir='ltr'>quam</span> <span class='ocrx_word' id='word_1_191' title='bbox 637 2026 678 2047; x_wconf 86' lang='lat' dir='ltr'>ex</span> <span class='ocrx_word' id='word_1_192' title='bbox 694 2017 816 2055; x_wconf 80' lang='lat' dir='ltr'>sterili,</span> 
     </span>
     <span class='ocr_line' id='line_1_38' title="bbox 112 2071 567 2107; baseline 0.002 -10"><span class='ocrx_word' id='word_1_193' title='bbox 112 2076 212 2107; x_wconf 87' lang='lat' dir='ltr'>quem</span> <span class='ocrx_word' id='word_1_194' title='bbox 230 2071 402 2098; x_wconf 87' lang='lat' dir='ltr'>mercatus</span> <span class='ocrx_word' id='word_1_195' title='bbox 413 2076 462 2103; x_wconf 89' lang='lat' dir='ltr'>eS,</span> <span class='ocrx_word' id='word_1_196' title='bbox 475 2076 567 2107; x_wconf 88' lang='lat' dir='ltr'>agro.</span> 
     </span>
    </p>

    <p class='ocr_par' dir='ltr' id='par_1_7' title="bbox 112 2117 817 2763">
     <span class='ocr_line' id='line_1_39' title="bbox 155 2117 817 2158; baseline 0.002 -11"><span class='ocrx_word' id='word_1_197' title='bbox 155 2120 176 2147; x_wconf 91' lang='grc'>6</span> <span class='ocrx_word' id='word_1_198' title='bbox 205 2117 355 2157; x_wconf 84' lang='lat' dir='ltr'>Vendere]</span> <span class='ocrx_word' id='word_1_199' title='bbox 385 2117 432 2148; x_wconf 93' lang='lat' dir='ltr'>Ut</span> <span class='ocrx_word' id='word_1_200' title='bbox 458 2126 597 2158; x_wconf 86' lang='lat' dir='ltr'>quorum</span> <span class='ocrx_word' id='word_1_201' title='bbox 624 2117 684 2148; x_wconf 89' lang='lat' dir='ltr'>tibi</span> <span class='ocrx_word' id='word_1_202' title='bbox 712 2117 817 2148; x_wconf 88' lang='lat' dir='ltr'>abun-</span> 
     </span>
     <span class='ocr_line' id='line_1_40' title="bbox 113 2166 817 2207; baseline 0.003 -11"><span class='ocrx_word' id='word_1_203' title='bbox 113 2167 212 2197; x_wconf 84' lang='lat' dir='ltr'>daret</span> <span class='ocrx_word' id='word_1_204' title='bbox 225 2167 335 2207; x_wconf 87' lang='lat' dir='ltr'>copia,</span> <span class='ocrx_word' id='word_1_205' title='bbox 348 2166 425 2198; x_wconf 89' lang='lat' dir='ltr'>dum</span> <span class='ocrx_word' id='word_1_206' title='bbox 440 2167 547 2198; x_wconf 90' lang='lat' dir='ltr'>multa</span> <span class='ocrx_word' id='word_1_207' title='bbox 559 2167 620 2198; x_wconf 85' lang='lat' dir='ltr'>tibi</span> <span class='ocrx_word' id='word_1_208' title='bbox 638 2168 817 2199; x_wconf 81' lang='lat' dir='ltr'>mitterent</span> 
     </span>
     <span class='ocr_line' id='line_1_41' title="bbox 113 2217 814 2259; baseline 0.003 -13"><span class='ocrx_word' id='word_1_209' title='bbox 113 2222 330 2248; x_wconf 77' lang='lat' dir='ltr'>monumenta</span> <span class='ocrx_word' id='word_1_210' title='bbox 358 2217 514 2249; x_wconf 88' lang='lat' dir='ltr'>clientes.</span> <span class='ocrx_word' id='word_1_211' title='bbox 575 2218 814 2259; x_wconf 73' lang='lat' dir='ltr'>Pragmaticus]</span> 
     </span>
     <span class='ocr_line' id='line_1_42' title="bbox 114 2265 816 2309; baseline 0.004 -13"><span class='ocrx_word' id='word_1_212' title='bbox 114 2267 258 2299; x_wconf 87' lang='lat' dir='ltr'>Quando</span> <span class='ocrx_word' id='word_1_213' title='bbox 273 2265 365 2298; x_wconf 84' lang='lat' dir='ltr'>fuisti</span> <span class='ocrx_word' id='word_1_214' title='bbox 387 2266 614 2298; x_wconf 84' lang='lat' dir='ltr'>caussidicus:</span> <span class='ocrx_word' id='word_1_215' title='bbox 641 2268 693 2299; x_wconf 87' lang='lat' dir='ltr'>vel</span> <span class='ocrx_word' id='word_1_216' title='bbox 712 2269 816 2309; x_wconf 82' lang='lat' dir='ltr'>Prag-</span> 
     </span>
     <span class='ocr_line' id='line_1_43' title="bbox 112 2318 816 2358; baseline 0.004 -11"><span class='ocrx_word' id='word_1_217' title='bbox 112 2318 271 2356; x_wconf 87' lang='lat' dir='ltr'>maticus,</span> <span class='ocrx_word' id='word_1_218' title='bbox 283 2318 339 2358; x_wconf 89' lang='lat' dir='ltr'>qui</span> <span class='ocrx_word' id='word_1_219' title='bbox 351 2327 491 2357; x_wconf 81' lang='lat' dir='ltr'>operam</span> <span class='ocrx_word' id='word_1_220' title='bbox 504 2327 597 2348; x_wconf 88' lang='lat' dir='ltr'>suam</span> <span class='ocrx_word' id='word_1_221' title='bbox 609 2318 642 2348; x_wconf 86' lang='lat' dir='ltr'>in</span> <span class='ocrx_word' id='word_1_222' title='bbox 656 2319 768 2350; x_wconf 87' lang='lat' dir='ltr'>verbis</span> <span class='ocrx_word' id='word_1_223' title='bbox 779 2324 816 2350; x_wconf 85' lang='lat' dir='ltr'>et</span> 
     </span>
     <span class='ocr_line' id='line_1_44' title="bbox 112 2366 814 2408; baseline 0.004 -11"><span class='ocrx_word' id='word_1_224' title='bbox 112 2366 266 2397; x_wconf 84' lang='lat' dir='ltr'>formulis</span> <span class='ocrx_word' id='word_1_225' title='bbox 281 2368 371 2407; x_wconf 83' lang='lat' dir='ltr'>juris</span> <span class='ocrx_word' id='word_1_226' title='bbox 394 2369 616 2408; x_wconf 80' lang='lat' dir='ltr'>suggerendis</span> <span class='ocrx_word' id='word_1_227' title='bbox 636 2369 814 2400; x_wconf 77' lang='lat' dir='ltr'>subminis-</span> 
     </span>
     <span class='ocr_line' id='line_1_45' title="bbox 113 2417 814 2459; baseline 0.001 -11"><span class='ocrx_word' id='word_1_228' title='bbox 113 2423 201 2448; x_wconf 82' lang='lat' dir='ltr'>strat</span> <span class='ocrx_word' id='word_1_229' title='bbox 217 2417 422 2448; x_wconf 83' lang='lat' dir='ltr'>oratoribus.</span> <span class='ocrx_word' id='word_1_230' title='bbox 466 2417 497 2449; x_wconf 80' lang='lat' dir='ltr'>A</span> <span class='ocrx_word' id='word_1_231' title='bbox 515 2418 646 2449; x_wconf 70' lang='lat' dir='ltr'>Graecis</span> <span class='ocrx_word' id='word_1_232' title='bbox 663 2428 814 2459; x_wconf 83' lang='lat' dir='ltr'>sumpse-</span> 
     </span>
     <span class='ocr_line' id='line_1_46' title="bbox 113 2467 814 2508; baseline 0.001 -10"><span class='ocrx_word' id='word_1_233' title='bbox 113 2473 193 2498; x_wconf 88' lang='lat' dir='ltr'>runt</span> <span class='ocrx_word' id='word_1_234' title='bbox 207 2469 292 2498; x_wconf 78' lang='lat' dir='ltr'>lianc</span> <span class='ocrx_word' id='word_1_235' title='bbox 307 2467 505 2506; x_wconf 87' lang='lat' dir='ltr'>dictionem,</span> <span class='ocrx_word' id='word_1_236' title='bbox 521 2477 620 2508; x_wconf 86' lang='lat' dir='ltr'>qnam</span> <span class='ocrx_word' id='word_1_237' title='bbox 634 2478 693 2498; x_wconf 86' lang='lat' dir='ltr'>nos</span> <span class='ocrx_word' id='word_1_238' title='bbox 711 2470 814 2499; x_wconf 89' lang='lat' dir='ltr'>etiam</span> 
     </span>
     <span class='ocr_line' id='line_1_47' title="bbox 113 2518 814 2559; baseline 0.001 -9"><span class='ocrx_word' id='word_1_239' title='bbox 113 2518 259 2557; x_wconf 89' lang='lat' dir='ltr'>Gallice,</span> <span class='ocrx_word' id='word_1_240' title='bbox 282 2528 472 2559; x_wconf 81' lang='lat' dir='ltr'>quanquam</span> <span class='ocrx_word' id='word_1_241' title='bbox 487 2518 720 2559; x_wconf 66' lang='lat' dir='ltr'>fimet-sectam,</span> <span class='ocrx_word' id='word_1_242' title='bbox 734 2521 814 2551; x_wconf 88' lang='lat' dir='ltr'>reti-</span> 
     </span>
     <span class='ocr_line' id='line_1_48' title="bbox 113 2569 814 2611; baseline 0.003 -12"><span class='ocrx_word' id='word_1_243' title='bbox 113 2579 249 2599; x_wconf 85' lang='lat' dir='ltr'>nemus:</span> <span class='ocrx_word' id='word_1_244' title='bbox 275 2579 351 2599; x_wconf 86' lang='lat' dir='ltr'>nam</span> <span class='ocrx_word' id='word_1_245' title='bbox 373 2569 580 2608; x_wconf 71' lang='grc' dir='ltr'>πραγματικοὶ</span> <span class='ocrx_word' id='word_1_246' title='bbox 598 2570 733 2601; x_wconf 84' lang='lat' dir='ltr'>Graecis</span> <span class='ocrx_word' id='word_1_247' title='bbox 755 2580 814 2611; x_wconf 86' lang='lat' dir='ltr'>ap-</span> 
     </span>
     <span class='ocr_line' id='line_1_49' title="bbox 114 2621 814 2661; baseline 0.003 -11"><span class='ocrx_word' id='word_1_248' title='bbox 114 2621 301 2660; x_wconf 84' lang='lat' dir='ltr'>pellantur,</span> <span class='ocrx_word' id='word_1_249' title='bbox 327 2630 410 2661; x_wconf 88' lang='lat' dir='ltr'>quos</span> <span class='ocrx_word' id='word_1_250' title='bbox 437 2630 496 2651; x_wconf 85' lang='lat' dir='ltr'>nos</span> <span class='ocrx_word' id='word_1_251' title='bbox 515 2622 682 2661; x_wconf 80' lang='lat' dir='ltr'>practicus</span> <span class='ocrx_word' id='word_1_252' title='bbox 697 2623 814 2661; x_wconf 85' lang='lat' dir='ltr'>appel-</span> 
     </span>
     <span class='ocr_line' id='line_1_50' title="bbox 113 2671 812 2711; baseline 0.003 -11"><span class='ocrx_word' id='word_1_253' title='bbox 113 2671 234 2711; x_wconf 86' lang='lat' dir='ltr'>lamus,</span> <span class='ocrx_word' id='word_1_254' title='bbox 250 2671 450 2702; x_wconf 81' lang='lat' dir='ltr'>chartaceos</span> <span class='ocrx_word' id='word_1_255' title='bbox 478 2676 514 2702; x_wconf 90' lang='lat' dir='ltr'>et</span> <span class='ocrx_word' id='word_1_256' title='bbox 535 2672 730 2703; x_wconf 82' lang='lat' dir='ltr'>calamarios</span> <span class='ocrx_word' id='word_1_257' title='bbox 755 2673 812 2703; x_wconf 88' lang='lat' dir='ltr'>ho-</span> 
     </span>
     <span class='ocr_line' id='line_1_51' title="bbox 115 2722 814 2763; baseline 0.006 -13"><span class='ocrx_word' id='word_1_258' title='bbox 115 2722 232 2753; x_wconf 81' lang='lat' dir='ltr'>mines.</span> <span class='ocrx_word' id='word_1_259' title='bbox 276 2722 420 2754; x_wconf 83' lang='lat' dir='ltr'>Quintil.</span> <span class='ocrx_word' id='word_1_260' title='bbox 436 2727 550 2754; x_wconf 82' lang='lat' dir='ltr'>tamen</span> <span class='ocrx_word' id='word_1_261' title='bbox 568 2723 624 2754; x_wconf 82' lang='lat' dir='ltr'>lib.</span> <span class='ocrx_word' id='word_1_262' title='bbox 642 2726 672 2754; x_wconf 77' lang='lat'>⁶2.</span> <span class='ocrx_word' id='word_1_263' title='bbox 690 2732 767 2763; x_wconf 81' lang='lat' dir='ltr'>cap.</span> <span class='ocrx_word' id='word_1_264' title='bbox 782 2725 814 2754; x_wconf 79' lang='lat'>6.</span> 
     </span>
    </p>
   </div>
   <div class='ocr_carea' id='block_1_3' title="bbox 599 158 1325 190">
    <p class='ocr_par' dir='ltr' id='par_1_8' title="bbox 599 158 1325 190">
     <span class='ocr_line' id='line_1_52' title="bbox 599 158 1325 190; baseline 0.004 -3"><span class='ocrx_word' id='word_1_265' title='bbox 599 158 874 188; x_wconf 74' lang='lat' dir='ltr'>MAR&#39;rlALls</span> <span class='ocrx_word' id='word_1_266' title='bbox 912 159 1071 189; x_wconf 76' lang='lat' dir='ltr'>EPlGR.</span> <span class='ocrx_word' id='word_1_267' title='bbox 1110 161 1199 190; x_wconf 64' lang='grc' dir='ltr'>[ΑΒ.</span> <span class='ocrx_word' id='word_1_268' title='bbox 1235 162 1325 190; x_wconf 73' lang='lat' dir='ltr'>xil.</span> 
     </span>
    </p>
   </div>
   <div class='ocr_carea' id='block_1_4' title="bbox 1463 151 1571 193">
    <p class='ocr_par' dir='ltr' id='par_1_9' title="bbox 1463 151 1571 193">
     <span class='ocr_line' id='line_1_53' title="bbox 1463 151 1571 193; baseline 0 -2"><span class='ocrx_word' id='word_1_269' title='bbox 1463 151 1571 193; x_wconf 71' lang='lat'>1421</span> 
     </span>
    </p>
   </div>
   <div class='ocr_carea' id='block_1_5' title="bbox 865 243 1576 2765">
    <p class='ocr_par' dir='ltr' id='par_1_10' title="bbox 870 243 1575 386">
     <span class='ocr_line' id='line_1_54' title="bbox 870 243 1575 283; baseline 0.007 -11"><span class='ocrx_word' id='word_1_270' title='bbox 870 243 1100 283; x_wconf 77' lang='grc' dir='ltr'>πραγματικοὺς</span> <span class='ocrx_word' id='word_1_271' title='bbox 1114 244 1246 276; x_wconf 72' lang='lat' dir='ltr'>Gru‘cis</span> <span class='ocrx_word' id='word_1_272' title='bbox 1263 246 1375 277; x_wconf 77' lang='lat' dir='ltr'>vocari</span> <span class='ocrx_word' id='word_1_273' title='bbox 1398 247 1406 262; x_wconf 95' lang='lat'>‘</span> <span class='ocrx_word' id='word_1_274' title='bbox 1417 246 1509 278; x_wconf 76' lang='lat' dir='ltr'>Juris</span> <span class='ocrx_word' id='word_1_275' title='bbox 1526 247 1575 277; x_wconf 87' lang='lat' dir='ltr'>in-</span> 
     </span>
     <span class='ocr_line' id='line_1_55' title="bbox 871 293 1571 333; baseline 0.009 -11"><span class='ocrx_word' id='word_1_276' title='bbox 871 293 1061 333; x_wconf 82' lang='lat' dir='ltr'>terpretes’</span> <span class='ocrx_word' id='word_1_277' title='bbox 1087 295 1183 327; x_wconf 82' lang='lat' dir='ltr'>dicit.</span> <span class='ocrx_word' id='word_1_278' title='bbox 1207 296 1341 327; x_wconf 75' lang='lat' dir='ltr'>Herald.</span> <span class='ocrx_word' id='word_1_279' title='bbox 1387 297 1480 327; x_wconf 82' lang='lat' dir='ltr'>Nunc</span> <span class='ocrx_word' id='word_1_280' title='bbox 1495 298 1571 328; x_wconf 74' lang='lat' dir='ltr'>emis</span> 
     </span>
     <span class='ocr_line' id='line_1_56' title="bbox 870 345 1529 386; baseline 0.006 -12"><span class='ocrx_word' id='word_1_281' title='bbox 870 345 1023 385; x_wconf 74' lang='lat' dir='ltr'>agricola]</span> <span class='ocrx_word' id='word_1_282' title='bbox 1043 345 1192 385; x_wconf 77' lang='lat' dir='ltr'>Propter</span> <span class='ocrx_word' id='word_1_283' title='bbox 1209 348 1281 386; x_wconf 72' lang='lat' dir='ltr'>agri</span> <span class='ocrx_word' id='word_1_284' title='bbox 1300 347 1529 378; x_wconf 74' lang='lat' dir='ltr'>sterilitatem.</span> 
     </span>
    </p>

    <p class='ocr_par' dir='ltr' id='par_1_11' title="bbox 872 396 1576 640">
     <span class='ocr_line' id='line_1_57' title="bbox 915 396 1575 439; baseline 0.005 -14"><span class='ocrx_word' id='word_1_285' title='bbox 915 396 1166 426; x_wconf 78' lang='lat' dir='ltr'>EPIG.1,xxn¹.</span> <span class='ocrx_word' id='word_1_286' title='bbox 1182 400 1201 427; x_wconf 81' lang='lat'><strong>2</strong></span> <span class='ocrx_word' id='word_1_287' title='bbox 1227 398 1301 428; x_wconf 79' lang='lat' dir='ltr'>Nisi</span> <span class='ocrx_word' id='word_1_288' title='bbox 1312 398 1426 436; x_wconf 75' lang='lat' dir='ltr'>legero,</span> <span class='ocrx_word' id='word_1_289' title='bbox 1439 397 1575 439; x_wconf 71' lang='lat' dir='ltr'>Catulle]</span> 
     </span>
     <span class='ocr_line' id='line_1_58' title="bbox 874 445 1576 489; baseline 0.006 -13"><span class='ocrx_word' id='word_1_290' title='bbox 874 445 948 477; x_wconf 83' lang='lat' dir='ltr'>Nisi</span> <span class='ocrx_word' id='word_1_291' title='bbox 962 455 1127 486; x_wconf 83' lang='lat' dir='ltr'>accepero</span> <span class='ocrx_word' id='word_1_292' title='bbox 1143 447 1394 480; x_wconf 62' lang='lat' dir='ltr'>haereditatem.</span> <span class='ocrx_word' id='word_1_293' title='bbox 1422 449 1500 489; x_wconf 90' lang='lat' dir='ltr'>Vel,</span> <span class='ocrx_word' id='word_1_294' title='bbox 1514 450 1576 480; x_wconf 71' lang='lat' dir='ltr'>nisi</span> 
     </span>
     <span class='ocr_line' id='line_1_59' title="bbox 872 496 1574 540; baseline 0.006 -14"><span class='ocrx_word' id='word_1_295' title='bbox 872 496 962 527; x_wconf 81' lang='lat' dir='ltr'>lecto</span> <span class='ocrx_word' id='word_1_296' title='bbox 981 501 1185 528; x_wconf 82' lang='lat' dir='ltr'>testamento</span> <span class='ocrx_word' id='word_1_297' title='bbox 1201 497 1307 538; x_wconf 81' lang='lat' dir='ltr'>(quod</span> <span class='ocrx_word' id='word_1_298' title='bbox 1326 499 1519 540; x_wconf 85' lang='lat' dir='ltr'>priusquam</span> <span class='ocrx_word' id='word_1_299' title='bbox 1539 505 1574 530; x_wconf 89' lang='lat' dir='ltr'>tu</span> 
     </span>
     <span class='ocr_line' id='line_1_60' title="bbox 872 546 1574 590; baseline 0.007 -14"><span class='ocrx_word' id='word_1_300' title='bbox 872 552 1023 577; x_wconf 84' lang='lat' dir='ltr'>mortuus</span> <span class='ocrx_word' id='word_1_301' title='bbox 1044 546 1148 577; x_wconf 77' lang='lat' dir='ltr'>fueris</span> <span class='ocrx_word' id='word_1_302' title='bbox 1166 557 1230 578; x_wconf 93' lang='lat' dir='ltr'>non</span> <span class='ocrx_word' id='word_1_303' title='bbox 1247 549 1379 590; x_wconf 72' lang='lat' dir='ltr'>licebit)</span> <span class='ocrx_word' id='word_1_304' title='bbox 1404 551 1574 590; x_wconf 78' lang='lat' dir='ltr'>praestite-</span> 
     </span>
     <span class='ocr_line' id='line_1_61' title="bbox 873 597 1557 640; baseline 0.009 -14"><span class='ocrx_word' id='word_1_305' title='bbox 873 597 915 626; x_wconf 78' lang='lat' dir='ltr'>ris</span> <span class='ocrx_word' id='word_1_306' title='bbox 934 597 1055 628; x_wconf 80' lang='lat' dir='ltr'>fldem:</span> <span class='ocrx_word' id='word_1_307' title='bbox 1082 607 1213 629; x_wconf 83' lang='lat' dir='ltr'>morere</span> <span class='ocrx_word' id='word_1_308' title='bbox 1230 599 1344 640; x_wconf 86' lang='lat' dir='ltr'>itaque</span> <span class='ocrx_word' id='word_1_309' title='bbox 1359 605 1395 631; x_wconf 91' lang='lat' dir='ltr'>ut</span> <span class='ocrx_word' id='word_1_310' title='bbox 1406 601 1557 632; x_wconf 85' lang='lat' dir='ltr'>credam.</span> 
     </span>
    </p>

    <p class='ocr_par' dir='ltr' id='par_1_12' title="bbox 871 648 1575 943">
     <span class='ocr_line' id='line_1_62' title="bbox 916 648 1574 690; baseline 0.006 -12"><span class='ocrx_word' id='word_1_311' title='bbox 916 648 1022 679; x_wconf 74' lang='lat' dir='ltr'>Eme.</span> <span class='ocrx_word' id='word_1_312' title='bbox 1035 657 1158 680; x_wconf 75' lang='lat' dir='ltr'>Lxxrv.</span> <span class='ocrx_word' id='word_1_313' title='bbox 1183 648 1375 690; x_wconf 87' lang='lat' dir='ltr'>Auteponit</span> <span class='ocrx_word' id='word_1_314' title='bbox 1389 660 1483 681; x_wconf 88' lang='lat' dir='ltr'>usum</span> <span class='ocrx_word' id='word_1_315' title='bbox 1494 652 1574 682; x_wconf 80' lang='lat' dir='ltr'>cali-</span> 
     </span>
     <span class='ocr_line' id='line_1_63' title="bbox 872 698 1575 737; baseline 0.006 -8"><span class='ocrx_word' id='word_1_316' title='bbox 872 708 948 729; x_wconf 88' lang='lat' dir='ltr'>cum</span> <span class='ocrx_word' id='word_1_317' title='bbox 978 698 1149 737; x_wconf 87' lang='lat' dir='ltr'>fictilium‚</span> <span class='ocrx_word' id='word_1_318' title='bbox 1179 700 1343 731; x_wconf 89' lang='lat' dir='ltr'>calicibus</span> <span class='ocrx_word' id='word_1_319' title='bbox 1380 701 1498 732; x_wconf 89' lang='lat' dir='ltr'>vitreis</span> <span class='ocrx_word' id='word_1_320' title='bbox 1539 707 1575 733; x_wconf 88' lang='lat' dir='ltr'>et</span> 
     </span>
     <span class='ocr_line' id='line_1_64' title="bbox 871 749 1574 792; baseline 0.006 -14"><span class='ocrx_word' id='word_1_321' title='bbox 871 749 1078 789; x_wconf 71' lang='lat' dir='ltr'>crystallinis</span> <span class='ocrx_word' id='word_1_322' title='bbox 1095 760 1138 781; x_wconf 84' lang='lat' dir='ltr'>ex</span> <span class='ocrx_word' id='word_1_323' title='bbox 1160 750 1311 791; x_wconf 81' lang='lat' dir='ltr'>AEgypto</span> <span class='ocrx_word' id='word_1_324' title='bbox 1335 750 1459 791; x_wconf 90' lang='lat' dir='ltr'>allatis,</span> <span class='ocrx_word' id='word_1_325' title='bbox 1474 761 1574 792; x_wconf 83' lang='lat' dir='ltr'>prop-</span> 
     </span>
     <span class='ocr_line' id='line_1_65' title="bbox 872 801 1574 844; baseline 0.006 -14"><span class='ocrx_word' id='word_1_326' title='bbox 872 805 925 830; x_wconf 90' lang='lat' dir='ltr'>ter</span> <span class='ocrx_word' id='word_1_327' title='bbox 943 809 1036 831; x_wconf 89' lang='lat' dir='ltr'>usum</span> <span class='ocrx_word' id='word_1_328' title='bbox 1047 805 1082 831; x_wconf 90' lang='lat' dir='ltr'>et</span> <span class='ocrx_word' id='word_1_329' title='bbox 1095 801 1242 841; x_wconf 90' lang='lat' dir='ltr'>pretium</span> <span class='ocrx_word' id='word_1_330' title='bbox 1254 801 1352 832; x_wconf 90' lang='lat' dir='ltr'>vilius</span> <span class='ocrx_word' id='word_1_331' title='bbox 1364 812 1374 841; x_wconf 87' lang='lat'>;</span> <span class='ocrx_word' id='word_1_332' title='bbox 1397 803 1574 844; x_wconf 83' lang='lat' dir='ltr'>minusque</span> 
     </span>
     <span class='ocr_line' id='line_1_66' title="bbox 871 850 1575 893; baseline 0.004 -13"><span class='ocrx_word' id='word_1_333' title='bbox 871 850 1118 881; x_wconf 85' lang='lat' dir='ltr'>incommodum</span> <span class='ocrx_word' id='word_1_334' title='bbox 1137 852 1164 882; x_wconf 90' lang='lat' dir='ltr'>si</span> <span class='ocrx_word' id='word_1_335' title='bbox 1189 850 1390 893; x_wconf 85' lang='lat' dir='ltr'>frangantur</span> <span class='ocrx_word' id='word_1_336' title='bbox 1413 858 1473 883; x_wconf 87' lang='lat' dir='ltr'>aut</span> <span class='ocrx_word' id='word_1_337' title='bbox 1488 852 1575 884; x_wconf 86' lang='lat' dir='ltr'>fran-</span> 
     </span>
     <span class='ocr_line' id='line_1_67' title="bbox 871 902 1176 943; baseline 0.003 -11"><span class='ocrx_word' id='word_1_338' title='bbox 871 902 974 943; x_wconf 86' lang='lat' dir='ltr'>gendi</span> <span class='ocrx_word' id='word_1_339' title='bbox 991 903 1069 934; x_wconf 83' lang='lat' dir='ltr'>sint.</span> <span class='ocrx_word' id='word_1_340' title='bbox 1093 903 1176 933; x_wconf 87' lang='lat' dir='ltr'>Rad.</span> 
     </span>
    </p>

    <p class='ocr_par' dir='ltr' id='par_1_13' title="bbox 866 953 1575 2355">
     <span class='ocr_line' id='line_1_68' title="bbox 915 953 1573 996; baseline 0.006 -13"><span class='ocrx_word' id='word_1_341' title='bbox 915 955 930 983; x_wconf 88' lang='lat' dir='ltr'><strong>l</strong></span> <span class='ocrx_word' id='word_1_342' title='bbox 973 953 1116 985; x_wconf 78' lang='lat' dir='ltr'>Niliacus</span> <span class='ocrx_word' id='word_1_343' title='bbox 1149 953 1269 994; x_wconf 79' lang='lat' dir='ltr'>portet]</span> <span class='ocrx_word' id='word_1_344' title='bbox 1325 955 1377 985; x_wconf 84' lang='lat' dir='ltr'>Ex</span> <span class='ocrx_word' id='word_1_345' title='bbox 1410 953 1573 996; x_wconf 84' lang='lat' dir='ltr'>AEgypto.</span> 
     </span>
     <span class='ocr_line' id='line_1_69' title="bbox 872 1003 1574 1046; baseline 0.004 -13"><span class='ocrx_word' id='word_1_346' title='bbox 872 1003 1045 1043; x_wconf 76' lang='lat' dir='ltr'>crystalla]</span> <span class='ocrx_word' id='word_1_347' title='bbox 1068 1004 1200 1035; x_wconf 85' lang='lat' dir='ltr'>Calices</span> <span class='ocrx_word' id='word_1_348' title='bbox 1217 1004 1346 1036; x_wconf 88' lang='lat' dir='ltr'>vitreos</span> <span class='ocrx_word' id='word_1_349' title='bbox 1368 1009 1405 1036; x_wconf 88' lang='lat' dir='ltr'>et</span> <span class='ocrx_word' id='word_1_350' title='bbox 1431 1007 1574 1046; x_wconf 80' lang='lat' dir='ltr'>crystal-</span> 
     </span>
     <span class='ocr_line' id='line_1_70' title="bbox 868 1053 1575 1097; baseline 0.006 -14"><span class='ocrx_word' id='word_1_351' title='bbox 868 1053 966 1084; x_wconf 89' lang='lat' dir='ltr'>linos.</span> <span class='ocrx_word' id='word_1_352' title='bbox 1014 1054 1179 1094; x_wconf 78' lang='lat' dir='ltr'>Cataplus]</span> <span class='ocrx_word' id='word_1_353' title='bbox 1198 1055 1380 1095; x_wconf 84' lang='lat' dir='ltr'>Navigatio</span> <span class='ocrx_word' id='word_1_354' title='bbox 1392 1059 1427 1086; x_wconf 91' lang='lat' dir='ltr'>et</span> <span class='ocrx_word' id='word_1_355' title='bbox 1439 1056 1575 1097; x_wconf 85' lang='lat' dir='ltr'>navigia</span> 
     </span>
     <span class='ocr_line' id='line_1_71' title="bbox 868 1104 1574 1145; baseline 0.004 -11"><span class='ocrx_word' id='word_1_356' title='bbox 868 1104 1117 1144; x_wconf 82' lang='lat' dir='ltr'>AEgyptiorum.</span> <span class='ocrx_word' id='word_1_357' title='bbox 1164 1105 1215 1135; x_wconf 85' lang='lat' dir='ltr'>Ex</span> <span class='ocrx_word' id='word_1_358' title='bbox 1228 1105 1376 1145; x_wconf 84' lang='lat' dir='ltr'>AEgypto</span> <span class='ocrx_word' id='word_1_359' title='bbox 1389 1114 1470 1136; x_wconf 89' lang='lat' dir='ltr'>vero</span> <span class='ocrx_word' id='word_1_360' title='bbox 1487 1115 1574 1137; x_wconf 87' lang='lat' dir='ltr'>mer-</span> 
     </span>
     <span class='ocr_line' id='line_1_72' title="bbox 867 1154 1574 1194; baseline 0.004 -10"><span class='ocrx_word' id='word_1_361' title='bbox 867 1163 924 1184; x_wconf 88' lang='lat' dir='ltr'>ces</span> <span class='ocrx_word' id='word_1_362' title='bbox 942 1154 1015 1184; x_wconf 83' lang='lat' dir='ltr'>istae</span> <span class='ocrx_word' id='word_1_363' title='bbox 1033 1154 1160 1185; x_wconf 82' lang='lat' dir='ltr'>allatae.</span> <span class='ocrx_word' id='word_1_364' title='bbox 1206 1154 1325 1194; x_wconf 87' lang='lat' dir='ltr'>Epigr.</span> <span class='ocrx_word' id='word_1_365' title='bbox 1354 1157 1427 1187; x_wconf 89' lang='lat'>115.</span> <span class='ocrx_word' id='word_1_366' title='bbox 1448 1156 1505 1187; x_wconf 93' lang='lat' dir='ltr'>lib.</span> <span class='ocrx_word' id='word_1_367' title='bbox 1522 1159 1574 1187; x_wconf 81' lang='lat'>14.</span> 
     </span>
     <span class='ocr_line' id='line_1_73' title="bbox 869 1205 1575 1246; baseline 0.006 -11"><span class='ocrx_word' id='word_1_368' title='bbox 869 1205 1038 1245; x_wconf 83' lang='lat' dir='ltr'>Crystalla</span> <span class='ocrx_word' id='word_1_369' title='bbox 1049 1206 1112 1236; x_wconf 82' lang='lat' dir='ltr'>ista</span> <span class='ocrx_word' id='word_1_370' title='bbox 1125 1215 1198 1246; x_wconf 84' lang='lat' dir='ltr'>quae</span> <span class='ocrx_word' id='word_1_371' title='bbox 1211 1205 1457 1238; x_wconf 81' lang='lat' dir='ltr'>adferebantur</span> <span class='ocrx_word' id='word_1_372' title='bbox 1471 1207 1575 1239; x_wconf 86' lang='lat' dir='ltr'>Alex-</span> 
     </span>
     <span class='ocr_line' id='line_1_74' title="bbox 868 1254 1569 1298; baseline 0.004 -13"><span class='ocrx_word' id='word_1_373' title='bbox 868 1255 1008 1286; x_wconf 84' lang='lat' dir='ltr'>andrino</span> <span class='ocrx_word' id='word_1_374' title='bbox 1024 1256 1254 1295; x_wconf 88' lang='lat' dir='ltr'>Cataplo,non</span> <span class='ocrx_word' id='word_1_375' title='bbox 1269 1254 1363 1287; x_wconf 85' lang='lat' dir='ltr'>fuere</span> <span class='ocrx_word' id='word_1_376' title='bbox 1378 1266 1457 1287; x_wconf 88' lang='lat' dir='ltr'>vera</span> <span class='ocrx_word' id='word_1_377' title='bbox 1467 1257 1569 1298; x_wconf 86' lang='lat' dir='ltr'>Crys-</span> 
     </span>
     <span class='ocr_line' id='line_1_75' title="bbox 870 1305 1573 1348; baseline 0.003 -11"><span class='ocrx_word' id='word_1_378' title='bbox 870 1306 963 1344; x_wconf 85' lang='lat' dir='ltr'>talla,</span> <span class='ocrx_word' id='word_1_379' title='bbox 990 1305 1050 1336; x_wconf 82' lang='lat' dir='ltr'>sed</span> <span class='ocrx_word' id='word_1_380' title='bbox 1081 1307 1354 1346; x_wconf 80' lang='grc' dir='ltr'>κρυσταλλοφανῆ,</span> <span class='ocrx_word' id='word_1_381' title='bbox 1386 1316 1446 1337; x_wconf 85' lang='lat' dir='ltr'>seu</span> <span class='ocrx_word' id='word_1_382' title='bbox 1474 1309 1573 1348; x_wconf 86' lang='lat' dir='ltr'>vitra,</span> 
     </span>
     <span class='ocr_line' id='line_1_76' title="bbox 868 1356 1558 1399; baseline 0.001 -11"><span class='ocrx_word' id='word_1_383' title='bbox 868 1357 1022 1398; x_wconf 79' lang='lat' dir='ltr'>crystalli</span> <span class='ocrx_word' id='word_1_384' title='bbox 1039 1357 1270 1394; x_wconf 83' lang='lat' dir='ltr'>similitudine,</span> <span class='ocrx_word' id='word_1_385' title='bbox 1285 1367 1361 1399; x_wconf 87' lang='lat' dir='ltr'>quae</span> <span class='ocrx_word' id='word_1_386' title='bbox 1378 1357 1412 1388; x_wconf 90' lang='lat' dir='ltr'>in</span> <span class='ocrx_word' id='word_1_387' title='bbox 1425 1356 1558 1389; x_wconf 71' lang='lat' dir='ltr'>Alexan</span> 
     </span>
     <span class='ocr_line' id='line_1_77' title="bbox 869 1408 1574 1451; baseline 0.006 -12"><span class='ocrx_word' id='word_1_388' title='bbox 869 1408 941 1440; x_wconf 88' lang='lat' dir='ltr'>dria</span> <span class='ocrx_word' id='word_1_389' title='bbox 956 1409 1239 1450; x_wconf 83' lang='lat' dir='ltr'>conficiebantur,</span> <span class='ocrx_word' id='word_1_390' title='bbox 1264 1415 1300 1442; x_wconf 87' lang='lat' dir='ltr'>et</span> <span class='ocrx_word' id='word_1_391' title='bbox 1326 1420 1448 1451; x_wconf 88' lang='lat' dir='ltr'>magno</span> <span class='ocrx_word' id='word_1_392' title='bbox 1474 1416 1574 1443; x_wconf 87' lang='lat' dir='ltr'>erant</span> 
     </span>
     <span class='ocr_line' id='line_1_78' title="bbox 868 1459 1574 1502; baseline 0.004 -13"><span class='ocrx_word' id='word_1_393' title='bbox 868 1459 903 1490; x_wconf 90' lang='lat' dir='ltr'>in</span> <span class='ocrx_word' id='word_1_394' title='bbox 933 1460 1053 1500; x_wconf 86' lang='lat' dir='ltr'>pretio.</span> <span class='ocrx_word' id='word_1_395' title='bbox 1110 1459 1159 1492; x_wconf 87' lang='lat' dir='ltr'>At</span> <span class='ocrx_word' id='word_1_396' title='bbox 1189 1470 1266 1502; x_wconf 69' lang='lat' dir='ltr'>qum</span> <span class='ocrx_word' id='word_1_397' title='bbox 1296 1462 1412 1492; x_wconf 89' lang='lat' dir='ltr'>Romae</span> <span class='ocrx_word' id='word_1_398' title='bbox 1445 1460 1574 1493; x_wconf 86' lang='lat' dir='ltr'>fiebant</span> 
     </span>
     <span class='ocr_line' id='line_1_79' title="bbox 868 1511 1571 1550; baseline 0.006 -10"><span class='ocrx_word' id='word_1_399' title='bbox 868 1512 1145 1550; x_wconf 81' lang='grc' dir='ltr'>κρυσταλλοφανῆ,</span> <span class='ocrx_word' id='word_1_400' title='bbox 1172 1521 1246 1542; x_wconf 90' lang='lat' dir='ltr'>asse</span> <span class='ocrx_word' id='word_1_401' title='bbox 1271 1511 1463 1543; x_wconf 79' lang='lat' dir='ltr'>voenibant:</span> <span class='ocrx_word' id='word_1_402' title='bbox 1492 1522 1571 1544; x_wconf 88' lang='lat' dir='ltr'>nam</span> 
     </span>
     <span class='ocr_line' id='line_1_80' title="bbox 869 1561 1571 1602; baseline 0.003 -11"><span class='ocrx_word' id='word_1_403' title='bbox 869 1561 1068 1601; x_wconf 72' lang='grc' dir='ltr'>υἱαλουργοὺς</span> <span class='ocrx_word' id='word_1_404' title='bbox 1092 1562 1276 1602; x_wconf 89' lang='lat' dir='ltr'>Romanos,</span> <span class='ocrx_word' id='word_1_405' title='bbox 1300 1563 1408 1594; x_wconf 85' lang='lat' dir='ltr'>multa</span> <span class='ocrx_word' id='word_1_406' title='bbox 1434 1562 1571 1594; x_wconf 87' lang='lat' dir='ltr'>adinve-</span> 
     </span>
     <span class='ocr_line' id='line_1_81' title="bbox 869 1611 1573 1645; baseline 0.003 -3"><span class='ocrx_word' id='word_1_407' title='bbox 869 1613 956 1643; x_wconf 79' lang='lat' dir='ltr'>nisse</span> <span class='ocrx_word' id='word_1_408' title='bbox 975 1613 1078 1643; x_wconf 84' lang='lat' dir='ltr'>tradit</span> <span class='ocrx_word' id='word_1_409' title='bbox 1089 1614 1212 1643; x_wconf 82' lang='lat' dir='ltr'>Strabo</span> <span class='ocrx_word' id='word_1_410' title='bbox 1223 1612 1265 1643; x_wconf 86' lang='lat' dir='ltr'>ad</span> <span class='ocrx_word' id='word_1_411' title='bbox 1281 1611 1482 1644; x_wconf 83' lang='lat' dir='ltr'>facilitatem</span> <span class='ocrx_word' id='word_1_412' title='bbox 1495 1613 1573 1645; x_wconf 86' lang='lat' dir='ltr'>vitri</span> 
     </span>
     <span class='ocr_line' id='line_1_82' title="bbox 868 1661 1573 1696; baseline 0.003 -3"><span class='ocrx_word' id='word_1_413' title='bbox 868 1661 1072 1693; x_wconf 69' lang='lat' dir='ltr'>conficiendi</span> <span class='ocrx_word' id='word_1_414' title='bbox 1109 1673 1149 1693; x_wconf 88' lang='lat' dir='ltr'>ac</span> <span class='ocrx_word' id='word_1_415' title='bbox 1181 1663 1359 1694; x_wconf 88' lang='lat' dir='ltr'>vilitatem.</span> <span class='ocrx_word' id='word_1_416' title='bbox 1411 1664 1573 1696; x_wconf 82' lang='lat' dir='ltr'>Pretiosa</span> 
     </span>
     <span class='ocr_line' id='line_1_83' title="bbox 868 1713 1573 1755; baseline 0.003 -12"><span class='ocrx_word' id='word_1_417' title='bbox 868 1714 1081 1744; x_wconf 85' lang='lat' dir='ltr'>nihilominus</span> <span class='ocrx_word' id='word_1_418' title='bbox 1095 1713 1207 1744; x_wconf 73' lang='lat' dir='ltr'>habita</span> <span class='ocrx_word' id='word_1_419' title='bbox 1221 1723 1367 1754; x_wconf 71' lang='lat' dir='ltr'>semper,</span> <span class='ocrx_word' id='word_1_420' title='bbox 1381 1723 1457 1755; x_wconf 81' lang='lat' dir='ltr'>quae</span> <span class='ocrx_word' id='word_1_421' title='bbox 1471 1715 1504 1745; x_wconf 91' lang='lat' dir='ltr'>in</span> <span class='ocrx_word' id='word_1_422' title='bbox 1518 1715 1573 1745; x_wconf 75' lang='grc' dir='ltr'>ΙΕ-</span> 
     </span>
     <span class='ocr_line' id='line_1_84' title="bbox 867 1763 1572 1805; baseline 0.003 -11"><span class='ocrx_word' id='word_1_423' title='bbox 867 1769 972 1805; x_wconf 86' lang='lat' dir='ltr'>gypto</span> <span class='ocrx_word' id='word_1_424' title='bbox 988 1763 1129 1802; x_wconf 82' lang='lat' dir='ltr'>fiebant,</span> <span class='ocrx_word' id='word_1_425' title='bbox 1147 1770 1254 1805; x_wconf 84' lang='lat' dir='ltr'>atque</span> <span class='ocrx_word' id='word_1_426' title='bbox 1278 1765 1356 1795; x_wconf 89' lang='lat' dir='ltr'>inde</span> <span class='ocrx_word' id='word_1_427' title='bbox 1383 1763 1572 1796; x_wconf 81' lang='lat' dir='ltr'>affereban-</span> 
     </span>
     <span class='ocr_line' id='line_1_85' title="bbox 867 1814 1575 1857; baseline 0.004 -12"><span class='ocrx_word' id='word_1_428' title='bbox 867 1820 934 1845; x_wconf 85' lang='lat' dir='ltr'>tur.</span> <span class='ocrx_word' id='word_1_429' title='bbox 980 1814 1065 1845; x_wconf 86' lang='lat' dir='ltr'>Ideo</span> <span class='ocrx_word' id='word_1_430' title='bbox 1096 1815 1208 1845; x_wconf 82' lang='lat' dir='ltr'>Poe&#39;ta</span> <span class='ocrx_word' id='word_1_431' title='bbox 1238 1815 1408 1856; x_wconf 87' lang='lat' dir='ltr'>Crystalla</span> <span class='ocrx_word' id='word_1_432' title='bbox 1435 1816 1575 1857; x_wconf 82' lang='lat' dir='ltr'>Niliaci,</span> 
     </span>
     <span class='ocr_line' id='line_1_86' title="bbox 867 1865 1572 1906; baseline 0.004 -10"><span class='ocrx_word' id='word_1_433' title='bbox 867 1865 929 1896; x_wconf 88' lang='lat' dir='ltr'>hoc</span> <span class='ocrx_word' id='word_1_434' title='bbox 955 1871 1009 1896; x_wconf 85' lang='lat' dir='ltr'>est</span> <span class='ocrx_word' id='word_1_435' title='bbox 1035 1865 1175 1905; x_wconf 82' lang='lat' dir='ltr'>catapli,</span> <span class='ocrx_word' id='word_1_436' title='bbox 1205 1867 1470 1906; x_wconf 81' lang='grc' dir='ltr'>κρυσταλλοφανῆ</span> <span class='ocrx_word' id='word_1_437' title='bbox 1494 1876 1572 1899; x_wconf 88' lang='lat' dir='ltr'>cum</span> 
     </span>
     <span class='ocr_line' id='line_1_87' title="bbox 869 1915 1573 1957; baseline 0.003 -11"><span class='ocrx_word' id='word_1_438' title='bbox 869 1916 985 1946; x_wconf 73' lang='lat' dir='ltr'>Rornae</span> <span class='ocrx_word' id='word_1_439' title='bbox 1013 1915 1251 1946; x_wconf 76' lang='lat' dir='ltr'>vaeneuntibns</span> <span class='ocrx_word' id='word_1_440' title='bbox 1277 1921 1467 1957; x_wconf 80' lang='lat' dir='ltr'>comparat,</span> <span class='ocrx_word' id='word_1_441' title='bbox 1493 1926 1573 1948; x_wconf 84' lang='lat' dir='ltr'>cara</span> 
     </span>
     <span class='ocr_line' id='line_1_88' title="bbox 868 1966 1572 2007; baseline 0.003 -11"><span class='ocrx_word' id='word_1_442' title='bbox 868 1966 1002 1997; x_wconf 87' lang='lat' dir='ltr'>vilibus.</span> <span class='ocrx_word' id='word_1_443' title='bbox 1065 1966 1197 1997; x_wconf 85' lang='lat' dir='ltr'>Calices</span> <span class='ocrx_word' id='word_1_444' title='bbox 1229 1966 1397 2007; x_wconf 80' lang='lat' dir='ltr'>ejusmodi</span> <span class='ocrx_word' id='word_1_445' title='bbox 1427 1967 1572 2004; x_wconf 87' lang='lat' dir='ltr'>vitreos,</span> 
     </span>
     <span class='ocr_line' id='line_1_89' title="bbox 868 2015 1571 2058; baseline 0.003 -11"><span class='ocrx_word' id='word_1_446' title='bbox 868 2017 925 2058; x_wconf 88' lang='lat' dir='ltr'>qui</span> <span class='ocrx_word' id='word_1_447' title='bbox 952 2018 1069 2047; x_wconf 83' lang='lat' dir='ltr'>Romae</span> <span class='ocrx_word' id='word_1_448' title='bbox 1095 2015 1346 2057; x_wconf 83' lang='lat' dir='ltr'>conflabantur,</span> <span class='ocrx_word' id='word_1_449' title='bbox 1370 2028 1411 2049; x_wconf 91' lang='lat' dir='ltr'>eo</span> <span class='ocrx_word' id='word_1_450' title='bbox 1437 2019 1571 2049; x_wconf 86' lang='lat' dir='ltr'>nomine</span> 
     </span>
     <span class='ocr_line' id='line_1_90' title="bbox 867 2067 1573 2110; baseline 0.004 -12"><span class='ocrx_word' id='word_1_451' title='bbox 867 2067 1083 2099; x_wconf 89' lang='lat' dir='ltr'>commendat</span> <span class='ocrx_word' id='word_1_452' title='bbox 1100 2068 1188 2098; x_wconf 88' lang='lat' dir='ltr'>idem</span> <span class='ocrx_word' id='word_1_453' title='bbox 1211 2069 1394 2108; x_wconf 82' lang='lat' dir='ltr'>Martialis,</span> <span class='ocrx_word' id='word_1_454' title='bbox 1412 2069 1503 2110; x_wconf 88' lang='lat' dir='ltr'>quod</span> <span class='ocrx_word' id='word_1_455' title='bbox 1520 2080 1573 2101; x_wconf 86' lang='lat' dir='ltr'>ca-</span> 
     </span>
     <span class='ocr_line' id='line_1_91' title="bbox 868 2118 1571 2159; baseline 0.001 -10"><span class='ocrx_word' id='word_1_456' title='bbox 868 2119 944 2150; x_wconf 83' lang='lat' dir='ltr'>lidis</span> <span class='ocrx_word' id='word_1_457' title='bbox 960 2118 1054 2159; x_wconf 85' lang='lat' dir='ltr'>aquis</span> <span class='ocrx_word' id='word_1_458' title='bbox 1080 2128 1145 2149; x_wconf 90' lang='lat' dir='ltr'>non</span> <span class='ocrx_word' id='word_1_459' title='bbox 1164 2119 1391 2150; x_wconf 85' lang='lat' dir='ltr'>vitiarentur:</span> <span class='ocrx_word' id='word_1_460' title='bbox 1418 2122 1427 2136; x_wconf 88' lang='lat'>‘</span> <span class='ocrx_word' id='word_1_461' title='bbox 1443 2121 1571 2151; x_wconf 86' lang='lat' dir='ltr'>Nostra</span> 
     </span>
     <span class='ocr_line' id='line_1_92' title="bbox 866 2168 1571 2211; baseline 0.001 -12"><span class='ocrx_word' id='word_1_462' title='bbox 866 2178 930 2200; x_wconf 89' lang='lat' dir='ltr'>nec</span> <span class='ocrx_word' id='word_1_463' title='bbox 947 2169 1076 2199; x_wconf 79' lang='lat' dir='ltr'>ardenti</span> <span class='ocrx_word' id='word_1_464' title='bbox 1092 2178 1226 2208; x_wconf 85' lang='lat' dir='ltr'>gemma</span> <span class='ocrx_word' id='word_1_465' title='bbox 1241 2168 1364 2200; x_wconf 81' lang='lat' dir='ltr'>feritur</span> <span class='ocrx_word' id='word_1_466' title='bbox 1380 2169 1491 2211; x_wconf 65' lang='lat' dir='ltr'>aqua!</span> <span class='ocrx_word' id='word_1_467' title='bbox 1523 2169 1571 2201; x_wconf 91' lang='lat' dir='ltr'>At</span> 
     </span>
     <span class='ocr_line' id='line_1_93' title="bbox 866 2218 1571 2260; baseline 0.001 -10"><span class='ocrx_word' id='word_1_468' title='bbox 866 2219 1127 2259; x_wconf 83' lang='grc' dir='ltr'>κρυσταλλοφανῆ</span> <span class='ocrx_word' id='word_1_469' title='bbox 1143 2218 1389 2259; x_wconf 87' lang='lat' dir='ltr'>Alexandrina,</span> <span class='ocrx_word' id='word_1_470' title='bbox 1400 2229 1467 2250; x_wconf 89' lang='lat' dir='ltr'>non</span> <span class='ocrx_word' id='word_1_471' title='bbox 1484 2222 1571 2260; x_wconf 81' lang='lat' dir='ltr'>pati·</span> 
     </span>
     <span class='ocr_line' id='line_1_94' title="bbox 866 2270 1570 2310; baseline 0.001 -9"><span class='ocrx_word' id='word_1_472' title='bbox 866 2270 1011 2301; x_wconf 88' lang='lat' dir='ltr'>ebantur</span> <span class='ocrx_word' id='word_1_473' title='bbox 1024 2280 1143 2310; x_wconf 87' lang='lat' dir='ltr'>aquam</span> <span class='ocrx_word' id='word_1_474' title='bbox 1158 2270 1316 2302; x_wconf 86' lang='lat' dir='ltr'>calidam.</span> <span class='ocrx_word' id='word_1_475' title='bbox 1328 2271 1463 2302; x_wconf 78' lang='lat' dir='ltr'>Salmas.</span> <span class='ocrx_word' id='word_1_476' title='bbox 1485 2272 1570 2303; x_wconf 90' lang='lat' dir='ltr'>Tur-</span> 
     </span>
     <span class='ocr_line' id='line_1_95' title="bbox 866 2320 1570 2355; baseline 0.001 -2"><span class='ocrx_word' id='word_1_477' title='bbox 866 2322 942 2353; x_wconf 88' lang='lat' dir='ltr'>neb.</span> <span class='ocrx_word' id='word_1_478' title='bbox 961 2321 1020 2351; x_wconf 89' lang='lat' dir='ltr'>lib.</span> <span class='ocrx_word' id='word_1_479' title='bbox 1039 2320 1126 2352; x_wconf 86' lang='lat' dir='ltr'><strong>Adv.</strong></span> <span class='ocrx_word' id='word_1_480' title='bbox 1141 2324 1193 2351; x_wconf 87' lang='lat'>30.</span> <span class='ocrx_word' id='word_1_481' title='bbox 1209 2330 1238 2352; x_wconf 88' lang='lat' dir='ltr'>c.</span> <span class='ocrx_word' id='word_1_482' title='bbox 1252 2324 1306 2352; x_wconf 84' lang='lat'>26.</span> <span class='ocrx_word' id='word_1_483' title='bbox 1320 2325 1356 2352; x_wconf 86' lang='lat' dir='ltr'>et</span> <span class='ocrx_word' id='word_1_484' title='bbox 1373 2322 1394 2352; x_wconf 88' lang='lat' dir='ltr'>l.</span> <span class='ocrx_word' id='word_1_485' title='bbox 1412 2325 1462 2352; x_wconf 85' lang='lat'>10.</span> <span class='ocrx_word' id='word_1_486' title='bbox 1473 2332 1503 2353; x_wconf 89' lang='lat' dir='ltr'>c.</span> <span class='ocrx_word' id='word_1_487' title='bbox 1517 2325 1570 2355; x_wconf 80' lang='lat'>23.</span> 
     </span>
    </p>

    <p class='ocr_par' dir='ltr' id='par_1_14' title="bbox 866 2371 1568 2464">
     <span class='ocr_line' id='line_1_96' title="bbox 908 2371 1568 2411; baseline 0.002 -8"><span class='ocrx_word' id='word_1_488' title='bbox 908 2375 927 2404; x_wconf 86' lang='lat'><strong>2</strong></span> <span class='ocrx_word' id='word_1_489' title='bbox 952 2373 1001 2403; x_wconf 82' lang='lat' dir='ltr'>De</span> <span class='ocrx_word' id='word_1_490' title='bbox 1018 2372 1110 2410; x_wconf 84' lang='lat' dir='ltr'>circo,</span> <span class='ocrx_word' id='word_1_491' title='bbox 1134 2371 1204 2411; x_wconf 55' lang='lat' dir='ltr'>esa]</span> <span class='ocrx_word' id='word_1_492' title='bbox 1229 2372 1367 2403; x_wconf 83' lang='lat' dir='ltr'>Fictilia</span> <span class='ocrx_word' id='word_1_493' title='bbox 1383 2382 1441 2403; x_wconf 87' lang='lat' dir='ltr'>seu</span> <span class='ocrx_word' id='word_1_494' title='bbox 1459 2373 1568 2404; x_wconf 79' lang='lat' dir='ltr'>vitrea</span> 
     </span>
     <span class='ocr_line' id='line_1_97' title="bbox 866 2422 1509 2464; baseline 0 -10"><span class='ocrx_word' id='word_1_495' title='bbox 866 2433 941 2464; x_wconf 85' lang='lat' dir='ltr'>quae</span> <span class='ocrx_word' id='word_1_496' title='bbox 957 2423 990 2453; x_wconf 89' lang='lat' dir='ltr'>in</span> <span class='ocrx_word' id='word_1_497' title='bbox 1008 2423 1108 2453; x_wconf 84' lang='lat' dir='ltr'>Circo</span> <span class='ocrx_word' id='word_1_498' title='bbox 1127 2422 1289 2453; x_wconf 86' lang='lat' dir='ltr'>Flaminio</span> <span class='ocrx_word' id='word_1_499' title='bbox 1306 2422 1509 2454; x_wconf 89' lang='lat' dir='ltr'>venduntur.</span> 
     </span>
    </p>

    <p class='ocr_par' dir='ltr' id='par_1_15' title="bbox 865 2472 1568 2604">
     <span class='ocr_line' id='line_1_98' title="bbox 908 2472 1566 2512; baseline 0.002 -8"><span class='ocrx_word' id='word_1_500' title='bbox 908 2476 926 2504; x_wconf 84' lang='lat'>3</span> <span class='ocrx_word' id='word_1_501' title='bbox 952 2474 1060 2512; x_wconf 73' lang='lat' dir='ltr'>Magis</span> <span class='ocrx_word' id='word_1_502' title='bbox 1085 2474 1224 2512; x_wconf 78' lang='lat' dir='ltr'>audaces,</span> <span class='ocrx_word' id='word_1_503' title='bbox 1253 2473 1324 2512; x_wconf 59' lang='lat' dir='ltr'>lisa]</span> <span class='ocrx_word' id='word_1_504' title='bbox 1360 2472 1494 2504; x_wconf 85' lang='lat' dir='ltr'>Alludit</span> <span class='ocrx_word' id='word_1_505' title='bbox 1524 2474 1566 2505; x_wconf 89' lang='lat' dir='ltr'>ad</span> 
     </span>
     <span class='ocr_line' id='line_1_99' title="bbox 866 2522 1568 2563; baseline 0.003 -9"><span class='ocrx_word' id='word_1_506' title='bbox 866 2524 875 2540; x_wconf 92' lang='lat'>‘</span> <span class='ocrx_word' id='word_1_507' title='bbox 887 2524 1010 2555; x_wconf 86' lang='lat' dir='ltr'>calices</span> <span class='ocrx_word' id='word_1_508' title='bbox 1027 2522 1196 2553; x_wconf 55' lang='grc' dir='ltr'>Μαίας-953</span> <span class='ocrx_word' id='word_1_509' title='bbox 1243 2524 1501 2563; x_wconf 84' lang='lat' dir='ltr'>Epigrammate</span> <span class='ocrx_word' id='word_1_510' title='bbox 1513 2527 1568 2556; x_wconf 75' lang='lat'>94.</span> 
     </span>
     <span class='ocr_line' id='line_1_100' title="bbox 865 2574 1019 2604; baseline -0.006 0"><span class='ocrx_word' id='word_1_511' title='bbox 865 2574 951 2604; x_wconf 86' lang='lat' dir='ltr'>libro</span> <span class='ocrx_word' id='word_1_512' title='bbox 970 2576 1019 2604; x_wconf 81' lang='lat'>14.</span> 
     </span>
    </p>

    <p class='ocr_par' dir='ltr' id='par_1_16' title="bbox 865 2622 1567 2765">
     <span class='ocr_line' id='line_1_101' title="bbox 907 2622 1567 2663; baseline 0.002 -8"><span class='ocrx_word' id='word_1_513' title='bbox 907 2627 927 2655; x_wconf 79' lang='grc'>4</span> <span class='ocrx_word' id='word_1_514' title='bbox 951 2623 1014 2654; x_wconf 77' lang='lat' dir='ltr'>Sed</span> <span class='ocrx_word' id='word_1_515' title='bbox 1034 2622 1192 2663; x_wconf 75' lang='lat' dir='ltr'>geminus]</span> <span class='ocrx_word' id='word_1_516' title='bbox 1225 2623 1279 2654; x_wconf 87' lang='lat' dir='ltr'>Ita</span> <span class='ocrx_word' id='word_1_517' title='bbox 1302 2623 1495 2655; x_wconf 88' lang='lat' dir='ltr'>Gruterus:</span> <span class='ocrx_word' id='word_1_518' title='bbox 1532 2630 1567 2656; x_wconf 88' lang='lat' dir='ltr'>et</span> 
     </span>
     <span class='ocr_line' id='line_1_102' title="bbox 866 2674 1565 2705; baseline 0.003 -2"><span class='ocrx_word' id='word_1_519' title='bbox 866 2683 982 2703; x_wconf 81' lang='lat' dir='ltr'>sensus</span> <span class='ocrx_word' id='word_1_520' title='bbox 997 2685 1003 2703; x_wconf 92' lang='lat'>:</span> <span class='ocrx_word' id='word_1_521' title='bbox 1028 2674 1093 2705; x_wconf 73' lang='lat' dir='ltr'>scd</span> <span class='ocrx_word' id='word_1_522' title='bbox 1113 2674 1162 2703; x_wconf 79' lang='lat' dir='ltr'>his</span> <span class='ocrx_word' id='word_1_523' title='bbox 1177 2674 1297 2704; x_wconf 83' lang='lat' dir='ltr'>vilibus</span> <span class='ocrx_word' id='word_1_524' title='bbox 1309 2674 1472 2705; x_wconf 85' lang='lat' dir='ltr'>calicibus</span> <span class='ocrx_word' id='word_1_525' title='bbox 1489 2685 1565 2705; x_wconf 82' lang='lat' dir='ltr'>usus</span> 
     </span>
     <span class='ocr_line' id='line_1_103' title="bbox 865 2724 1563 2765; baseline 0.004 -11"><span class='ocrx_word' id='word_1_526' title='bbox 865 2724 991 2765; x_wconf 84' lang='lat' dir='ltr'>duplex</span> <span class='ocrx_word' id='word_1_527' title='bbox 1009 2730 1072 2765; x_wconf 73' lang='lat' dir='ltr'>cst,</span> <span class='ocrx_word' id='word_1_528' title='bbox 1088 2735 1197 2765; x_wconf 85' lang='lat' dir='ltr'>neque</span> <span class='ocrx_word' id='word_1_529' title='bbox 1225 2725 1312 2756; x_wconf 81' lang='lat' dir='ltr'>enim</span> <span class='ocrx_word' id='word_1_530' title='bbox 1334 2725 1443 2757; x_wconf 82' lang='lat' dir='ltr'>furem</span> <span class='ocrx_word' id='word_1_531' title='bbox 1461 2726 1563 2757; x_wconf 83' lang='lat' dir='ltr'>allici-</span> 
     </span>
    </p>
   </div>
  </div>
 </body>
</html>
