1866 3131
292 155 402 196 1458

292 260 457 300 scripturn
471 259 504 289 in
521 258 587 289 Ms.
599 259 806 298 ‹lisexepeton.
829 256 987 287 Vicissim

291 310 460 341 Martialis
476 309 529 339 hic
546 309 638 340 locus
657 313 771 339 tuetur
785 308 894 338 locum
912 306 988 336 Ful·

292 360 413 399 gentii⁷
438 369 538 400 quein
563 359 647 389 mire
671 364 770 388 vexat
796 357 987 392 Reiuesirw,

291 411 486 450 DysexaptO,
505 409 679 448 Epeisucto,
697 409 884 448 Episatomo,
909 407 984 437 Dis-

291 463 466 499 exapatew,
485 460 731 499 Dysexupateto,
751 457 987 490 substituendo

290 512 321 541 3.
336 510 415 540 Var.
429 512 459 540 3.
476 510 562 541 Quae
577 509 687 540 onmia
699 519 765 540 nou
777 514 853 539 sunt
867 508 965 539 nauci
978 519 985 538 :

290 570 354 591 nec
367 560 455 590 aliud
466 558 531 591 fuit
544 570 643 601 quam
656 559 883 599 Disexapaton.
900 558 985 590 Gro-

289 613 420 643 novius.

334 663 436 693 Eme.
453 670 557 693 ccxv·
582 664 599 691 1
620 662 781 700 Comoedis,
805 660 876 700 ἐγὼ]
908 661 989 700 Epi-

292 722 398 754 gram.
416 714 468 743 Sl.
486 712 544 742 lib.
560 714 592 742 7.

333 766 353 794 2
378 763 489 794 Fibula
505 762 576 802 quiri
591 761 732 801 praestat]
754 762 763 777 ‘
780 760 927 790 Solvitur
940 760 989 791 his

289 823 411 852 magno
428 811 570 843 comoedi
587 810 713 842 fibula.’
744 811 901 842 Juvenal.
917 810 988 842 Sat.

290 866 322 895 6.
347 873 431 894 vers.
447 865 498 893 73.
522 862 611 893 Vide
634 866 668 892 et
684 861 827 891 Mai-sitii
843 862 990 902 Cognati

289 914 370 944 Var.
388 914 535 944 Observ.
549 913 604 944 lib.
622 916 653 943 2.
668 922 743 952 cap.
760 916 790 943 8.

332 964 437 993 Eme.
455 971 580 993 ccxv1.
620 966 635 993 l
662 963 776 992 Proedo
797 962 881 1002 fuit]
917 962 988 993 Sibi

288 1013 381 1052 prius
408 1022 506 1053 quam
536 1017 802 1051 mansuesceret,
838 1013 986 1052 praedam

291 1063 472 1102 captabat:
497 1063 668 1094 cicuratus
685 1064 790 1094 servit
807 1064 941 1103 aucupi.

332 1116 351 1143 2
377 1113 504 1153 captas,
529 1114 597 1154 &ej
628 1113 731 1143 Dolet
747 1113 810 1144 sibi
835 1113 985 1154 praedam

287 1163 329 1194 ab
346 1172 489 1203 aucupe,
505 1164 559 1194 cui
576 1163 693 1200 servit,
710 1169 873 1203 ereptam.
898 1164 985 1194 Vide

288 1214 352 1244 Lil.
368 1213 513 1252 Gyraldi
530 1213 665 1253 Dialog.
680 1216 711 1243 6.
730 1214 788 1244 lib.
807 1218 836 1245 ].

333 1264 438 1294 ΕΡιο.
455 1272 590 1294 ccxvu.
639 1264 827 1304 Opsonutur]
853 1264 915 1294 The
935 1274 985 1295 ca-

289 1317 385 1351 terer,
400 1314 455 1353 qui
471 1313 610 1353 opsonia
627 1314 719 1343 emit.

336 1367 350 1394 l
376 1365 505 1394 Coenare
533 1363 654 1403 quanti]
691 1364 800 1395 Quam
828 1374 907 1395 caro
939 1365 987 1396 vis

290 1424 434 1445 coenare.

334 1466 439 1495 Eme.
454 1473 605 1495 ccxvm.
632 1467 648 1495 l
664 1464 898 1502 Cantufallitur
909 1466 986 1506 ales]

291 1515 447 1554 Fistulae,
474 1515 541 1555 (the
556 1514 640 1555 call)
664 1525 741 1556 quae
757 1525 836 1545 aves
854 1516 985 1547 invitat.

331 1569 351 1597 2
378 1567 496 1596 Crescit
523 1566 641 1596 arundo
666 1566 772 1605 manu]
811 1566 895 1596 Dum
910 1567 985 1597 lati-

289 1621 363 1646 tans
393 1624 517 1655 auceps
534 1616 656 1646 sensim
683 1616 855 1656 protrudit
878 1617 985 1648 visca-

288 1673 339 1696 tos
370 1667 526 1698 calamos,
587 1665 817 1698 Arundinibus
858 1668 986 1709 (inquit

288 1715 453 1747 Brodaeus
477 1717 517 1747 ad
542 1715 665 1747 Isidori
690 1716 861 1756 Epigrani.
883 1717 938 1748 lib.
955 1721 985 1750 3.

288 1766 470 1806 Antliolog.
494 1776 568 1806 cap.
592 1766 662 1807 29.)
692 1767 765 1797 aliis
793 1772 896 1807 atque
914 1768 986 1798 aliis

285 1816 408 1855 insitis,
424 1821 458 1847 et
475 1817 519 1846 ita
536 1817 783 1854 crescentibus,
808 1827 937 1848 summa
952 1818 985 1848 iu

287 1872 388 1906 parte
403 1867 490 1897 visco
503 1867 628 1898 oblitis.
644 1868 684 1898 V.
697 1868 759 1907 Ep.
772 1871 824 1898 55.
836 1868 856 1899 l.
867 1871 897 1900 9.
909 1878 939 1899 ν.
953 1871 984 1900 3.

330 1918 435 1948 Epm.
461 1926 581 1948 ccmx.
628 1921 644 1948 1
677 1917 790 1956 Accipe
815 1927 876 1957 cor,
907 1920 985 1958 quod

284 1967 391 2006 habes]
417 1967 510 2006 Lips.
526 1967 670 2007 Epistol.
685 1972 716 1998 5.
734 1969 863 2000 Quaest.
883 1971 909 1999 l.
925 1969 982 2000 lib.

284 2018 383 2057 legit,
401 2017 512 2056 Accipe
525 2027 576 2047 cor
590 2018 668 2056 quod
683 2017 776 2048 abest.
814 2018 881 2048 Sed
899 2028 983 2057 prae-

282 2067 570 2104 placet'l'orrentii
584 2065 697 2106 leetio,
708 2068 770 2097 Cor
782 2067 935 2107 bubulum,
947 2068 979 2098 in

282 2116 515 2147 Saturnalibus
539 2117 670 2147 scilicet
691 2117 846 2148 missum:
886 2119 979 2158 quasi

281 2163 391 2203 dicat;
430 2165 560 2205 Accipe
587 2166 759 2206 stupidum
782 2171 816 2198 et
841 2172 899 2198 tuo
922 2177 977 2209 ge-

279 2215 405 2245 minum
423 2225 491 2255 cor,
507 2215 562 2256 qui
579 2225 597 2246 a
613 2217 746 2247 lucroso
759 2216 832 2248 foro
852 2223 884 2248 te
899 2228 976 2249 con-

281 2263 350 2295 fers
367 2265 407 2296 ad
424 2266 555 2297 sterilia
572 2267 737 2298 Carmina.
762 2268 825 2308 Ep.
842 2271 893 2300 77.
909 2269 931 2300 l.
947 2272 975 2299 1.

326 2315 430 2346 EP1G.
446 2323 550 2347 ccxx.
576 2317 687 2357 Cocus]
724 2315 805 2347 Coei
829 2316 975 2348 officium

280 2375 353 2397 esse
371 2367 465 2408 dicit,
480 2377 546 2400 non
571 2372 701 2400 tantum
727 2373 765 2399 ut
789 2368 832 2399 sit
848 2370 975 2408 peritus

517 163 657 194 NOTAE
691 161 954 192 VARIORUM
991 160 1039 190 ΙΝ
1078 160 1237 189 EPIGR.
1274 159 1364 189 [AB.
1398 161 1501 190 X1v.

1040 254 1136 293 artis,
1156 254 1216 284 sed
1243 255 1370 285 serviat
1394 254 1498 285 etiam
1525 255 1681 295 tempori,
1699 259 1734 286 et

1031 306 1163 346 judicet
1180 306 1326 345 palatum
1341 305 1468 336 domini
1485 306 1546 337 sui.

1083 360 1097 386 1
1126 357 1198 387 Νοη
1220 356 1308 394 satis,
1328 356 1396 395 Sym]
1432 356 1608 387 Turnebus
1631 356 1734 388 inter-

1038 406 1177 445 pungit:
1204 407 1273 436 Non
1289 408 1367 436 sacis
1388 410 1431 436 est
1449 416 1500 436 ars
1514 407 1577 437 sola
1591 417 1658 438 coco
1673 417 1735 437 ser·

1037 456 1102 486 vire
1121 457 1237 496 palato,
1267 458 1370 496 Atque
1399 467 1484 488 cocus
1507 458 1622 488 domini
1647 457 1735 489 debet

1037 507 1146 537 habere
1157 509 1285 548 gulamq
1308 509 1366 538 lib.
1381 511 1410 540 9.
1426 518 1454 538 c.
1472 510 1524 538 24.
1559 507 1628 538 Alii
1643 509 1736 541 alias.

1038 558 1092 588 Ita
1108 568 1210 588 corus
1225 568 1267 589 ex
1284 559 1480 599 Posidippo,
1498 557 1605 589 Καὶτὰ
1626 558 1736 598 στόμια

1038 608 1169 646 ’γίνωσκε
1185 610 1246 638 τῶν
1261 608 1463 646 κεκλημένων.
1499 608 1625 640 Athen.
1647 610 1735 641 libro

1037 662 1068 690 9.
1085 668 1155 699 cap.
1175 663 1205 690 5.
1238 660 1328 690 Vera
1340 665 1392 690 est
1407 660 1610 699 optimorum
1628 659 1735 690 Codd.

1038 711 1225 750 scriptura:
1279 712 1352 741 Non
1391 711 1470 741 satis
1503 714 1546 741 est
1583 721 1633 742 ars
1672 712 1736 742 sola

1039 771 1117 791 coco.
1140 762 1256 792 servire
1282 763 1422 801 palatum
1445 762 1535 792 Nolo.
1571 771 1658 793 cocus
1684 763 1736 792 do-

1040 811 1116 840 mini
1142 813 1227 842 debet
1255 812 1365 842 habere
1403 813 1529 850 gulam:
1573 812 1733 853 quicquid

1042 868 1211 901 repugnet
1234 862 1435 893 Scriverius.
1477 863 1486 878 ‘
1516 862 1652 892 servire
1676 871 1734 902 pa-

1039 915 1144 945 latum
1178 913 1280 952 nolo‚’
1308 920 1373 953 est,
1409 913 1485 943 volo
1515 912 1624 951 gulam
1658 922 1734 943 esse

1039 965 1229 1005 ingenuan),
1259 969 1296 995 ut
1326 963 1400 1003 ipse
1436 963 1584 1003 loquitur
1614 962 1670 992 lib.
1701 965 1733 993 6.

1038 1023 1136 1054 quem
1152 1014 1262 1044 locum
1287 1017 1479 1053 opportune
1496 1011 1628 1042 addidit
1645 1012 1733 1043 Gru-

1039 1069 1139 1095 tems.
1155 1065 1241 1095 Nam
1252 1064 1372 1094 servile
1384 1063 1544 1103 palatum,
1555 1062 1734 1103 adsuetum

1035 1114 1195 1145 demenso
1209 1123 1279 1151 suo,
1292 1114 1474 1145 varietates
1484 1122 1639 1152 saporum
1650 1113 1737 1143 male

1036 1166 1227 1205 distinguit.
1281 1167 1290 1182 ‘
1310 1165 1419 1196 Cocus
1460 1163 1587 1195 domini
1630 1163 1735 1195 debet

1035 1215 1160 1246 habere
1187 1215 1399 1255 gulam,'hoc
1417 1220 1482 1254 est,
1509 1215 1591 1244 licet
1619 1213 1735 1244 condi-

1037 1266 1128 1296 tione
1159 1266 1203 1296 sit
1225 1276 1355 1303 servus,
1383 1271 1494 1295 tamen
1521 1265 1599 1304 gula
1630 1264 1734 1295 debet

1038 1327 1112 1348 esse
1141 1317 1223 1347 liber
1250 1322 1284 1347 et
1308 1317 1384 1347 talis
1407 1315 1513 1355 qualis
1530 1319 1583 1345 est
1606 1315 1660 1345 vel
1676 1314 1733 1344 do-

1037 1366 1117 1397 mini
1134 1367 1207 1406 ejus
1225 1367 1277 1396 vel
1301 1367 1412 1405 potius
1437 1365 1662 1395 convivatoris
1675 1374 1731 1396 cu·

1031 1418 1254 1458 juscmnque:
1271 1417 1395 1448 etenim
1407 1416 1431 1446 si
1441 1415 1598 1446 convivas
1608 1416 1664 1446 ille
1673 1415 1730 1445 de-

1037 1468 1167 1498 lectare
1180 1468 1265 1506 vult,
1275 1468 1345 1507 ipse
1357 1467 1399 1497 sit
1413 1466 1479 1496 oris
1496 1464 1606 1505 sapidi
1619 1465 1730 1496 etlan-

1038 1517 1134 1548 ticias
1150 1518 1534 1557 intelligentis‚necesse
1552 1519 1617 1546 est.
1630 1515 1730 1545 Gron.

1079 1569 1183 1600 EPIG.
1200 1577 1323 1600 ccxxi.
1348 1571 1363 1599 1
1384 1568 1490 1598 Parva
1501 1566 1571 1605 tibi,
1587 1565 1654 1606 Esca]
1691 1566 1732 1596 In

1035 1619 1198 1649 craticula
1215 1624 1406 1650 torreantur
1421 1617 1534 1648 ofellae
1552 1627 1559 1648 :
1585 1626 1666 1647 veru
1682 1626 1733 1646 as·

1035 1673 1152 1699 sentur
1168 1669 1254 1709 apri,
1270 1671 1333 1700 &a
1371 1667 1456 1699 Vide
1481 1667 1654 1708 Epigram.
1677 1670 1732 1699 48.

1035 1718 1094 1750 lib.
1110 1722 1162 1750 10.

1078 1769 1184 1800 Eme.
1201 1778 1340 1800 ccxxn.
1377 1772 1392 1800 1
1423 1769 1514 1799 Mille
1537 1768 1594 1799 tibi
1618 1768 1731 1806 dulces,

1034 1819 1104 1859 Syna]
1128 1820 1319 1850 Dulciarius
1337 1820 1446 1860 pistor
1459 1818 1732 1855 conficitduucia,

1036 1871 1067 1900 id
1086 1876 1149 1910 est,
1179 1881 1282 1910 panes
1306 1871 1461 1909 mellitos,
1485 1870 1590 1911 (unde
1607 1871 1662 1900 alii
1686 1871 1731 1900 le.

1035 1919 1727 1961 guntMene‚)invariasfignrasformatos;

1034 1971 1224 2010 placentas,
1254 1970 1432 2008 scriblitas,
1455 1970 1577 2009 spicas,
1601 1969 1729 2008 globos,

1031 2021 1186 2058 circulos,
1198 2021 1324 2058 hamos,
1336 2019 1533 2057 lacertulos,
1555 2021 1617 2049 ἃς.
1635 2017 1727 2058 Apu-

1030 2069 1086 2099 leti
1106 2069 1331 2108 Metamorph.

1073 2120 1345 2150 Epm.ccxx111.
1384 2121 1399 2148 1
1433 2118 1547 2148 Pueris
1565 2117 1724 2156 jentacula

1025 2170 1140 2209 pistor]
1162 2170 1342 2202 jentacula
1355 2178 1461 2209 prope
1472 2168 1533 2199 soli
1549 2168 1725 2199 sumebant

1028 2220 1136 2258 pueri,
1152 2219 1334 2260 aliquando
1352 2228 1447 2249 senes
1474 2217 1726 2258 valetudinarii,

1025 2278 1206 2308 ganeones,
1222 2272 1285 2300 ἃς.

1067 2322 1086 2349 2
1123 2320 1327 2360 Cristatoeque
1356 2318 1440 2358 aves]
1479 2317 1568 2349 Galli
1592 2325 1721 2347 aurorae

1025 2371 1227 2411 praeuuncii.

663 2538 741 2570 FIN
749 2537 789 2569 IS
814 2538 1045 2570 NOTARUM
1069 2540 1283 2572 VARIORU
1291 2541 1339 2573 M.

796 2603 1197 2612 ,κ-

795 2616 1198 2631 m—
