1866 3131
330 202 376 231 Μ.
413 200 519 231 VAL.
554 197 827 230 MARTIALIS
865 198 1020 227 El’lGR.
1057 197 1148 227 LlB.
1186 197 1287 226 vui.

86 295 140 327 11ae
154 300 187 326 et
201 295 340 326 Romani
352 295 494 327 nominis
507 294 601 326 ducti
617 293 659 325 ab
670 292 784 324 AEnea.

87 347 186 377 Arma
198 346 369 386 virumque]
407 346 526 377 Libros
543 345 714 380 AEneidos,
729 353 784 374 cu-

81 397 137 436 jus
147 397 278 428 initiunt
292 399 300 414 ‘
313 397 416 427 Arma
427 397 601 437 virumque
609 394 713 434 cano,’
723 397 784 425 &c.

133 451 173 478 20
199 448 345 484 Culicem,
360 447 429 486 ἐγὼ]
447 446 648 477 Ροέἐιιιειῑίοη
666 445 707 475 de
720 445 784 475 Cu-

90 498 156 529 lice
180 508 320 538 parvum
345 503 381 528 et
409 497 505 536 rude,
525 497 686 528 collatum
711 505 786 526 cum

90 549 244 588 AEueide,
260 548 317 579 sed
337 558 397 588 per
412 558 447 579 se
464 552 576 578 tamen
593 546 713 578 nobile.

133 602 172 630 21
202 600 284 634 Quid
310 599 418 637 Varos,
430 597 499 637 Syia]
538 597 663 628 Lucius
677 597 788 627 Varus

91 659 166 680 cum
183 650 295 681 Plotio
311 654 346 680 et
361 650 473 680 Tucca
486 648 660 679 AEneidem
677 656 789 678 emen-

91 699 208 737 davit3
231 698 320 730 forte
335 699 422 730 hunc
438 698 609 738 intelligit.
654 698 789 728 Marsus

93 750 408 790 epigrammatarius
432 748 509 788 fuit,
528 758 625 790 quem
642 748 790 779 imitatus

92 806 144 831 est
161 800 328 831 Martialis
344 811 353 838 3
378 800 434 831 lib.
451 803 482 831 3.
498 800 617 840 Epigr.
631 803 662 830 5.

136 853 176 881 24
205 850 356 890 Virgilius
371 861 432 881 non
455 850 520 890 ero]
561 850 640 881 Non
655 858 712 880 ero
724 849 791 879 cla-

94 901 242 931 rissimus
258 901 394 940 epieus;
419 910 478 931 ero
503 900 626 938 clarus,
652 904 691 930 ut
715 909 792 939 spe-

93 962 145 989 ro,
156 951 559 991 epigrammatographus.
586 951 715 981 DIarsus
726 948 791 988 ero]

93 1002 206 1033 Poeta
220 1002 535 1042 epigrammatarius
550 1013 558 1032 ι
582 1002 640 1032 lib.
656 1004 686 1032 2.
713 1001 792 1041 Epi-

94 1062 234 1092 gramm.
251 1056 302 1083 71.
319 1063 406 1084 vers.
422 1056 452 1084 3.
469 1058 505 1083 et
522 1053 727 1093 Epigramm.
743 1056 794 1084 98.

92 1103 152 1134 lib.
168 1105 198 1133 7.
245 1102 418 1134 Heraldus
435 1103 518 1142 legit
535 1104 672 1143 Marcus,
699 1103 795 1144 quasi

95 1153 210 1185 dicat:
236 1154 373 1185 Marcus
395 1163 452 1185 ero
471 1155 654 1192 Martialis,
668 1160 703 1185 et
719 1154 794 1185 huic

95 1204 222 1234 nomini
238 1213 304 1234 non
325 1204 433 1234 minus
454 1204 664 1235 celebritatis
684 1204 797 1234 conci-

95 1254 200 1293 liabo,
214 1263 311 1294 quam
328 1253 490 1293 Virgilius
507 1253 585 1284 olim
602 1253 798 1284 conciliavit

98 1315 169 1337 suo.
213 1304 319 1336 Simul
341 1303 502 1334 invidiam
534 1303 695 1343 declinat,
721 1313 797 1344 quae

96 1356 278 1387 veritatem
304 1360 340 1386 et
364 1354 615 1395 simplicitatem
637 1355 731 1396 sequi
747 1364 797 1385 so-

98 1408 157 1439 let.

141 1459 245 1489 Eme.
261 1466 352 1488 ινιτ.
397 1458 415 1487 3
442 1456 643 1496 Collegitque,
656 1455 726 1496 Era]
741 1455 798 1486 Al-

98 1508 187 1539 ludit
207 1507 249 1538 ad
276 1508 442 1537 Veterum
467 1515 592 1537 morem
618 1506 799 1546 colligendi

101 1568 196 1589 ossa:
222 1557 264 1587 de
291 1566 357 1597 quo
380 1556 457 1587 vide
487 1566 562 1597 qnae
589 1556 735 1588 Farnab.
758 1557 800 1587 ad

102 1618 192 1639 vers.
208 1610 282 1638 797.
305 1606 444 1637 Troadis
469 1606 630 1638 Senecae:
654 1615 717 1637 nec
733 1615 800 1637 nou

104 1658 146 1689 ad
164 1657 198 1688 id
218 1656 305 1698 quod
323 1656 381 1687 lib.
398 1659 429 1686 8.
447 1666 476 1688 c.
493 1660 524 1688 5.
564 1656 706 1689 Quintil.
723 1658 731 1673 ‘
745 1656 800 1687 In-

103 1708 300 1740 felicissima
319 1707 466 1747 foemina,
487 1707 634 1738 nondum
649 1708 802 1739 extulisti

103 1759 351 1799 tilium,etjam
368 1767 444 1788 ossa
460 1757 598 1798 legisti,’
615 1760 681 1790 διο.

150 1810 252 1840 Eme.
269 1817 370 1839 Lvnr.
409 1808 511 1839 Ludit
527 1809 559 1839 in
576 1808 733 1849 ambigua
749 1819 804 1840 vo-

105 1870 144 1891 ce
162 1859 324 1899 ‘Sagari.'
368 1858 603 1889 Artemidorus
623 1863 690 1890 tam
715 1869 803 1890 cras-

106 1920 175 1942 sam
200 1910 287 1941 euim
312 1909 467 1949 gestabat
489 1909 672 1949 lacernam,
693 1914 730 1940 ut
753 1920 803 1941 sa-

108 1971 184 2003 gum
209 1960 316 1991 videri
342 1965 464 2000 posset.
509 1959 608 1991 Quod
634 1959 660 1990 si
684 1960 803 2000 ‘saga-

108 2010 172 2043 ris'
199 2011 243 2041 sit
259 2019 366 2051 genus
380 2009 482 2048 scuti,
497 2009 589 2050 quasi
610 2008 804 2041 Artemido-

108 2073 164 2094 rus
188 2067 256 2094 tam
282 2070 427 2091 crassam
454 2064 606 2100 gestaret
623 2061 805 2101 lacernam,

108 2115 158 2146 uti
174 2114 249 2144 loco
266 2112 355 2143 scuti
376 2121 451 2142 esse
468 2111 631 2151 potuerit.
661 2111 743 2143 Rad.

154 2169 171 2197 1
195 2164 404 2203 Artemidore,
419 2162 564 2203 lacernoe]
603 2164 670 2196 Qui
685 2172 805 2194 nomen

111 2216 214 2247 habes
242 2215 301 2246 ἀπὸ
325 2216 380 2251 τῆς
412 2216 473 2244 τῶν
497 2212 670 2254 Ἀρτέμιδος
699 2213 807 2255 δώρων,

112 2277 151 2298 ac
169 2267 195 2296 si
211 2266 403 2297 tenuissima
423 2266 589 2297 Minervae
607 2267 674 2297 tela
690 2266 807 2297 indue-

114 2317 216 2348 reris:
240 2315 398 2356 (Fallitur
410 2315 616 2345 Farnabius:
641 2325 707 2347 non
720 2316 807 2346 enim

114 2367 271 2399 Minerva
287 2365 500 2406 εεῐἈρι-εμις,
515 2366 574 2396 sed
591 2366 719 2405 Diana)
733 2375 809 2397 cuin

115 2424 226 2449 tamen
256 2417 400 2448 lacernis
430 2416 584 2447 vestiaris
609 2425 674 2447 non
700 2417 809 2447 minus

116 2469 234 2500 crassis
252 2478 350 2509 quam
365 2472 442 2498 sunt
459 2477 553 2507 saga,
579 2468 729 2508 Sagarim
745 2477 808 2508 ego

116 2524 151 2551 te
167 2530 228 2560 pro
245 2518 460 2549 Artemidoro
477 2518 616 2549 vocabo.

158 2574 178 2601 2
202 2569 292 2609 Meo]
328 2569 442 2600 Editio
472 2568 654 2609 Calderini,
688 2569 809 2602 Junius

118 2622 152 2653 in
168 2621 330 2662 margine,
352 2625 386 2651 et
409 2620 464 2650 alii
487 2618 675 2660 praeferunt
695 2630 811 2656 meum,-

119 2672 329 2703 familiaritas
346 2671 495 2712 quaedam
520 2670 645 2701 Nostro
669 2669 812 2701 familia-

121 2723 188 2755 ris:
211 2724 219 2739 ‘
235 2722 363 2754 Codrus
378 2718 494 2760 meus‚’
518 2720 527 2736 ‘
539 2719 680 2751 Publius
695 2720 814 2761 meus,'

123 2772 186 2802 &a

1418 184 1529 226 1:315

878 291 982 322 EmG.
999 300 1074 322 mx.
1120 291 1275 322 Nobilem
1300 294 1335 320 et
1361 288 1530 319 exercita—

837 348 906 374 tum
923 341 1032 372 furem
1055 343 1358 383 monophthalmum
1379 350 1438 371 seu
1455 348 1534 370 uno-

836 393 947 423 culum
973 393 1137 431 celebrat,
1161 394 1216 433 qui
1242 393 1316 433 plus
1338 401 1416 431 uno,
1433 400 1532 431 quam

838 442 896 474 alii
911 442 1040 473 duobus
1055 442 1191 473 videant
1204 443 1319 473 oeulis.

880 495 896 523 1
926 493 993 523 Uno
1006 495 1191 531 contentum,
1203 492 1272 532 ἐγω]
1290 492 1353 523 Cui
1369 501 1453 523 unus
1466 490 1533 522 suf-

838 543 911 575 ficit
930 543 971 574 ad
994 542 1088 574 furta
1106 544 1234 575 oculuS.
1277 543 1360 583 Alii,
1381 547 1533 582 contemp·

839 598 914 625 tum.

882 648 901 675 2
925 644 1023 685 Lippa
1051 644 1106 674 sub
1143 643 1265 683 lacuna]
1301 643 1414 674 Cavea
1450 641 1536 673 oculi

840 696 982 726 stillans.
1026 694 1153 726 Attrita
1170 692 1293 734 frome]
1327 692 1538 733 Impudenti,

841 747 974 779 effricta
986 747 1113 778 fronte·

884 800 901 829 3
930 798 1044 837 Caput,
1057 797 1127 837 dra]
1159 795 1353 834 Hominem,
1368 798 1406 826 ut
1423 792 1539 825 Graeci

841 851 990 891 κεφαλὴν,
1006 851 1058 882 vel
1074 850 1284 891 simpliciter,
1299 852 1402 889 caput
1415 856 1540 878 unocu-

842 903 908 933 lum
936 902 1005 933 noli
1036 901 1177 932 credere
1206 900 1326 931 inutile
1357 903 1418 930 aut
1446 897 1540 929 iuno·

842 962 952 984 cuum.

885 1005 905 1034 4
928 1002 1076 1044 Autolyci
1097 1001 1174 1042 tam]
1198 1000 1362 1032 Mercurii
1389 999 1462 1039 filii,
1482 1009 1541 1040 pa-

845 1054 887 1085 tri
904 1053 1003 1084 furtis
1020 1052 1192 1083 simillimi.
1208 1050 1306 1082 Iliad.
1320 1062 1349 1081 κ.
1377 1050 1543 1089 Tampice-

843 1108 896 1135 ata
910 1102 1032 1139 munus]
1067 1103 1254 1133 Barbarum
1277 1102 1341 1132 hoc
1358 1105 1393 1131 et
1410 1110 1476 1131 non
1493 1099 1543 1131 fe-

845 1154 999 1185 rendum.
1010 1154 1019 1170 ‘
1032 1152 1168 1184 Picare’
1184 1152 1285 1191 enim,
1299 1161 1365 1182 non
1377 1152 1386 1168 ‘
1398 1150 1544 1191 piccare’

846 1205 997 1236 dicimus,
1055 1204 1182 1234 Verum
1211 1208 1263 1233 est
1294 1201 1382 1243 quod
1413 1212 1431 1232 e
1462 1201 1544 1231 Mss-

847 1256 936 1286 eruit
952 1260 985 1285 et
1003 1253 1160 1294 probavit
1181 1253 1385 1284 Scriverius:
1410 1255 1475 1283 tam
1497 1253 1543 1292 pt-

843 1309 955 1346 perata
975 1314 1093 1335 manus.
1138 1303 1176 1334 Id
1193 1307 1257 1344 est,
1271 1303 1394 1334 calida.
1440 1303 1547 1332 Fures

849 1361 961 1387 autem
985 1355 1111 1387 calidas
1140 1364 1257 1386 manus
1284 1354 1409 1385 habere
1428 1353 1546 1384 dicun-

850 1414 918 1448 tur,
940 1411 978 1439 ut
1002 1417 1021 1438 e
1040 1408 1166 1438 Plauto
1181 1412 1216 1437 et
1232 1406 1411 1437 Macrobio
1429 1404 1547 1445 proba-

849 1459 898 1490 vit
921 1458 1122 1489 Scriverius.
1147 1457 1284 1488 Gronov.
1332 1456 1460 1486 Piccata
1482 1464 1546 1485 ma-

850 1509 921 1549 nus]
958 1508 1020 1539 Cui
1042 1507 1239 1538 adhaereant
1260 1510 1363 1537 tacta.
1408 1505 1548 1536 viscata

850 1568 984 1596 manus,
1001 1557 1100 1596 Angl.
1116 1566 1206 1597 every
1218 1556 1327 1598 finger
1340 1565 1359 1586 α
1374 1555 1549 1593 lime-twig.

893 1612 910 1639 5
935 1607 1066 1638 Servare
1081 1607 1243 1646 memento]
1268 1607 1474 1638 Observare.

893 1662 912 1689 7
937 1659 1073 1689 Solliciti
1085 1657 1232 1698 perdunt]
1258 1657 1324 1689 Qui
1343 1666 1442 1697 quam
1460 1656 1549 1687 solli-

851 1710 918 1740 cite
935 1709 1143 1740 custodiunt.
1198 1707 1343 1748 Liguzas]
1367 1707 1451 1739 Quae
1468 1707 1551 1747 pris-

853 1761 900 1792 cis
915 1760 988 1790 loco
1002 1758 1197 1790 cochlearis.
1242 1757 1358 1797 Epigr.
1373 1759 1424 1788 33.
1438 1766 1552 1797 supra,

853 1821 939 1843 versi.
956 1813 1009 1842 23.
1025 1815 1059 1841 et
1071 1809 1159 1840 infra
1175 1809 1294 1850 Epigr.
1310 1811 1364 1840 71.
1376 1818 1462 1839 vers.
1476 1810 1507 1839 9.

899 1864 938 1891 10
960 1861 1078 1902 Loenis]
1100 1860 1207 1891 Laena
1224 1869 1327 1900 genus
1348 1858 1453 1889 vestis
1469 1857 1555 1888 mili-

854 1912 947 1951 taris,
979 1921 1077 1952 quam
1108 1915 1145 1942 et
1171 1909 1380 1950 chlamydem
1419 1914 1554 1940 vocant.

854 1963 951 2002 virg.
981 1965 1013 1994 4.
1036 1961 1170 1993 AEneid.
1198 1960 1388 2001 ‘Tyrioque
1412 1959 1554 1990 ardebat

856 2014 984 2044 murice
1000 2011 1108 2043 laena!

900 2066 938 2095 13
972 2063 1010 2094 Si
1039 2063 1119 2094 nihil
1145 2062 1271 2098 invasit,
1300 2061 1369 2101 ἔξω]
1406 2061 1441 2092 Si
1470 2059 1553 2090 nihil

857 2113 947 2146 aliud
978 2117 1030 2145 est
1059 2113 1147 2154 quod
1174 2112 1320 2151 furetur,
1351 2120 1457 2151 puero
1483 2119 1555 2148 suo,

856 2165 912 2206 qui
930 2164 972 2195 ad
999 2163 1103 2204 pedes
1127 2162 1290 2199 custodit,
1312 2161 1484 2201 depositas
1503 2169 1555 2190 so-

856 2216 926 2246 leas
945 2223 1022 2244 suas
1037 2212 1192 2253 surripit,
1215 2222 1257 2243 ne
1274 2212 1422 2242 desuetae
1439 2218 1555 2240 manus

859 2271 966 2297 artem
983 2264 1160 2295 dediscant
1174 2274 1183 2301 ;
1206 2266 1237 2294 to
1252 2263 1326 2302 keep
1348 2262 1396 2292 his
1410 2262 1508 2292 hands
1521 2260 1555 2290 in

857 2326 920 2347 use.

902 2370 941 2398 14
967 2363 1102 2404 Circuit]
1126 2363 1227 2397 Quod
1243 2362 1333 2394 fures
1349 2362 1471 2400 solent,
1486 2359 1556 2390 fur-

859 2418 885 2450 ti
897 2417 1042 2449 faciendi
1053 2415 1263 2446 occasionem
1277 2415 1467 2453 captantes.
1501 2410 1556 2440 Sic

859 2468 1050 2510 quicunque
1066 2465 1220 2496 fraudem
1247 2463 1391 2503 aliquam
1413 2461 1556 2492 moliun-

860 2524 927 2550 tur.
1486 2551 1495 2555 ,

903 2569 1005 2600 EPm.
1024 2575 1080 2598 Lx.
1110 2566 1149 2596 In
1163 2565 1340 2605 Claudiam]
1362 2563 1557 2603 Longoliam

861 2619 1005 2660 aliquam
1031 2615 1216 2653 foeminam,
1245 2623 1344 2654 quam
1363 2613 1473 2644 Poeta
1497 2621 1559 2653 per

862 2667 1085 2708 Hyperbolen
1102 2665 1239 2706 jocatur
1249 2662 1416 2694 excedere
1428 2666 1560 2693 statura

862 2716 1060 2749 altissimum
1097 2715 1213 2745 Romae
1253 2713 1439 2750 Colossum,
1477 2710 1557 2752 Epiff

863 2770 1048 2808 grammate
1061 2768 1092 2797 2.
1108 2764 1166 2797 lib.
1182 2764 1341 2805 Spectac.
1359 2771 1445 2794 vers.
1458 2764 1489 2795 4.
