1866 3131
361 166 406 195 M.
444 167 552 195 vm..

118 261 225 289 tatem
243 258 391 295 decoxit,
404 266 438 290 ut
456 260 526 300 ipse
535 261 659 298 consul,
675 262 732 301 qui
749 259 812 290 dif-

118 307 265 347 fuderat,
279 319 338 340 sno
361 311 534 341 consulatu
554 312 662 341 vinnm
681 312 743 342 lioc
766 311 811 342 bi-

118 357 224 389 beret.

161 409 265 440 Eum.
282 418 380 440 cxiv.
398 414 416 441 2
440 411 529 441 Inter
544 413 624 451 vina,
641 412 706 452 εμπ]
732 413 811 453 Sep-

118 459 234 490 timum
250 461 302 499 (ut
317 460 371 490 liic
390 460 531 500 Noster)
548 462 636 492 inter
652 463 727 492 vina
743 462 811 493 Ita-

117 508 183 538 lica
206 509 314 540 locum
339 510 397 540 dat
418 509 580 540 Trifolino
598 512 809 552 (Campaniae

115 557 188 589 loco
206 568 310 598 prope
330 559 538 600 Sinuessam)
555 562 704 592 Galenus
721 562 809 602 apud

117 607 240 640 Athen.
259 611 314 641 lib.
333 614 362 642 1.
392 621 467 651 cap.
484 614 534 643 24.
551 611 639 642 Vide
655 618 691 644 et
705 612 810 643 Plini-

117 668 169 688 um
196 659 252 691 lib.
268 663 320 691 14.
338 670 413 700 cap.
430 664 460 692 6.

163 709 267 741 Epio.
303 719 384 743 cxv.
415 715 431 742 1
459 711 603 751 Cei-culm]
641 713 693 742 Ex
724 713 811 752 agris

115 761 270 793 Caecubis
286 762 319 792 in
334 762 530 802 Campania.
554 763 645 794 Plin.
661 763 745 794 libro
761 767 811 795 14.

113 821 189 852 cap.
215 814 246 842 6.
298 812 456 842 Fundanis
481 812 646 852 generosa]
689 814 810 854 Supra,

113 862 231 902 Epigr.
255 864 329 892 113.
363 861 558 902 Apponitur
580 871 657 892 vero
675 863 716 893 ad
745 863 811 893 dis-

112 912 309 942 tinctionem
326 911 440 942 harum
460 912 676 952 Amyclarnm
693 913 725 943 in
743 914 809 945 Ita-

114 963 157 993 lia
182 962 223 993 ab
245 963 359 993 alteris
386 964 451 993 illis
475 963 508 993 in
535 964 691 996 Laconia.
728 966 809 1006 Epi-

112 1023 216 1053 gram.
233 1016 306 1044 106.
331 1014 388 1044 lib.
411 1017 441 1044 9.
459 1023 543 1045 vers.
561 1018 592 1045 5.
628 1016 809 1056 Coqmmeur

111 1065 264 1105 Amyclis]
296 1064 323 1095 A
356 1065 437 1095 sole.
470 1065 632 1106 Scaliger,
660 1067 808 1099 coluntur.

113 1118 217 1156 Male,
234 1122 272 1147 ut
287 1117 438 1147 ostendit
454 1117 650 1148 Scriverius.

154 1167 255 1196 Eme.
278 1175 375 1197 cxvi.
406 1169 421 1196 1
446 1165 595 1205 Signina]
629 1168 656 1197 E
680 1168 806 1207 Signia,

110 1215 235 1256 oppido
252 1216 372 1246 ltaliae.
394 1215 717 1256 Mor-‹miiaventremJ
741 1217 807 1247 Sis-

109 1267 218 1298 tentia
231 1267 351 1297 alvum.
375 1267 464 1297 Plin.
479 1267 535 1297 lib.
551 1270 599 1297 14.
613 1277 688 1307 cap.
705 1271 736 1300 6.

151 1321 170 1348 2
192 1317 242 1348 Ne
257 1318 386 1348 nimium
399 1316 527 1356 sistant]
550 1317 715 1348 Gruterus
729 1319 805 1349 sub-

100 1369 185 1409 jecit
201 1378 219 1400 e
235 1368 431 1409 quibusdam
447 1368 514 1398 suis
529 1379 536 1399 :
559 1369 746 1400 Nenimz'unz
762 1371 804 1400 si-

107 1420 179 1450 tias.
225 1419 365 1449 Prorsus
381 1418 519 1458 illepide
535 1430 541 1448 :
566 1429 630 1459 qua
652 1419 708 1449 ille
724 1425 804 1450 nota

107 1469 181 1509 figit
198 1470 352 1499 alterum.
398 1469 497 1507 Nam,
516 1468 542 1498 si
566 1468 627 1499 lioc
645 1470 804 1509 accipias,

107 1518 311 1559 superfluum
329 1519 393 1550 erit
411 1528 507 1550 omne
524 1519 612 1560 quod
637 1520 801 1561 sequitur.

108 1570 275 1605 Absoluta
291 1570 380 1600 enim
395 1568 481 1600 foret
503 1570 686 1609 sententia,
701 1570 749 1601 ita
765 1575 802 1601 ut

107 1621 371 1660 intelligeretur:
399 1629 440 1650 ne
456 1619 588 1650 scilicet
599 1619 721 1650 duritia
736 1621 802 1650 alvi

106 1671 261 1702 laborare
291 1670 443 1711 incipias,
488 1670 586 1702 Quod
612 1670 639 1700 si
662 1670 804 1701 dixisset

107 1724 246 1764 Signina
262 1724 350 1754 sitim
376 1722 575 1761 accendere,
591 1723 711 1762 aliquis
729 1732 802 1753 sen-

108 1784 161 1803 sns
177 1775 221 1812 τῷ
235 1774 325 1803 sitias
349 1778 461 1813 posset
485 1772 578 1803 dari:
605 1782 739 1812 nempe,
761 1783 803 1803 ne

107 1826 241 1856 nimium
258 1825 363 1863 sitias,
380 1834 480 1865 parce
507 1824 609 1854 bibas.
655 1824 719 1854 Sed
739 1835 803 1855 non

106 1876 169 1906 hoc
181 1875 419 1906 criminaturin
434 1875 496 1906 illis
507 1874 682 1905 Martialis.
705 1877 713 1892 ‘
728 1876 803 1906 Mo-

107 1927 171 1957 rari
185 1925 350 1956 ventrem'
367 1935 423 1956 seu
443 1926 553 1956 alvum
566 1926 684 1956 sistere
697 1925 800 1958 dixit:

104 1977 181 2008 liuic
198 1977 465 2008 commodissime
489 1976 723 2017 subjungitur:
750 1978 802 2008 Ne

105 2027 242 2058 nimium
262 2033 437 2058 morentur
453 2027 506 2057 vel
523 2027 658 2066 sistant,
674 2027 728 2057 siti
747 2027 801 2059 fac

105 2083 288 2118 temperes,
304 2082 340 2108 et
356 2086 459 2117 parce
474 2077 576 2108 bibas.
616 2077 799 2109 Gronovius.

104 2127 155 2158 Sit
167 2128 226 2158 tibi
239 2138 332 2168 parca
347 2127 433 2167 sitis]
465 2128 576 2158 Parce
595 2128 682 2159 bibe.

148 2179 250 2210 Eme.
267 2183 410 2210 cxv11.l
422 2181 571 2210 Nestorea
581 2180 654 2219 tibi]
679 2181 794 2220 Epigr.

104 2233 157 2261 30.
173 2230 238 2261 Lo.
256 2241 341 2262 vers.
355 2233 384 2261 1.
408 2231 614 2271 Mamertina]
638 2232 687 2261 Ex
717 2241 797 2271 agro

105 2280 307 2310 Mamertino
333 2281 366 2311 in
396 2281 511 2312 Sicilia
535 2281 635 2321 juxta
668 2282 798 2313 Messa-

105 2340 191 2361 nam.

146 2384 166 2412 2
191 2380 328 2416 Quodvis
354 2381 474 2422 nomen]
507 2382 572 2412 Seu
606 2382 799 2422 Falernum,

104 2441 161 2462 seu
178 2431 342 2470 Setinum,
358 2435 394 2461 tu
418 2440 460 2461 ne
483 2440 563 2462 cura
587 2432 628 2462 de
651 2433 797 2470 nomine,

104 2482 162 2513 sed
181 2488 262 2522 pota
278 2482 441 2522 largiter-3
465 2487 516 2513 est
539 2482 626 2513 enim
647 2487 682 2514 et
697 2482 795 2514 dulce

103 2537 139 2563 et
161 2533 347 2573 egregium.
391 2533 437 2562 Et
449 2532 560 2564 Julius
583 2532 697 2563 Caesar
719 2542 796 2564 auc-

104 2583 276 2614 toritatem
305 2583 380 2613 huic
397 2583 474 2613 vino
496 2583 701 2614 conciliavit.
738 2584 795 2615 Sic

103 2633 145 2662 de
175 2633 401 2672 Nomentano,
431 2633 547 2673 Epigr.
580 2636 652 2665 106.
682 2634 740 2664 lib.
765 2638 794 2666 1.

103 2683 192 2714 Vide
210 2688 243 2713 et
260 2684 348 2714 Plin.
361 2684 418 2715 lib.
437 2686 486 2714 14.
504 2693 578 2723 cap.
595 2687 626 2714 6.

159 2733 259 2763 Eme.
281 2741 412 2764 cxvru.
442 2736 453 2763 1
484 2733 632 2773 Tarraco]
667 2733 794 2765 Civitas

586 168 862 197 MAR'rlAms
902 170 1057 199 urion.
1095 172 1184 199 mu.
1221 172 1333 201 xiil.

1453 162 1559 202 14:37

865 260 1049 302 Hispaniae,
1077 273 1150 304 quae
1175 269 1210 295 et
1235 265 1415 304 provincia*
1440 274 1560 296 nomer.

862 310 931 341 dat.
979 313 1136 352 Campano
1154 314 1233 344 Hoec
1246 315 1368 353 genuit,
1382 314 1450 354 ἃμ]
1487 316 1559 346 Pri-

862 362 922 392 niis
939 362 1046 393 Italiae
1065 364 1148 394 vinis
1164 366 1412 396 Tarraconense
1429 366 1560 396 conser-

863 419 917 444 tur
931 423 948 443 a
962 413 1086 453 Plinio,
1102 415 1124 445 1.
1142 417 1193 446 14.
1210 426 1238 447 c.
1255 420 1283 446 ti.

904 464 1010 495 Eme.
1027 473 1129 496 cmx.
1149 469 1163 496 1
1193 467 1400 506 Nomentana,
1415 467 1486 507 δῖα]
1508 468 1558 498 Ex

861 512 953 551 villa,
979 524 1078 555 quam
1104 515 1212 546 liabeo
1239 516 1412 557 Nomenti,
1439 517 1480 548 ad
1508 521 1558 549 10.

860 564 1018 605 lapidem.

903 618 921 645 2
946 615 981 645 Si
998 619 1028 646 te
1052 616 1205 651 Quinctiis
1219 617 1318 657 ainat]
1339 618 1373 648 Si
1399 618 1459 648 tibi
1477 619 1558 659 quid

860 665 1100 698 familiaritatis
1114 677 1189 698 cum
1207 668 1250 700 Q.
1268 668 1405 706 Ovidio,
1425 670 1557 708 praebe-

861 715 911 747 bit
938 716 995 746 ille
1023 717 1084 748 tibi
1108 718 1259 756 meliora,
1278 718 1333 758 qni
1362 718 1558 757 diligentins

861 775 976 806 agrurn
1003 768 1096 806 colit,
1121 778 1218 809 quam
1242 778 1316 808 ego.
1342 769 1404 809 Ep.
1420 770 1511 800 921.
1528 772 1558 800 7.

862 825 948 847 verS.
966 819 998 848 3.

904 868 1006 898 Epic.
1029 877 1115 909 cxx.
1135 871 1149 897 l
1176 868 1361 909 Spoletinis]
1388 870 1418 900 E
1438 870 1557 910 Spole-

862 917 920 956 tio,
950 918 1032 949 urbe
1062 919 1186 949 Italiae.
1217 919 1362 959 Cariosa]
1392 920 1555 951 Vetusta:

860 977 936 1007 quae
964 972 1032 999 tum
1061 978 1157 1009 aeque
1182 969 1294 1000 dulcia
1313 980 1352 1000 ac
1378 970 1556 1001 Falernum

860 1027 989 1048 recens.

902 1069 1004 1099 Eum.
1034 1078 1133 1099 cxxi.
1163 1073 1178 1099 l
1211 1070 1363 1109 Marsica,
1396 1069 1465 1110 Era]
1505 1071 1555 1101 De

860 1118 1006 1149 Marsico
1018 1121 1096 1150 vino
1113 1119 1296 1150 Athenaens
1312 1131 1319 1150 :
1345 1122 1353 1137 ⁴
1370 1121 1554 1152 Marsicum

858 1169 956 1199 valde
985 1174 1154 1200 austerum
1184 1170 1242 1201 sed
1271 1170 1405 1202 confert
1434 1176 1555 1202 stoma-

857 1219 942 1250 cho!
978 1219 1065 1250 Vide
1084 1221 1200 1259 Epigr.
1220 1224 1290 1251 116.
1308 1220 1363 1251 111).
1383 1224 1433 1252 14.

900 1270 1006 1300 EPIG.
1039 1278 1155 1300 cxxu.
1199 1272 1213 1299 l
1240 1270 1398 1310 Amphora
1426 1271 1557 1311 Niliaci,

854 1319 924 1359 ἔξω]
953 1320 1007 1350 Ne
1028 1325 1224 1351 contemnas
1249 1327 1382 1351 acetum
1410 1331 1451 1351 ex
1479 1323 1555 1352 vino

854 1370 1026 1410 AEgyptio.
1074 1370 1230 1402 Nobilius
1247 1371 1336 1401 enim
1354 1376 1405 1403 est
1422 1378 1553 1404 acetum

855 1429 952 1459 qnam
975 1419 1040 1450 fnit
1057 1420 1179 1451 vinum.
1217 1419 1342 1452 Athen.
1359 1421 1416 1452 lib.
1432 1424 1463 1452 2.
1478 1432 1554 1463 cap.

853 1473 906 1500 26.
923 1474 958 1500 et
973 1470 1129 1502 Juvenal.
1143 1471 1212 1502 Sat.
1230 1474 1280 1501 13.
1297 1481 1384 1502 vers,
1402 1475 1454 1503 85.

898 1521 1002 1551 Epio.
1019 1529 1149 1551 cxxiii.
1196 1524 1211 1551 1
1240 1522 1318 1551 Cum
1335 1524 1388 1552 tua
1403 1525 1556 1561 centenos,

852 1571 921 1610 cra]
945 1571 1027 1601 Cum
1047 1572 1108 1602 tibi
1126 1572 1277 1611 sportula
1291 1571 1467 1604 devinctos
1483 1574 1553 1604 alas

855 1624 925 1652 100.
941 1622 1095 1661 clientes,
1115 1632 1248 1663 appone
1264 1623 1302 1653 iis
1316 1623 1428 1655 vinum
1447 1625 1552 1656 Mass.

855 1671 919 1702 Alii
938 1673 1004 1712 leg.
1021 1673 1296 1713 interrogatorie,
1321 1675 1415 1714 quasi
1436 1675 1529 1706 dicat
1546 1688 1552 1705 ;

855 1723 923 1752 (jur
940 1727 1007 1753 tam
1029 1723 1123 1753 dives
1142 1724 1228 1754 bibis
1248 1723 1319 1764 ipse
1336 1724 1477 1756 villum?
1499 1732 1552 1757 est

854 1773 942 1803 enim
962 1778 998 1803 ut
1014 1773 1145 1804 Plinius
1161 1774 1217 1804 lib.
1234 1776 1287 1805 23.
1310 1784 1384 1814 cap.
1403 1778 1432 1807 1.
1458 1774 1551 1807 fumo

853 1825 1092 1864 inveteratum,
1118 1826 1420 1857 insaluberrimum.
1465 1828 1549 1860 Cum

853 1884 932 1915 ergo
948 1875 981 1906 in
998 1876 1159 1915 sportulis
1176 1880 1241 1906 tam
1264 1877 1425 1917 liberalis,
1440 1888 1500 1908 cur
1517 1879 1549 1909 in

853 1925 930 1956 vino
944 1929 1009 1955 tam
1025 1927 1165 1965 parcus?

895 1978 914 2006 2
940 1976 1063 2015 Fumea,
1088 1976 1157 2016 Sym]
1194 1978 1309 2018 Epigr.
1337 1981 1387 2009 30.
1414 1979 1472 2010 lib.
1501 1983 1549 2011 10.

854 2036 940 2057 vers.
955 2030 983 2058 1.
996 2030 1027 2058 2.

892 2078 998 2109 Eric.
1022 2087 1151 2109 cxxrv.
1188 2079 1320 2110 Laudat
1336 2080 1548 2112 Caeretanum

850 2128 973 2166 vinum,
1003 2134 1037 2159 et
1065 2138 1141 2159 cuni
1172 2130 1289 2160 Setino
1321 2131 1438 2170 primae
1457 2136 1546 2161 notae

849 2179 1046 2210 contendit:
1071 2179 1172 2220 idque
1187 2190 1252 2210 non
1267 2181 1386 2218 turbae,
1403 2186 1440 2212 ut
1458 2182 1548 2212 Mas-

847 2229 996 2268 siliense,
1012 2230 1069 2260 sed
1085 2231 1213 2270 paucis,
1237 2232 1278 2261 ob
1305 2232 1547 2270 praestantiam,

849 2280 1041 2320 ponendum
1076 2281 1188 2312 docet.
1245 2282 1342 2312 Caere
1380 2288 1431 2312 est
1467 2282 1547 2313 urbs

847 2330 993 2361 Tusciae.

893 2384 907 2411 l
936 2381 1113 2422 Coeretana]
1139 2381 1444 2422 Epigr.54.supra,
1456 2391 1546 2413 vers.

847 2435 879 2463 8.
924 2431 1028 2470 Nepos
1040 2435 1149 2471 ponat,
1161 2431 1229 2471 Era]
1252 2432 1390 2463 Amicus
1404 2432 1543 2471 Poetae3

848 2482 1052 2522 Epigramm.
1068 2485 1122 2514 48.
1138 2482 1196 2512 lib.
1216 2485 1265 2513 10.
1282 2492 1369 2513 vers.
1385 2485 1416 2512 7.

889 2535 908 2562 2
935 2534 1013 2563 Cum
1029 2533 1129 2562 tribus
1137 2533 1188 2563 illa
1205 2532 1295 2573 bibit]
1310 2532 1393 2563 Cum
1406 2532 1520 2572 paucis
1534 2543 1543 2572 ;

847 2587 898 2613 est
911 2583 1000 2613 enim
1014 2582 1124 2613 nobile
1141 2583 1264 2614 vinum.

889 2633 991 2663 Epic.
1008 2640 1121 2662 cxxv.
1147 2634 1161 2662 l
1190 2632 1314 2662 Nobilis
1325 2635 1355 2662 et
1367 2632 1456 2672 lanis,
1471 2632 1541 2673 εμπ]

847 2682 955 2713 Poeta
969 2683 1056 2712 enini
1073 2681 1294 2713 facetissimus
1312 2681 1408 2712 diviti
1424 2686 1459 2713 et
1474 2682 1541 2713 cui-

846 2742 987 2773 cumque
1003 2733 1184 2763 delicatulo
1197 2733 1288 2763 lanas
1300 2732 1372 2764 illas
1388 2733 1540 2765 mollissi-
