1866 3131
383 181 433 211 M.
469 182 577 211 VAL.
610 181 885 213 MARTIALIS
921 183 1080 213 Et’lGR.
1115 185 1208 214 [ΑΒ.
1247 185 1321 215 IX.

170 275 332 306 Martialis
345 275 496 316 Turanio]
511 276 729 308 Auctoritate
742 277 827 308 Mss-

127 325 207 356 freti
238 336 344 367 neque
372 328 509 358 consilio
536 329 644 359 miuus
672 329 713 359 P.
738 328 826 359 Scri-

128 377 228 414 verii,
258 377 415 416 epistolio
441 383 515 418 post
540 378 760 418 Epigramma
782 378 824 409 ad

126 426 264 457 Avitum
293 427 447 457 dedimus
473 428 657 458 secundum
689 429 824 460 locum:

127 478 184 518 qui
200 483 311 508 tamen
325 478 451 508 nullum
467 478 570 509 habet
586 479 618 509 in
637 479 825 511 Bodleiano

126 528 266 568 aliisque
283 528 482 568 quibusdam
505 529 588 559 Mss.

173 580 274 610 Extra
305 580 453 617 ordinem,
474 579 543 620 &ej
575 580 774 620 Separatum
806 588 825 611 a

127 629 263 670 reliquis
276 629 513 669 Epigramma;
535 629 624 660 unde
639 629 672 660 iu
690 630 827 671 quibus·

126 679 202 709 dam
219 679 300 710 Mss.
323 679 546 711 desideratur.

168 730 354 769 Imaginem,
375 729 442 770 Sym]
468 730 537 760 Pro
554 739 645 761 more
659 739 825 761 exornan-

126 779 173 818 di,
187 784 258 811 tum
276 779 442 820 publicas,
459 785 528 810 tum
542 780 694 820 privatas
706 781 825 812 biblio-

126 830 240 860 thecas
254 829 392 870 scriptis
405 835 439 860 et
456 830 656 867 imaginibus
672 836 824 862 veterum

124 885 159 911 et
176 880 379 919 optimorum
397 885 561 911 autorum.

168 930 220 961 Ne
249 930 424 970 ignorares]
467 931 588 972 Poeta,
613 932 747 963 volente
769 933 826 974 (ut

123 980 224 1020 puto)
246 982 318 1022 ipso
349 992 411 1022 per
433 983 632 1014 modestiam
648 984 826 1023 Stertinio,

125 1040 202 1062 cum
229 1031 322 1062 Aviti
352 1033 486 1064 nomine
511 1035 687 1074 insigniret
704 1034 824 1066 Sterti-

122 1081 228 1120 nium,
243 1082 350 1114 noluit
377 1087 490 1114 tamen
511 1084 574 1116 hoc
595 1085 703 1116 latere
718 1086 825 1116 Tura-

123 1139 226 1161 mum.

167 1189 271 1219 EPIG.
297 1198 338 1220 Π.
377 1190 431 1220 De
457 1190 521 1222 hoc
538 1191 665 1232 templo
684 1193 825 1226 Sueton.

123 1239 156 1269 in
172 1239 305 1270 Domit.
319 1249 393 1280 cap.
411 1243 439 1272 l.
456 1245 485 1272 5.
502 1246 537 1272 et
557 1244 607 1272 17.

167 1291 184 1319 l
210 1289 298 1320 Dum
320 1290 423 1321 Janus
449 1292 585 1332 hyemes]
619 1293 776 1325 Quandiu
792 1303 824 1326 e-

122 1344 202 1371 runt
226 1340 375 1380 hyemes,
402 1352 539 1383 quarum
567 1344 680 1375 medio
715 1347 822 1377 mensi

122 1389 230 1421 Janus
247 1390 352 1422 dedit
368 1401 503 1423 nomen.
536 1393 741 1426 Domitianus
767 1407 822 1427 au-

122 1442 259 1482 tumnos]
273 1443 432 1475 Quandiu
446 1445 512 1476 erit
525 1448 822 1488 autumnus,cujus

122 1501 270 1523 mensem
289 1493 477 1525 Octobrem
503 1496 721 1528 Domitianus
747 1508 766 1529 a
787 1509 823 1530 se

124 1543 290 1582 appellari
306 1544 410 1575 voluit
427 1545 671 1578 Domitianum.

166 1598 186 1624 2
210 1594 383 1634 Augustus,
409 1597 479 1638 &cst
516 1598 683 1629 Quamdiu
723 1605 824 1631 erunt

125 1649 275 1682 aestates,
291 1645 322 1674 in
339 1645 460 1685 quibus
477 1647 598 1677 mensis
624 1649 763 1680 Sextilis
780 1650 823 1680 ab

124 1694 280 1734 Augusto
297 1695 532 1727 denominatus
547 1702 610 1729 est.

168 1748 185 1775 3
210 1745 296 1775 Dum
323 1748 456 1784 grande,
484 1747 554 1787 ξιτ]
592 1748 680 1778 Dum
703 1758 823 1788 magna

123 1800 158 1825 et
172 1796 278 1835 prima
300 1796 371 1826 dies
386 1796 597 1836 Septembris
613 1799 715 1838 redit,
730 1801 786 1840 qui
803 1810 823 1830 a

125 1845 321 1876 Domitiano
339 1855 458 1876 nomen
486 1846 587 1877 habet
615 1848 824 1887 Germanici,

124 1896 167 1927 ob
179 1896 367 1928 Germanos
382 1897 490 1928 Rheni
504 1896 585 1929 fluv.
600 1900 733 1931 accolas
744 1901 821 1932 sub-

124 1953 232 1978 actos.

165 2001 183 2028 5
211 1997 354 2037 Tarpeia,
380 1997 449 2038 ᾅἰ·.]
474 1998 562 2029 Dum
593 1999 696 2031 stabit
722 2000 823 2042 Capi-

122 2048 241 2078 tolium
259 2048 355 2080 Jovis
379 2058 399 2079 a
421 2050 569 2090 Tarpeia
592 2051 670 2081 olim
688 2050 821 2082 Sabinis

124 2101 307 2140 proditum.

166 2153 186 2181 ὓ
209 2151 294 2181 Dum
305 2160 376 2182 voce
389 2151 530 2192 supplex,
546 2151 613 2192 esa]
637 2153 727 2183 Dum
751 2163 820 2184 ma-

124 2207 230 2232 tronae
248 2202 344 2232 Rom.
358 2202 455 2233 thure
472 2209 507 2233 et
523 2203 682 2243 precibus
704 2205 821 2235 colent

123 2252 250 2285 juliam
286 2253 353 2283 Titi
392 2252 509 2293 filiam,
549 2264 647 2294 quam
686 2255 819 2296 perdite

125 2307 284 2341 amatam,
299 2308 390 2333 etex
407 2309 577 2343 conceptu
593 2305 716 2336 abacto
732 2315 820 2336 nior-

123 2357 218 2383 tuam
253 2352 465 2384 Domitianus
496 2356 710 2386 consecravit
734 2356 819 2387 rela-

124 2407 193 2433 tam
211 2402 244 2433 in
262 2403 381 2434 Deam.

166 2456 186 2484 8
198 2454 307 2485 Altum
326 2454 452 2491 Flavioe‚
467 2454 533 2495 Sym]
549 2456 725 2497 Templum
742 2458 817 2489 Fla-

124 2504 186 2534 viae
217 2505 326 2544 gentis
352 2513 371 2535 a
402 2505 600 2537 Domitiano
631 2507 819 2539 conditum.

125 2556 219 2587 Suet.
248 2556 380 2587 Domit.
400 2565 475 2596 cap.
494 2559 522 2588 l.
538 2561 568 2589 5.
583 2562 618 2588 et
636 2561 686 2589 17.
703 2565 820 2590 noster

124 2605 217 2636 infra
231 2608 265 2637 4.
281 2612 316 2637 et
333 2609 385 2637 35.
432 2607 613 2639 Concludit
628 2618 688 2650 per
705 2610 820 2641 induc-

126 2656 271 2688 tionem:
294 2657 464 2689 Quamdiu
481 2658 616 2689 Sextilis
642 2660 820 2691 vocabitur

127 2706 313 2746 Augustus,
345 2707 567 2740 Germanicus
604 2710 819 2750 September,

129 2757 343 2790 Domitianus
378 2759 550 2791 October:
597 2766 633 2792 et
662 2761 819 2803 quamdiu

1468 177 1582 219 1325

879 278 954 309 Dea
978 279 1112 310 coletur
1134 280 1242 320 Juiia3
1269 285 1338 312 tam
1358 280 1414 311 (liu
1442 280 1581 313 durabit

878 329 1041 368 templum
1070 330 1200 361 illustre
1231 335 1265 362 et
1293 330 1434 370 magnif.
1466 333 1580 372 regale

877 379 989 418 gentis
1014 380 1156 411 Flaviae.
1204 382 1248 412 Et
1266 382 1359 412 velut
1373 382 1446 422 ipse
1460 382 1518 413 Sol
1537 389 1573 413 et

877 428 991 459 sidera
1020 435 1055 460 et
1086 430 1264 470 imperium
1288 433 1476 463 Romanum
1494 442 1579 464 sem-

877 488 938 519 per
968 479 1160 511 durabunt:
1197 482 1245 512 ita
1275 492 1351 514 cum
1384 484 1477 521 Sole,
1515 486 1579 516 &c.

876 529 978 559 etiam
1006 530 1067 561 hoc
1096 532 1259 571 templum
1284 533 1427 564 Caesaris
1455 535 1581 565 Flaviae

878 580 1001 619 gentis.
1027 581 1111 612 Rad.

918 633 939 661 9
963 631 1042 661 Cam
1070 633 1143 668 sole,
1168 632 1236 672 Esau]
1274 634 1434 666 Quandiu
1463 634 1572 676 fulge-

877 681 962 712 bunt
989 682 1059 721 Sol,
1090 689 1193 723 astra,
1219 689 1255 716 et
1297 686 1404 725 gloria
1446 687 1581 726 imperii

879 731 978 763 Rom.
1006 733 1135 765 locutio
1162 734 1354 766 Ovidiana:
1379 738 1389 752 ⁶
1403 736 1488 767 Cum
1506 737 1576 767 sole

877 787 913 813 et
937 784 1016 814 ¹uua
1043 794 1177 825 semper
1202 785 1327 817 Aratus
1351 786 1440 817 erit!
1484 788 1581 827 Eleg.

878 836 929 864 15.
946 834 1005 865 lib.
1024 838 1052 866 1.
1078 835 1253 868 Amorum.

921 887 961 915 10
987 886 1102 916 Coelum
1115 886 1175 926 est]
1191 888 1427 926 AEternum,ut
1445 888 1581 920 coelum.

876 944 918 965 ex
935 935 1058 967 scholae
1075 937 1320 977 Peripateticae
1335 939 1516 970 sententia.

920 986 1028 1017 Epio.
1043 996 1095 1019 tv.
1121 988 1267 1019 Mirifice
1284 989 1374 1020 tollit
1390 999 1497 1030 opera
1513 991 1581 1022 Do-

875 1037 1018 1077 mitiani,
1041 1038 1192 1080 dicitque
1209 1049 1273 1070 nec
1289 1040 1424 1080 Jovem,
1447 1050 1512 1072 nec
1529 1051 1581 1072 su-

876 1097 976 1128 peros
992 1098 1106 1120 omnes
1133 1090 1297 1121 solvendo
1313 1090 1458 1132 futuros,
1474 1093 1501 1123 si
1519 1102 1578 1124 no-

875 1138 967 1168 mina
983 1138 1106 1170 abillis
1125 1139 1241 1171 Caesar
1264 1141 1394 1181 exigat.
1439 1141 1494 1173 An
1512 1143 1578 1174 ulla

876 1187 1028 1219 adulatio
1050 1190 1128 1220 huic
1148 1200 1210 1230 par
1226 1191 1356 1231 uspiam
1372 1192 1524 1232 legitur?

918 1240 938 1268 2
961 1238 999 1268 Si
1028 1243 1164 1280 repetas,
1185 1241 1252 1280 Sym]
1275 1241 1310 1272 Si
1343 1243 1406 1274 tibi
1436 1244 1577 1284 rependi

875 1288 996 1326 velles,
1012 1299 1075 1320 nec
1099 1290 1254 1322 donares.

917 1341 936 1369 3
963 1339 1115 1378 Grandis,
1132 1342 1201 1381 ᾇτ’]
1226 1342 1368 1373 Etiamsi
1393 1343 1490 1374 hasta
1516 1355 1576 1385 po-

874 1391 939 1421 sita
961 1391 1041 1432 (sale
1072 1392 1111 1433 by
1141 1393 1282 1435 out-cry)
1305 1404 1385 1435 opes
1409 1406 1485 1426 suas
1514 1398 1573 1428 Dii

875 1441 1032 1483 Demque
1046 1443 1192 1474 vendere
1206 1445 1323 1476 velint.
1345 1445 1475 1486 Auctio]
1496 1448 1578 1478 Cum

874 1492 949 1533 quis
980 1502 1039 1523 seu
1068 1494 1253 1534 obaeratus,
1289 1505 1347 1526 seu
1397 1506 1477 1534 non,
1520 1499 1579 1528 sed

873 1547 1008 1582 sponte,
1032 1545 1180 1583 praeconi
1200 1554 1258 1575 seu
1276 1545 1382 1576 hastae
1397 1546 1484 1578 bona
1502 1548 1578 1578 sub-

867 1593 963 1631 jicit,
987 1599 1077 1624 auta
1105 1595 1275 1626 creditore
1293 1597 1523 1637 subjiciuntur
1538 1608 1579 1630 ea

874 1643 964 1683 lege,
980 1649 1018 1674 ut
1039 1643 1081 1683 ei,
1106 1645 1162 1685 qui
1181 1645 1317 1686 adjecto
1335 1648 1447 1687 pretio
1470 1649 1579 1680 licita-

874 1693 967 1723 tione
996 1693 1114 1732 vincit,
1154 1704 1207 1725 res
1245 1702 1361 1736 empta
1387 1697 1578 1730 addicatur.

873 1744 928 1773 De
945 1742 1100 1774 formulis
1119 1745 1313 1776 auctionum
1329 1747 1405 1786 lege
1423 1748 1576 1780 Brisson.

873 1793 932 1824 llb-
950 1796 980 1824 6.
1005 1795 1089 1825 Rad.

914 1849 933 1875 5
961 1846 1182 1886 Conturbabit]
1204 1848 1248 1878 W
1248 1847 1283 1878 ill
1298 1858 1391 1888 prove
1401 1848 1572 1891 bankrupt:

873 1895 977 1926 cedet
1006 1896 1092 1928 foro.
1136 1897 1245 1937 Atlas]
1278 1900 1345 1931 Qui
1371 1901 1491 1931 coelum
1517 1903 1574 1932 bn-

873 1947 972 1977 meris
1001 1948 1170 1978 sustinere
1195 1948 1358 1988 fingitur:
1391 1951 1458 1990 vel,
1484 1953 1578 1983 coeli-

873 1997 954 2027 colae
972 2003 1139 2039 quotquot
1155 2000 1301 2031 sustinet
1319 2000 1429 2032 Atlas.
1460 2003 1504 2033 Et
1517 2014 1577 2034 non

872 2047 948 2086 erit,
964 2047 1032 2088 ἐξα]
1069 2049 1144 2079 Nee
1166 2049 1237 2090 ipse
1268 2050 1407 2091 Jupiter
1437 2053 1464 2083 si
1494 2054 1577 2086 velit

873 2100 985 2128 tecum
1016 2097 1189 2139 decidere,
1216 2100 1398 2141 (compound
1419 2105 1481 2134 and
1503 2106 1576 2135 calce

870 2151 962 2179 order
986 2150 1064 2180 with
1079 2150 1175 2191 thee,)
1199 2153 1327 2191 poterit
1357 2154 1488 2185 solvere
1517 2165 1576 2186 un·

872 2199 958 2229 ciam
971 2199 1014 2231 de
1030 2210 1114 2240 asse,
1125 2201 1209 2242 (five
1216 2207 1327 2241 gronts
1337 2204 1370 2234 in
1382 2204 1432 2234 the
1442 2205 1574 2247 pouud.)

872 2250 903 2281 Ο
921 2251 1077 2282 miserum
1091 2252 1307 2284 decoctorem
1323 2255 1443 2286 Jovem
1460 2256 1466 2285 !

913 2305 932 2332 7
959 2302 1158 2343 Capitolinis,
1179 2304 1249 2344 gaz]
1285 2305 1493 2344 Capitolium
1523 2306 1571 2337 in-

870 2352 992 2383 cendio
1018 2353 1233 2394 absumptum
1256 2355 1446 2393 restituisti,
1463 2360 1499 2386 et
1515 2366 1572 2388 no-

870 2413 947 2433 vam
978 2403 1085 2433 aedem
1118 2405 1150 2434 in
1178 2404 1348 2445 Capitolio
1375 2408 1571 2438 excitavisti

870 2453 949 2485 Jovi
980 2453 1126 2485 custodi.
1163 2455 1288 2486 Domit.
1319 2456 1414 2487 Suet.
1433 2467 1509 2497 cap.
1538 2462 1569 2490 5.

871 2507 880 2523 ⁴
894 2507 1045 2538 Plurima
1061 2512 1095 2538 et
1112 2508 1317 2547 amplissima
1337 2518 1441 2549 opera
1455 2509 1569 2541 incen-

871 2559 926 2590 dio
945 2558 1123 2598 absumpta
1138 2558 1303 2596 restituit,
1322 2560 1353 2590 in
1378 2561 1472 2601 queis
1496 2567 1570 2592 erat

871 2614 906 2641 et
929 2610 1146 2650 Capitolium,
1164 2609 1253 2651 quod
1277 2619 1392 2641 rursus
1415 2616 1567 2643 arserat:

872 2661 931 2692 sed
949 2661 1058 2691 omnia
1081 2660 1143 2691 sub
1167 2661 1267 2692 titulo
1285 2666 1416 2693 tantum
1442 2672 1515 2702 suo,
1529 2672 1568 2694 ac

871 2712 943 2742 sine
966 2712 1031 2742 ulla
1055 2711 1190 2752 pristini
1214 2713 1359 2743 auctoris
1384 2713 1569 2744 memoria!

873 2762 971 2794 Unde
996 2763 1178 2803 Eutropius
1205 2763 1263 2795 lib.
1292 2766 1322 2795 7.
1360 2764 1565 2809 Capitolium
