1866 3131
437 203 481 230 xl.
519 201 625 230 x'Al..

220 302 236 329 ⁴l
264 298 376 328 Sancto
407 306 475 326 cum
504 295 594 335 duce]
630 294 719 327 Quia
745 302 872 323 summo

179 349 396 388 magistra1u3
423 346 500 387 quia
518 355 580 385 pro
598 346 673 375 Deo
697 353 732 374 se
758 342 873 373 haberi

178 398 281 427 voluit
299 408 307 434 ;
326 397 401 437 quia
416 405 529 436 aequus
544 397 597 435 (ut
614 393 731 424 Poeta*
745 390 874 432 placet)

177 448 349 488 princeps.
398 445 553 476 Candidus
584 442 718 482 sederet]
756 441 874 473 Albati

179 497 346 528 sedebant
361 504 475 526 omnes
500 500 536 525 et
566 493 670 534 togati
696 493 729 523 iu
758 491 874 522 ludis:

178 549 350 589 Epigram.
370 549 440 578 137.
457 545 513 576 lib.
528 547 579 576 14.

219 602 239 629 6
262 599 350 629 Albis
362 599 490 637 spectat,
517 595 583 635 ise]
620 592 732 625 Dubio
756 592 875 633 procul

180 649 294 689 inique
327 648 478 678 tulerunt
503 646 571 684 Dii,
595 645 689 685 pulla
713 642 875 674 assedisse

178 699 265 729 ludis
284 709 302 729 a
325 699 425 729 Dom.
442 696 542 727 editis
559 695 753 733 Horatium,
773 698 876 733 atquc

178 749 262 780 adeo
275 749 386 779 subita
402 748 478 778 nive
496 746 682 787 perpluissc
696 745 876 784 hominem,

175 804 213 831 ut
227 800 358 831 albatus
376 799 512 830 caeteris
531 798 794 829 assimilaretur.

223 851 326 881 Epio.
343 858 400 881 111.
425 852 440 879 1
469 847 661 887 Tacitarum]
688 847 743 877 De
760 845 878 876 iisdem

177 901 310 930 nivibus
327 904 378 930 est
393 899 458 930 hoc
475 899 717 938 Epigranuna3
734 896 791 928 uhi
808 896 877 926 lau-

179 951 239 981 dat
257 950 446 981 Domitiani
465 949 712 986 constantiam3
735 947 804 988 qui,
821 946 878 976 de-

178 1000 315 1031 cidente
349 1000 437 1035 nive,
475 999 614 1029 immoto
650 999 746 1028 vultu
784 996 880 1027 ludos

176 1053 368 1089 spectaret:
383 1054 419 1079 et
431 1049 550 1079 ultimo
562 1048 646 1079 dicit
659 1057 694 1078 se
706 1048 882 1088 suspicari,

179 1110 198 1131 a
213 1099 282 1130 filio
298 1099 453 1139 Caesaris,
477 1104 608 1130 mortuo
619 1099 691 1139 jam
708 1102 745 1128 et
761 1107 879 1128 conse-

178 1156 286 1189 crato,
302 1150 396 1181 nives
413 1149 574 1180 demissas
587 1149 688 1180 fuisse
705 1148 774 1179 ludi
787 1158 880 1179 caus-

178 1211 223 1231 sa.
248 1201 405 1232 Ramires.
453 1200 646 1240 Tacitarnm]
677 1200 761 1232 Quae
788 1199 878 1229 nullo

177 1251 323 1292 strepitu
336 1252 510 1291 ingruunt,
521 1255 559 1281 ut
570 1249 699 1290 grando
711 1254 747 1280 et
763 1248 879 1280 imber.

185 1303 289 1334 Vellus
303 1301 467 1342 aquarum]
486 1302 608 1333 Nivem
624 1300 738 1332 Graeci
757 1305 880 1332 vocant

178 1354 293 1394 ἐριῶδες
316 1353 403 1393 ὕδωρ.
428 1351 558 1384 Arnob.
576 1354 607 1383 2.
626 1354 677 1382 ll.
701 1352 710 1368 ‘
727 1351 878 1391 plumeas

178 1405 357 1443 crustulam,
387 1408 423 1435 et
452 1404 547 1434 nives
569 1402 743 1443 plumeas!
787 1402 795 1418 ‘
813 1402 881 1435 Qui

178 1454 239 1485 dat
277 1454 391 1485 nivem
421 1453 509 1485 sicut
544 1453 655 1483 lanam
673 1451 694 1483 :'
732 1452 879 1483 Psaltes.

178 1506 188 1521 ‘
204 1505 321 1535 Vellus
334 1504 342 1518 ’
366 1504 462 1544 dicit,
477 1504 556 1546 quia
569 1503 628 1534 nix
652 1502 776 1534 cadens
792 1502 881 1534 simi-

179 1555 218 1585 lis
233 1556 331 1586 lanae.

221 1609 239 1636 3
267 1607 413 1645 Indulget
444 1608 558 1645 tamen,
587 1605 655 1645 Sym]
678 1606 805 1637 Domit.
830 1610 879 1637 ta-

178 1667 268 1696 men,
293 1661 331 1687 ut
348 1657 448 1696 plene
472 1661 687 1696 operaretur,
712 1665 774 1686 nec
786 1656 881 1686 ludos

177 1708 277 1739 hosce
291 1707 322 1737 in
333 1707 427 1739 Jovis
437 1705 523 1736 forte
535 1707 696 1736 honorem
708 1706 881 1736 institutos

180 1758 377 1799 impediret,
416 1756 576 1788 sustinuit
614 1756 676 1787 sub
718 1757 880 1796 ningeute

179 1811 280 1848 Jove,
305 1809 338 1840 id
362 1813 427 1848 est,
452 1808 545 1847 acre,
566 1816 779 1848 permanere.
823 1807 880 1838 Sic

179 1861 316 1892 Sueton.
334 1861 432 1890 Doni.
449 1868 525 1899 cap.
539 1861 572 1890 4.

221 1914 240 1942 4
261 1912 428 1941 Concretas
439 1909 548 1950 aquas]
565 1908 683 1940 Nives.
700 1907 880 1948 Periphra-

180 1962 224 1993 sis
239 1962 494 2001 Philosophica.

223 2016 242 2043 5
268 2012 363 2042 Sidus
380 2009 591 2052 Hyperborei,
616 2008 683 2049 ὅπη]
707 2008 774 2042 Qui
790 2009 842 2040 vel
861 2019 880 2039 a

181 2072 286 2104 puero
300 2062 461 2103 (namque
476 2070 562 2101 pene
574 2069 658 2101 puer
669 2065 789 2090 contra
801 2060 881 2090 Cat-

181 2118 248 2152 tos,
262 2117 296 2143 et
313 2117 434 2153 postea
450 2111 620 2141 Sarmatas
633 2119 672 2140 ac
690 2110 806 2140 Dacos
822 2109 880 2140 de·

182 2166 404 2203 pugnaverat.
430 2162 570 2191 Sueton.
588 2170 662 2201 cap.
684 2163 715 2191 2.
735 2159 883 2199 Domit.)

181 2213 350 2244 didicerat
363 2212 523 2251 tolerare,
535 2212 633 2242 immo
647 2210 815 2252 patientia
831 2210 881 2241 fa-

183 2264 292 2303 tigare
308 2263 415 2303 frigus
426 2262 487 2293 sub
502 2262 612 2302 gelido
629 2262 880 2302 Septentrioue.

187 2313 400 2354 Hyperborei]
437 2313 736 2354 SeptentrioualiS.
755 2312 881 2352 Bvb'tae]

183 2365 324 2400 Sideris,
337 2363 425 2404 quod
440 2364 559 2394 Ursam
574 2364 735 2404 majorem
752 2363 881 2404 insequi

184 2414 392 2454 videtur,qui
405 2418 440 2444 et
452 2413 653 2454 Arctophyl.
665 2423 684 2444 e
694 2416 746 2444 20.
761 2413 880 2445 stellis·

225 2469 245 2497 6
279 2464 424 2505 Helicen]
460 2465 592 2505 Frigus,
618 2464 754 2504 imbres,
784 2465 880 2496 nives

184 2517 358 2554 Boreales,
385 2524 452 2555 qua
476 2514 542 2545 sita
566 2518 619 2546 est
646 2515 771 2546 Helice
803 2525 879 2546 ursa

184 2567 305 2606 major,
328 2575 346 2596 e
362 2568 415 2596 27.
443 2564 564 2596 stellis.
613 2565 815 2596 Dissimulare
830 2576 878 2596 co-

183 2617 259 2656 mis]
283 2617 361 2647 Prae
378 2625 412 2646 se
436 2614 526 2646 ferre
542 2625 607 2646 non
624 2616 837 2648 commoveri.

226 2672 245 2699 7
279 2668 378 2698 Siccis
402 2667 500 2707 aquis,
521 2666 589 2707 ἐξα]
610 2667 765 2706 Nive‚ex
783 2668 878 2709 aquis

184 2722 354 2750 concreta.

663 197 933 229 MARTlALls
976 198 1134 228 Epicu.
1172 198 1262 227 Llll.
1299 198 1359 225 lv.

1506 185 1617 226 1193

966 296 985 321 8
1008 292 1152 331 Suspicor
1167 294 1233 331 hus,
1252 292 1321 332 iva]
1346 290 1542 322 Adulutorie
1570 292 1619 321 in-

924 341 997 372 nuit
1014 343 1108 372 nives
1125 343 1183 372 has
1209 343 1370 373 immissas
1397 352 1414 372 a
1430 351 1533 381 puero
1550 341 1618 371 Do-

923 393 1067 432 mitiani,
1102 402 1201 433 quem
1229 393 1354 423 tulerat
1392 402 1434 422 ex
1468 390 1620 421 Domitia

924 440 1092 482 Augusta,
1116 451 1225 482 nuper
1250 443 1404 473 extincto
1430 441 1515 472 etin
1532 441 1621 472 Deo-

924 501 995 522 rum
1009 492 1120 523 album
1139 492 1257 522 relato.

967 543 1072 573 Epio.
1088 552 1137 573 ιν.
1163 543 1202 573 In
1216 542 1361 582 Bassam]
1383 543 1498 573 Bassa‘.
1510 541 1623 583 cujus-

925 592 1000 624 dam
1030 593 1294 633 graveolentiam
1313 593 1489 632 describit,
1505 593 1622 623 iuduc-

926 644 1017 674 tione
1045 649 1080 674 et
1104 643 1323 674 contentione
1340 652 1448 673 rerum
1467 642 1624 684 gravissi-

925 704 1014 724 mum
1030 693 1168 724 odorem
1184 693 1441 733 exspirantium.

971 748 984 775 l
1015 745 1104 780 Quod
1120 745 1218 784 siccae,
1234 743 1303 784 Qu]
1328 742 1415 773 Vide
1432 742 1622 784 hujusmodi

926 795 1163 836 hynerbolicas
1179 795 1393 833 collationes,
1418 793 1482 834 Ep.
1494 795 1549 824 03.
1565 793 1624 824 lib.

927 848 959 876 6.
984 846 1119 878 Anthol.
1145 847 1204 878 lib.
1222 850 1253 877 2.
1268 855 1344 886 cap.
1363 847 1414 876 111.

970 901 990 929 2
1017 898 1203 936 Crudarum,
1218 898 1286 938 Era]
1301 897 1445 927 Tetrum
1461 904 1624 936 vaporem

929 952 964 978 et
985 947 1159 987 mephitim
1184 956 1225 977 ex
1250 947 1441 987 sulphureis
1459 946 1552 987 aquis
1568 955 1626 976 ex-

931 999 1139 1029 halantium:
1167 998 1259 1039 quasi
1287 1007 1352 1029 non
1381 997 1467 1028 bene
1498 1007 1518 1027 a
1543 996 1624 1027 solis

932 1050 1032 1081 radiis
1057 1055 1315 1080 concoctarum:
1344 1048 1531 1089 Epigr.13.
1557 1047 1578 1079 l.
1595 1050 1625 1078 1.

930 1111 1018 1133 verS.
1037 1103 1067 1132 2.
1118 1099 1353 1131 ‘Crudarum'
1379 1103 1492 1129 autem
1524 1097 1626 1136 dixit,

930 1155 1112 1192 propterea
1127 1150 1215 1192 quod
1228 1151 1293 1181 illae
1310 1149 1441 1180 nebulae
1458 1157 1556 1179 mane
1568 1157 1627 1177 ex-

930 1202 1093 1241 citantur,
1109 1206 1290 1242 autequam
1306 1200 1393 1232 Solis
1409 1199 1511 1230 radiis
1523 1198 1629 1228 veluti

930 1252 1165 1294 decoquantur
1186 1262 1295 1294 aquae,
1311 1256 1344 1282 et
1360 1250 1528 1282 matutino
1544 1253 1627 1280 tem-

930 1313 1013 1344 pore
1043 1303 1111 1335 sint
1141 1302 1248 1334 veluti
1279 1301 1405 1342 crudae,
1430 1301 1463 1331 id
1481 1304 1544 1340 est,
1560 1310 1627 1331 non

930 1357 1039 1385 coctae
1065 1354 1143 1385 solis
1158 1353 1280 1384 ardore
1299 1364 1307 1385 :
1332 1361 1408 1383 nam
1423 1352 1516 1383 calor
1531 1351 1630 1381 meri-

930 1404 997 1435 diei
1011 1404 1156 1436 discutit
1184 1403 1324 1435 nebulas
1346 1403 1434 1442 inas,
1462 1407 1496 1433 et
1521 1401 1627 1433 etiam

931 1463 1044 1485 earum
1059 1454 1336 1495 graveolentiam.
1351 1454 1504 1484 Ramires.
1531 1453 1627 1484 Albu-

930 1505 1044 1545 larum]
1082 1504 1136 1536 Ad
1164 1503 1340 1545 planitiem
1355 1503 1476 1534 Tiburi
1494 1502 1627 1543 subjec-

931 1560 1000 1586 tam
1026 1556 1215 1586 scaturiunt
1241 1564 1336 1596 aquae
1361 1553 1496 1594 gelidae,
1517 1563 1591 1594 quae
1609 1562 1629 1583 a

931 1606 1182 1641 colorelacteo,
1209 1614 1309 1646 quem
1334 1613 1353 1634 a
1383 1604 1477 1634 venis
1502 1603 1629 1635 habent-

932 1655 1134 1695 sulphureis‚
1146 1654 1276 1685 Albnlae
1290 1654 1509 1693 dicuntur‚ut
1525 1653 1582 1684 lib.
1596 1656 1626 1684 l.

933 1706 1050 1746 Epigr.
1074 1708 1125 1736 13.
1142 1704 1291 1735 dictum:
1316 1707 1325 1721 ‘
1341 1704 1501 1745 Canaque
1523 1701 1628 1733 sulfu-

931 1756 998 1787 reis
1014 1755 1141 1787 Albula
1154 1754 1264 1786 fumat
1280 1754 1398 1796 aquis!

973 1809 992 1836 3
1019 1806 1166 1845 Piscinae,
1193 1805 1262 1845 Sym]
1285 1806 1314 1836 E
1339 1805 1451 1836 balnei
1478 1805 1623 1846 piscina,

931 1867 1006 1898 quae
1025 1866 1123 1898 aquae
1140 1856 1291 1887 foetentis
1307 1860 1372 1896 est,
1394 1861 1429 1887 et
1449 1858 1543 1897 quasi
1560 1867 1628 1888 ma-

930 1908 1022 1939 riuae.
1036 1907 1218 1948 Augustiu.
1233 1907 1377 1947 princip.
1391 1906 1538 1937 Dialect.
1554 1917 1629 1949 cap.

928 1961 961 1989 6.
1006 1958 1143 1989 Piscinoe
1171 1962 1271 1998 vetus,
1294 1957 1364 1999 Era]
1388 1958 1451 1988 Vel
1469 1967 1531 1998 per
1558 1957 1631 1996 Hy-

931 2009 1099 2050 pallagen,
1113 2017 1194 2049 pro:
1213 2007 1302 2050 quod
1319 2007 1451 2038 redolet
1464 2017 1547 2038 aura
1559 2007 1629 2048 pis-

930 2060 1016 2091 cinae
1034 2059 1172 2090 marinae
1188 2058 1332 2089 veteris:
1368 2067 1445 2088 nam
1461 2068 1549 2099 aqua
1561 2067 1631 2088 ma·

931 2111 1015 2149 rina,
1046 2109 1074 2139 si
1100 2114 1354 2149 corrumpatur,
1378 2108 1466 2149 quod
1484 2108 1631 2139 crassior

929 2160 973 2191 sit
989 2160 1123 2191 caeteris
1137 2160 1244 2200 aquis,
1262 2159 1360 2200 pejus
1375 2159 1455 2190 olet.
1471 2158 1629 2191 Ramires.

972 2214 991 2241 ⁴
1018 2211 1108 2246 Quod
1131 2219 1235 2250 pressa
1255 2209 1362 2250 piger]
1397 2208 1543 2242 Quando
1569 2209 1628 2240 diu

931 2261 963 2291 in
981 2261 1072 2292 coitu
1096 2262 1305 2299 immoratur,
1321 2265 1359 2290 ut
1372 2264 1409 2290 et
1424 2259 1481 2290 lib.
1495 2262 1527 2289 3.
1546 2259 1629 2300 Epi-

931 2322 1071 2351 gramm.
1096 2315 1149 2343 93.
1175 2311 1288 2343 dixit:
1329 2312 1338 2328 ‘
1357 2311 1402 2341 Et
1432 2310 1514 2341 illud
1537 2311 1630 2341 oleas

931 2362 1020 2404 quod
1032 2362 1094 2392 viri
1111 2360 1343 2402 capellarum-³
1368 2361 1465 2392 Idem.

971 2417 989 2443 5
1013 2411 1119 2451 Lassi]
1143 2413 1258 2452 Longa
1274 2411 1396 2442 militia
1412 2415 1447 2442 et
1461 2416 1628 2452 provecta

931 2469 1047 2495 aetate.
1090 2464 1213 2496 ,lunius
1239 2462 1322 2502 legit
1352 2461 1442 2501 Lazi,
1466 2462 1521 2502 qui
1547 2463 1628 2503 Scy-

931 2515 1010 2546 thiae
1033 2523 1114 2554 pop.
1153 2512 1307 2543 Bar-Aiaci
1320 2511 1367 2552 os]
1405 2511 1525 2543 Militis
1555 2512 1630 2544 bar-

929 2565 1016 2605 bari,
1028 2564 1082 2595 cui
1097 2562 1207 2604 gravis
1220 2562 1338 2593 animm
1352 2561 1447 2592 odor.
1481 2562 1628 2593 Bardiaei

930 2621 1041 2648 autem
1055 2614 1187 2655 Illyrici
1204 2613 1331 2654 populi,
1358 2622 1498 2653 quorum
1525 2622 1628 2653 opera

930 2667 972 2697 ad
996 2665 1148 2696 crudelia
1174 2673 1234 2695 sua
1259 2662 1448 2694 ministeria
1473 2672 1550 2693 usus
1573 2668 1627 2694 est

930 2716 1071 2748 Marius.
1112 2714 1286 2747 Plutarch.
1310 2713 1399 2744 Mar.
1433 2712 1554 2744 Gravis
1570 2723 1626 2745 au-
