1866 3131
276 190 388 230 1430
722 201 861 230 No'rAE

276 301 304 331 E
322 300 419 331 tortis
431 300 542 340 juncis
561 305 654 331 texta
671 306 798 341 sporta,
815 303 868 332 vel
882 306 972 333 testa

276 350 448 381 turbinata
465 350 499 380 in
514 356 609 380 metae
625 350 784 382 formam:
802 358 837 383 ut
852 353 970 393 Epigr.

275 402 330 431 44.
349 400 403 431 lib.
422 403 449 430 l.
473 410 518 431 vs,
545 404 577 432 7.
601 412 700 441 quam
725 402 780 433 lib.
804 407 833 433 5.
851 403 969 443 Epigr.

276 453 328 482 18.
342 451 429 481 dixit
445 453 452 468 ‘
467 456 598 482 acutam
613 453 758 484 ‘testam'

317 503 338 531 2
377 502 529 542 Coctana]
574 501 718 533 Κόττανα
751 501 827 534 εἶδος
863 506 970 534 συκῶν.

275 551 448 592 Epigram.
466 554 516 582 89.
533 552 591 582 lib.
608 556 638 584 4.
655 563 740 584 vers.
757 557 788 584 6.

315 603 421 633 EPIG.
449 611 554 634 xx1x.
579 605 791 644 Damascena]
826 605 876 634 Ex
903 604 969 633 Da-

274 662 388 684 masco
404 653 523 693 Syriae.

318 706 334 734 1
375 704 502 743 Rugnsa
531 704 674 744 senecloe]
717 705 800 736 Quae
830 704 968 743 siccata,

273 760 512 795 vetustateque
541 755 614 794 ipsa
637 755 711 795 jam
734 759 912 785 contracta
936 754 967 784 in

275 814 386 844 rugas.

317 855 418 886 Eric.
445 863 540 886 xxx.
580 857 595 885 1
622 855 763 894 Inmgz'ne
786 854 880 894 lance]
914 853 967 885 An

272 905 360 935 lunae
377 904 507 936 forma?
535 905 633 938 Quod
648 905 736 936 sorte
748 905 879 945 insigne
894 910 968 936 erat

272 955 389 993 Lunae,
407 956 524 995 oppidi
555 955 714 993 Etruriae‚
740 957 832 996 cujus
850 961 965 996 portus

272 1011 308 1034 et
323 1004 410 1035 lunae
428 1004 601 1036 referebat
627 1005 818 1045 imaginem.

315 1056 420 1086 Eme.
446 1065 552 1087 xxxx.
585 1059 604 1087 2
640 1056 765 1087 Vestino
793 1058 830 1086 <le
855 1055 967 1096 grege]

272 1105 405 1136 Vestini
420 1106 535 1145 populi
552 1105 678 1146 Italiae,
693 1106 825 1137 Sabinis
853 1106 966 1137 vicini.

272 1156 380 1186 Massa
394 1157 491 1197 venit]
507 1157 634 1188 Caseus
650 1158 739 1189 lacte
755 1167 870 1198 presso
887 1157 966 1188 etin

272 1215 413 1237 massam
426 1207 612 1247 coagulato.

317 1256 420 1287 Epm.
437 1265 559 1288 xxxn.
582 1260 602 1287 2
623 1258 848 1298 Velabrensem]
863 1259 965 1289 Vela-

272 1304 369 1335 brum
386 1307 478 1336 locus
493 1307 606 1337 Roman
625 1317 729 1348 prope
746 1308 962 1339 Aventinum.

270 1356 279 1371 ‘
298 1355 421 1386 Fumus
457 1356 661 1396 [imbibitus]
688 1362 791 1397 auget
819 1358 963 1397 gratiam

272 1405 375 1442 casei,
392 1405 498 1446 qualis
514 1405 548 1436 in
574 1405 647 1446 ipsa
672 1407 767 1437 Urbe
785 1406 965 1437 conficitur

271 1455 404 1485 cunctis
432 1454 700 1495 praeferendus?
724 1457 813 1486 Plin.
836 1457 895 1488 lib.
914 1460 964 1489 11.

270 1514 347 1545 cap.
365 1507 418 1535 42.
455 1505 517 1540 Qui
541 1505 631 1544 bibit]
657 1506 695 1536 In
713 1507 859 1537 Velabro
876 1508 964 1538 enim

269 1556 383 1585 multae
423 1561 519 1586 erant
551 1557 718 1594 caseariae,
764 1566 823 1587 seu
854 1557 965 1588 taber-

269 1615 334 1643 nae,
357 1604 414 1635 ubi
430 1606 573 1636 Veteres
599 1616 717 1637 caseos
742 1607 964 1647 reponebant,

269 1660 304 1686 et
319 1654 426 1685 fumos
443 1655 561 1686 bibere
578 1655 822 1688 instituebant:
849 1667 963 1688 recens

269 1705 357 1736 enim
375 1706 432 1736 ille
445 1715 561 1737 caseus
578 1706 748 1737 fistulosus
765 1713 852 1748 erat,
866 1713 900 1739 et
915 1708 964 1739 fa-

267 1756 331 1787 cile
347 1756 522 1787 hauriebat
538 1756 677 1788 fumum.
702 1759 784 1788 Rad.

311 1807 417 1838 Eric.
434 1816 570 1840 xxxm.
594 1812 606 1839 1
632 1809 763 1840 Trebula
776 1821 830 1841 nos
839 1812 962 1852 genuit]

268 1856 371 1887 Vicus
403 1857 435 1887 in
463 1857 607 1890 Sabinis.
633 1860 751 1900 Epigr.
774 1864 823 1892 71.
848 1862 906 1893 lib.
930 1867 961 1894 5.

266 1916 355 1937 vers.
387 1910 415 1937 1.
462 1909 658 1940 Commendat
697 1912 804 1949 gratia
832 1913 960 1953 duplex]

266 1957 353 1987 Usus
370 1955 495 1996 duplex
512 1959 606 1989 nobis
618 1964 682 1996 est,
695 1966 729 1991 et
746 1961 874 1992 duobus
891 1972 959 1993 mo-

266 2006 317 2036 dis
347 2016 422 2036 cuni
453 2008 619 2039 suavitate
651 2009 684 2040 in
716 2011 826 2042 cibum
863 2022 959 2052 para-

266 2065 352 2086 mur.

307 2101 326 2129 2
351 2099 425 2130 Sit-e
441 2100 649 2140 leviflamma]
668 2101 747 2133 Sive
765 2108 932 2135 torremur
949 2115 957 2135 t

265 2150 394 2180 toasted.
439 2150 512 2181 Sive
524 2152 683 2182 domamur
698 2154 791 2194 aqua]
813 2155 889 2185 Sive
903 2155 960 2186 de-

264 2199 430 2231 scobinati
455 2210 667 2234 maceramur
679 2204 768 2244 jure.

307 2251 414 2282 Eme.
432 2260 564 2284 xxxiv.
592 2257 611 2284 2
645 2255 769 2295 Bulbi-3,
793 2257 862 2296 Qu]
893 2258 958 2290 Qui

263 2300 431 2332 Venerem
446 2302 576 2335 inflant.
594 2305 644 2335 Ex
657 2305 706 2335 his
719 2316 797 2337 vero
810 2317 884 2338 cum
899 2318 957 2340 nu-

263 2352 344 2382 cleis
360 2353 480 2393 pineis,
496 2363 608 2392 eruca,
624 2355 755 2396 pipere,
770 2357 804 2388 in
815 2359 957 2398 nuptiali

262 2412 358 2433 coena
369 2413 493 2442 sponso
511 2403 673 2436 ferculum
688 2408 797 2447 parari
813 2409 957 2441 solitum.

262 2452 363 2483 Alex.
392 2454 445 2484 ab.
477 2453 660 2487 Alexandr.
691 2457 748 2488 lib.
768 2460 799 2488 2.
832 2469 906 2499 cap.
924 2463 955 2491 5.

263 2503 355 2534 citat
386 2503 542 2543 adagium
562 2505 745 2538 Athenaeus
764 2508 821 2539 lib.
834 2511 864 2539 2.
881 2519 955 2549 cap.

261 2556 314 2584 23.
347 2553 443 2584 Οὐδέν
458 2555 486 2584 α’
507 2554 607 2592 ὀνήσει
631 2557 758 2598 Βολβὸς,
772 2558 808 2589 ἂν
822 2559 863 2597 μὴ
880 2560 955 2601 νεῦρ’

260 2615 347 2644 εχῃς.

295 2654 398 2687 Eme.
414 2664 528 2689 xxxv.
555 2660 570 2687 l
608 2658 693 2689 Filia
722 2660 858 2699 Picenae,
885 2662 952 2702 ἃμ]

262 2703 438 2735 Farcimen
459 2715 477 2736 e
493 2707 635 2738 concisis
659 2710 812 2741 carnibus
840 2721 953 2751 porcae

259 2752 292 2783 iu
308 2763 386 2793 agro
404 2755 587 2787 Picentino
604 2763 706 2790 natae.
728 2761 813 2791 Vide
832 2761 952 2802 Epigr.

899 201 1156 231 VARIORUM
1195 203 1240 232 ΙΝ

1020 297 1071 325 46.
1087 295 1142 325 lib.
1156 300 1186 326 4.
1206 296 1689 337 veras.etEpigr.78.1ib.5.

1062 347 1081 374 2
1106 345 1266 383 Pultibus,
1282 345 1349 385 δῖα]
1390 346 1476 376 Oras
1505 346 1628 386 patinae
1654 347 1710 377 ha-

1020 394 1129 425 bentis
1148 396 1273 434 pultem
1297 405 1339 425 ex
1367 395 1480 426 tritico
1503 396 1709 426 circumdat:

1021 450 1056 474 ut
1080 445 1266 484 EpigrffS.
1300 445 1396 476 lib.5.
1428 455 1513 476 verS.
1528 449 1559 477 9.
1597 446 1652 477 Sic
1676 451 1710 477 et

1018 495 1115 526 hodie
1132 495 1172 526 ad
1192 496 1369 526 brassicam
1387 500 1613 536 apponuntur.

1061 549 1166 579 Eme.
1186 557 1315 580 xxxvi.
1339 552 1358 579 4
1385 550 1511 579 Picenis
1521 549 1620 588 venit]
1639 548 1711 579 Oli-

1018 609 1067 628 vae
1094 598 1232 638 optimae
1249 608 1291 629 ex
1309 609 1389 639 agro
1407 599 1537 630 Piceno
1550 599 1583 629 in
1600 599 1711 629 Italia,

1017 648 1189 688 Subducta]
1236 649 1431 688 Subtracta,
1455 649 1528 680 oleo
1559 658 1623 679 non
1654 659 1711 680 ex·

1018 710 1144 740 presso,
1178 701 1319 740 integra.
1368 702 1525 742 Trapetis]
1566 703 1713 741 Trapes,

1017 750 1093 787 etis,
1111 751 1163 780 vel
1180 756 1362 790 trapetum,
1378 758 1429 782 est
1446 753 1533 782 mola
1550 752 1686 782 olivaria
1702 764 1710 789 3

1017 800 1070 829 vel
1085 801 1313 842 praeliini‚q1¹0
1325 803 1434 833 oleum
1452 802 1673 842 exprimitur:
1691 812 1710 833 a

1015 846 1125 889 τρέπω,
1140 856 1247 891 verto,
1262 852 1370 884 volvo.
1402 852 1520 892 Epigr.
1534 856 1588 883 28.
1605 853 1663 884 lib.
1677 856 1709 883 7.

1017 904 1147 932 vers.3.

1067 955 1086 982 2
1104 953 1246 989 Inchoat,
1264 957 1354 993 atque
1370 953 1488 994 eadem]
1506 953 1556 984 Ad
1572 955 1712 985 incitan-

1017 1002 1094 1032 dum
1122 1005 1340 1034 stomachum.
1379 1004 1469 1034 Finit
1496 1005 1576 1035 oliva
1601 1005 1706 1044 dapes]

1017 1051 1071 1082 Ad
1087 1053 1269 1084 tollendum
1289 1053 1472 1084 fastidium.

1059 1104 1322 1135 EP1G.xxxv11.
1349 1108 1363 1135 1
1392 1105 1558 1145 Corcyraei,
1572 1105 1638 1145 Em]
1659 1106 1707 1136 Ex

1015 1152 1112 1185 horto
1129 1154 1274 1195 Alcinoi,
1290 1155 1377 1196 regis
1402 1156 1597 1195 Phaeacum,
1617 1157 1647 1186 in
1664 1157 1711 1186 iu-

1014 1204 1085 1234 sula
1103 1205 1261 1245 Corcyra.

1055 1256 1074 1283 2
1098 1255 1161 1285 Aut
1181 1256 1244 1286 lzoec
1270 1256 1412 1295 Massyli,
1438 1256 1507 1295 ἐγὼ]
1534 1255 1603 1286 Aut
1621 1256 1707 1287 Hcs-

1014 1305 1167 1345 periduni
1195 1307 1301 1338 mala:
1350 1306 1467 1346 Epigr.
1490 1310 1542 1337 94.
1570 1307 1628 1337 lib.
1653 1310 1703 1337 10.

1014 1366 1100 1387 vers.
1121 1360 1148 1387 1.
1179 1357 1300 1397 Neque
1327 1359 1392 1388 alia
1406 1357 1592 1389 creduntur
1608 1358 1709 1388 fuisse

1013 1415 1116 1436 aurea
1130 1406 1188 1436 illa
1205 1417 1315 1446 poma,
1329 1419 1426 1449 quam
1443 1409 1514 1439 haec
1533 1409 1709 1445 Aurantia,

1014 1456 1133 1494 citrea,
1159 1456 1307 1488 Medica.
1362 1458 1548 1489 Athenaeus
1576 1457 1660 1488 libro
1677 1461 1707 1488 3.

1013 1515 1086 1545 cap.
1103 1509 1174 1537 4.7.
1192 1512 1225 1537 et
1239 1511 1291 1538 43.

1056 1557 1159 1588 Erro.
1184 1566 1343 1589 xxxvia.
1383 1559 1571 1599 colostrum]
1608 1559 1706 1599 Belg.

1013 1606 1113 1637 Riest.

1056 1658 1070 1685 1
1102 1657 1246 1688 Nondum
1271 1659 1426 1690 stantibus
1452 1660 1561 1700 hoedis]
1591 1660 1706 1690 Prius-

1013 1717 1110 1748 quam
1129 1708 1252 1739 hneduli
1277 1719 1392 1740 reeens
1421 1711 1491 1742 nati
1519 1711 1707 1741 erexissent

1013 1766 1048 1787 se
1059 1762 1093 1788 et
1107 1758 1336 1790 admovissent
1349 1761 1507 1791 uberibus
1521 1770 1591 1791 ora.
1617 1761 1706 1793 Plin.

1055 1808 1160 1839 Eme.
1181 1818 1313 1840 xxxix.
1348 1813 1363 1840 1
1400 1811 1513 1850 Viriai,
1537 1810 1603 1850 ἔξω]
1639 1811 1704 1841 Ro-

1013 1858 1094 1889 dens
1114 1859 1261 1890 virentes
1278 1861 1445 1901 palmites.

1053 1913 1072 1940 2
1096 1910 1160 1940 Det
1173 1921 1288 1951 poenas,
1303 1912 1372 1952 ξω]
1389 1913 1397 1929 ‘
1411 1913 1584 1944 Mactetur
1597 1913 1705 1944 hostia

1012 1960 1160 1999 Baccho,
1184 1962 1282 1993 Quod
1300 1968 1435 1993 teneras
1467 1964 1551 1993 vites
1581 1964 1703 1994 roserit

1009 2010 1081 2050 ipse
1095 2015 1193 2042 tener
1205 2025 1212 2050 ;
1225 2011 1233 2024 '
1267 2012 1369 2043 Ovid.
1386 2013 1516 2043 Fastor.
1531 2016 1562 2042 1.
1584 2015 1592 2028 ‘
1607 2013 1702 2043 Rode

1009 2070 1113 2100 caper
1143 2062 1272 2098 vitem,’
1294 2065 1357 2093 ἃς.
1402 2063 1559 2101 Ἀνθολογ.
1585 2063 1614 2095 ά.
1632 2065 1703 2100 Κῆν

1007 2122 1044 2148 με
1059 2110 1159 2152 φάγῃς
1174 2110 1223 2141 ἐπὶ
1237 2111 1335 2152 ῥίζαν,
1349 2115 1412 2144 &c-
1433 2121 1501 2154 κεφ.
1525 2113 1585 2146 στ’.
1622 2116 1704 2146 Hm-

1009 2160 1081 2191 dilli
1098 2162 1218 2191 mensis
1243 2163 1329 2202 grati
1346 2174 1353 2193 ;
1389 2165 1570 2195 tenerrima
1586 2174 1700 2196 eorum

1008 2220 1098 2241 caro.

1050 2262 1152 2292 Epic„
1169 2270 1228 2293 XL.
1254 2266 1269 2293 1
1299 2264 1438 2295 Candida
1462 2267 1543 2296 unda
1566 2267 1701 2307 vitellos]

1007 2310 1155 2341 Lacteus
1172 2312 1281 2352 liquor
1296 2314 1326 2343 in
1345 2315 1515 2347 albumine
1529 2317 1594 2348 ovi.

1048 2364 1067 2392 2
1093 2362 1263 2402 Hesperius
1283 2365 1422 2405 scombri,
1449 2367 1518 2407 ὅκῃ]
1557 2368 1700 2400 Condito

1005 2420 1068 2441 ova
1099 2422 1181 2452 garo
1220 2414 1384 2454 Hispano.
1428 2418 1599 2457 Epigram.
1626 2422 1699 2450 102.

1004 2460 1101 2492 infra.
1160 2463 1345 2505 Hesperius
1385 2467 1469 2497 enim
1497 2468 1607 2509 liquor
1647 2474 1700 2500 est

1004 2521 1132 2551 garum.

1047 2563 1151 2594 Eme..
1168 2573 1239 2595 xm.
1266 2568 1282 2596 1
1307 2566 1401 2598 Lacte
1417 2578 1510 2607 mero,
1526 2569 1595 2609 Qun]
1626 2571 1697 2601 Ma-

1004 2612 1035 2642 lo
1051 2613 1153 2644 edere
1173 2614 1354 2647 lactentem
1384 2619 1583 2658 porcellum,
1598 2630 1695 2660 quam

1003 2672 1142 2703 aprum:
1167 2666 1222 2695 ille
1240 2667 1316 2697 milii
1335 2670 1445 2709 sapit;
1476 2680 1543 2701 non
1561 2671 1695 2703 invideo

1003 2714 1102 2745 lautis
1123 2725 1251 2754 aprum.

1045 2768 1064 2796 2
1093 2766 1133 2796 Ee
1150 2767 1266 2806 AElolo,
1281 2768 1348 2808 Era]
1374 2770 1416 2800 Et
1432 2769 1528 2800 diviti
1548 2780 1695 2812 appona-
