1866 3131
396 203 442 231 M.
480 202 586 231 VAL.

119 306 192 327 nofe
226 301 369 328 monetae
397 298 527 329 duobus
559 298 734 337 terunciiS,
764 298 817 328 vel

120 348 221 377 etiam
239 349 406 388 plumbeae
421 359 430 387 ;
445 358 589 389 namque
602 354 638 379 et
651 347 816 389 quadran-

120 402 170 427 tes
180 399 327 437 plumbei
343 399 504 430 Romanis
516 398 686 439 quondam
698 398 731 428 in
742 408 815 429 usu.

165 451 201 478 17
226 449 359 490 Milites]
382 449 508 480 Millies
534 450 731 480 sestertium
746 449 816 480 sive

117 500 240 531 millies
263 504 407 531 centena
433 500 536 530 millia
548 500 754 538 sestertium,
770 499 817 530 vi-

119 551 188 581 cies
205 551 381 592 quinquies
396 555 541 581 centena
555 550 656 580 millia
667 555 817 581 scutato-

119 611 189 631 rum
205 603 254 632 vel
268 607 506 632 coronatorum
522 601 574 631 vel
586 601 817 641 Philippeum,

116 656 299 692 7‚500‚000.
311 652 527 684 florenorum.
539 653 725 684 Gronovius.
737 653 816 683 Mil-

116 705 185 742 lies,
200 704 269 743 ssa]
295 703 420 734 Millies
434 707 581 733 centena
601 704 707 734 millia
720 704 763 735 H.
779 704 814 734 S.

116 755 149 785 id
168 760 232 793 est,
247 757 398 794 781‚250.
422 753 482 785 lib.

150 805 254 836 Erus.
267 813 313 836 cr.
329 807 344 835 1
362 805 527 845 Mammas,
538 804 608 844 timu]
618 805 741 835 Puella
753 805 816 835 sibi

115 856 292 897 visa,quod
301 856 455 887 viverent
467 862 566 896 pater
576 862 610 887 et
622 861 815 887 maten-eum

117 908 284 947 nutriciis,
308 917 392 948 quos
415 907 518 938 etiam
542 912 658 947 patres
688 912 722 938 et
747 917 814 938 ma-

115 964 185 989 tres
211 958 290 999 (pro
319 957 428 998 more)
452 957 664 998 appellabat,
678 958 732 988 vei
749 968 814 998 quo

106 1008 223 1048 junior
238 1008 345 1038 videri
358 1008 477 1048 possit,
491 1008 640 1038 seniores
651 1017 699 1047 se,
710 1008 813 1039 inter-

113 1057 192 1087 dum
204 1059 431 1096 coaevas,=,im0
444 1057 640 1097 etjuniores
655 1058 815 1089 salutavit

111 1108 368 1150 appellavitque
402 1117 620 1139 mammarum
659 1113 694 1139 et
729 1113 813 1139 tata-

112 1169 197 1197 rum,
214 1165 349 1200 patrum
361 1160 494 1191 scilicet
503 1165 716 1201 matrumque
729 1170 814 1200 prae-

111 1211 256 1249 nomine,
286 1220 362 1241 cum
391 1211 465 1251 ipsa
487 1211 558 1252 jam
575 1212 688 1241 vetula
710 1216 813 1248 esset,

111 1261 329 1302 ipsorumque
347 1261 468 1292 abavia
482 1262 591 1292 videri
610 1266 734 1302 posset.

153 1312 257 1343 Eme.
274 1321 337 1343 cn.
361 1316 376 1343 1
397 1313 673 1353 Ilmvn11111cs‚3fc.]
697 1312 813 1344 Deflet

109 1361 324 1393 immaturam
348 1363 518 1395 Demetrii
545 1363 658 1394 famuli
676 1374 812 1394 amanu-

109 1413 198 1444 ensis
213 1419 370 1454 mortem,
386 1420 422 1445 et
455 1415 551 1444 simul
569 1419 707 1445 aetatem
724 1415 810 1455 ejus,

108 1468 144 1494 et
168 1465 454 1496 narratiunculam
480 1465 522 1496 de
549 1465 627 1496 data
650 1465 810 1497 libertate

109 1516 263 1555 apponit.
300 1515 431 1555 illarius]
469 1516 538 1546 Hic
568 1516 708 1556 ponitur
748 1526 809 1556 pro

109 1575 207 1596 servo
230 1567 441 1605 amanuensi,
457 1567 552 1606 cujus
580 1566 810 1605 characteres,

110 1617 232 1657 quibus
281 1616 491 1657 depingebat
529 1617 700 1647 Martialis
737 1617 808 1657 epi-

110 1671 306 1705 grammata,
332 1667 512 1706 placebant
538 1667 745 1707 Caesaribus,
767 1667 808 1697 ad

108 1726 190 1757 quos
205 1717 264 1747 illa
279 1717 510 1748 mittebantur.
538 1716 690 1748 Ramires.

150 1769 170 1797 2
193 1767 340 1807 Domino,
363 1767 506 1807 notaque]
540 1768 628 1798 Mihi
671 1767 807 1798 domino

110 1819 211 1860 ejus;
252 1820 318 1859 vel,
350 1819 413 1860 ipsi
441 1820 620 1850 Demetrio
650 1818 744 1858 felix,
770 1824 807 1850 ut

109 1880 183 1910 quae
201 1869 428 1901 exscribendo
458 1879 532 1901 mea
563 1870 712 1901 carmina
740 1869 805 1900 sibi

106 1921 238 1951 laudem
266 1924 302 1951 et
329 1921 483 1951 notitiam
511 1921 602 1962 apud
620 1921 705 1952 Caes.
726 1930 804 1952 con-

106 1976 223 2003 secuta
237 1973 292 2003 sit.
326 1971 514 2012 Coesuribus]
542 1971 623 2002 Tito
639 1975 674 2002 et
690 1971 805 2002 Domi·

107 2021 212 2053 tiano.

146 2075 164 2102 3
188 2072 357 2111 Destituit,
372 2072 441 2113 ⁸50]
467 2072 564 2104 Obiit
586 2070 803 2113 florentijam

105 2128 206 2156 aetate
223 2128 258 2155 et
275 2124 385 2155 viridi.

145 2179 165 2207 4
191 2177 312 2212 Quarta
339 2176 453 2216 tribus]
478 2176 724 2207 Novemdecim
747 2186 803 2207 na-

106 2233 159 2259 tus
190 2237 306 2258 annos.
334 2227 474 2267 Lustris]
509 2228 682 2267 Lustrum,
709 2228 803 2269 quin-

106 2279 289 2320 quennium
318 2283 382 2310 est.
432 2279 546 2309 Messi-s
576 2279 703 2319 quartu]
741 2280 804 2310 Est

105 2334 248 2370 quartus
264 2338 382 2359 annus.

147 2384 164 2410 5
191 2381 240 2411 Ne
250 2382 360 2418 tamen,
375 2379 445 2419 δῖα]
470 2380 525 2410 Ne
547 2384 658 2410 tamen
675 2389 741 2410 non
764 2380 802 2411 li-

102 2433 164 2463 ber
179 2436 380 2469 moreretur,
396 2431 555 2471 cavimus,
569 2430 748 2472 (Anglice)
757 2443 803 2464 we

100 2484 261 2523 provided.

144 2538 165 2565 6
193 2535 306 2565 Ureret
332 2531 409 2572 lues]
434 2531 553 2562 Febris
578 2542 653 2573 quae
665 2531 802 2573 πυρετὸς,

102 2586 176 2616 aive
192 2584 250 2615 illa
271 2582 375 2614 fuerit
391 2586 568 2622 mentagra
597 2592 672 2623 quae
699 2593 801 2624 supra

102 2637 211 2677 epigr.
236 2637 288 2666 79.

144 2690 163 2717 7
184 2683 345 2724 Cavimus]
366 2683 593 2724 Providimus,
606 2683 799 2715 cautionem

104 2738 144 2769 de
159 2737 320 2768 libertate
335 2734 500 2765 dedimus.

145 2790 166 2818 9
189 2787 305 2825 Sensit,
318 2784 387 2825 Sym]
409 2784 559 2815 Moriens
581 2784 718 2825 agnovit
743 2785 799 2817 be-

625 202 895 231 MAR'I'lAms
932 203 1089 233 Efficit.
1127 206 1217 235 hili.
1252 207 1281 236 1.

1457 197 1567 237 1129

868 297 1026 328 neficium
1056 309 1179 339 meum,
1206 310 1272 341 quo
1288 309 1363 331 eum
1381 310 1422 330 ex
1444 301 1566 333 merito

868 357 928 378 suo
960 348 1103 380 liberum
1134 360 1207 380 esse
1247 351 1566 391 pronunciaveram.

871 399 1054 437 Patronum,
1069 400 1139 439 Sym]
1160 402 1216 431 Sic
1239 403 1327 432 enim
1345 401 1457 432 liberti
1475 412 1567 442 eum,

867 458 886 479 a
895 459 961 489 quo
969 451 1161 481 manumissi
1177 457 1266 490 sunt,
1278 453 1452 492 appellare
1464 453 1567 485 soliti.

912 501 952 529 10
965 499 1073 540 Liber]
1091 501 1285 540 Maluisset,
1296 503 1566 542 opinor‚servire

867 549 957 589 apud
974 560 1128 591 superos,
1141 562 1240 593 quam
1256 552 1340 584 liber
1355 554 1403 585 ire
1420 555 1461 585 ad
1481 554 1566 586 infe-

868 610 932 631 ros.
977 601 1061 633 Rau.

910 652 1015 683 Eric..
1033 661 1115 684 cur.
1141 656 1156 683 1
1178 654 1241 689 Qui
1261 654 1380 694 pinxit,
1394 655 1463 695 85⁶2]
1488 657 1565 688 Pic-

867 706 920 732 tor
935 703 991 743 qui
1010 703 1297 743 pinxitVeuerem
1315 707 1565 746 tua1n,Lycori,

866 754 1038 784 blanditus
1051 760 1104 786 est
1118 755 1298 796 Minervae,
1310 757 1450 788 Veneris
1463 769 1566 799 quon-

866 804 942 834 dam
971 804 1013 836 de
1042 806 1294 846 pulchritudine
1318 809 1458 847 aemulae‚
1481 810 1565 840 adeo

865 853 1050 885 deformem
1092 856 1217 896 pinxit.
1273 858 1357 888 Tum
1391 859 1564 890 sciendum

865 904 1024 946 Lycorim
1041 907 1154 946 lupam
1178 907 1305 939 fuisse:
1329 908 1484 950 luparum
1508 919 1566 940 au-

865 955 1009 986 tistitem
1020 957 1203 997 Venerem,
1216 968 1314 989 nemo
1327 959 1483 999 ignorat:
1502 960 1565 998 vel,

863 1007 872 1022 ‘
886 1007 991 1047 puto,’
1008 1007 1040 1038 id
1059 1013 1125 1048 est,
1139 1014 1176 1040 ut
1195 1009 1348 1048 videtui-3
1385 1011 1497 1051 pictor
1513 1017 1565 1042 est

864 1057 1045 1098 Minervae,
1060 1059 1114 1089 cui
1139 1060 1278 1090 similior
1298 1061 1407 1101 imago
1423 1066 1483 1092 tua
1500 1062 1565 1102 Ly-

865 1108 934 1138 cori
952 1118 1052 1149 quam
1065 1110 1204 1141 Veneri.
1251 1111 1406 1142 Pictores
1424 1113 1564 1152 insuper

864 1158 898 1189 in
928 1159 1099 1191 Minervae
1130 1161 1291 1191 clientela
1321 1167 1408 1194 sunt.
1470 1162 1563 1194 Hinc

864 1219 1006 1241 acumen
1024 1211 1134 1251 epigr.
1151 1214 1205 1242 41.
1224 1212 1244 1242 l.
1259 1217 1289 1243 5.

906 1261 1009 1292 EPIG.
1026 1270 1101 1292 crv.
1129 1265 1141 1292 l
1163 1262 1200 1292 Si
1212 1263 1364 1302 dederint,
1379 1264 1447 1304 ὅτι]
1466 1264 1563 1304 Ejus-

862 1309 939 1340 dem
971 1313 1163 1352 argumenti
1190 1317 1241 1344 est
1270 1313 1333 1344 hoc
1351 1323 1428 1344 cum
1452 1314 1562 1355 epigr.

862 1370 892 1393 C.
910 1362 1000 1402 quod
1019 1362 1108 1394 vide.

905 1414 924 1442 2
951 1412 1066 1443 Factus
1095 1414 1196 1454 eques]
1230 1413 1314 1455 Alii,
1340 1417 1474 1446 nondum
1491 1415 1561 1454 jus-

861 1465 923 1501 tus,
934 1462 966 1493 id
979 1467 1042 1502 est,
1056 1473 1120 1494 non
1136 1465 1270 1505 plenum
1284 1467 1458 1507 etjustum
1473 1476 1562 1498 asse-

861 1518 985 1554 quutus
1001 1524 1136 1546 censum
1157 1516 1294 1557 equitis,
1321 1517 1378 1558 qui
1402 1516 1562 1558 quadrin-

861 1570 965 1605 genta
981 1572 1117 1600 sestert.
1132 1568 1240 1608 idest,
1251 1569 1405 1609 Anglicae
1414 1575 1561 1601 monetae

861 1617 901 1646 L.
913 1619 1009 1649 3125.
1028 1618 1142 1649 Quare
1155 1619 1208 1649 cui
1226 1620 1352 1660 aliquid
1365 1630 1406 1651 ex
1420 1631 1460 1651 ea
1473 1631 1561 1651 sum—

860 1666 915 1696 ma
938 1667 1070 1708 deerat,
1096 1678 1161 1699 non
1195 1675 1270 1700 erat
1291 1671 1407 1711 justus
1446 1681 1562 1712 equeS,

860 1717 937 1757 quia
954 1719 1108 1749 omnibus
1137 1720 1288 1761 equitum
1307 1721 1492 1761 privilegiis
1510 1722 1560 1753 uti

859 1776 925 1798 non
956 1773 1105 1809 poterat,
1129 1779 1271 1811 quorum
1302 1781 1368 1801 non
1400 1777 1475 1802 erat
1507 1781 1559 1803 se-

858 1820 939 1850 dere
957 1820 989 1850 in
1007 1821 1264 1861 quatuordecim
1281 1821 1469 1862 ordinibus,
1484 1822 1559 1862 lege

858 1870 1002 1901 Roscia:
1030 1871 1107 1902 vide
1124 1871 1146 1902 l.
1162 1874 1194 1902 4.
1211 1871 1319 1912 epigr.
1337 1874 1391 1903 67.

899 1924 919 1952 4
945 1921 1079 1961 Fut-iles,
1095 1922 1165 1962 ξω]
1188 1923 1196 1939 ‘
1210 1922 1240 1953 Ο
1254 1922 1372 1954 faciles
1387 1923 1469 1954 dare
1482 1934 1559 1965 pra-

856 1982 897 2002 va
913 1971 995 2003 deos
1008 1971 1028 2003 !'
1068 1973 1166 2004 Risus
1184 1973 1287 2004 etiam
1300 1973 1334 2004 in
1347 1974 1425 2005 Diis
1441 1974 1558 2016 benig-

855 2023 973 2054 nitatis
1005 2027 1040 2054 et
1065 2024 1291 2055 concessionis
1314 2024 1460 2064 signum.
1503 2026 1559 2057 Sic

856 2074 878 2105 Ι.
893 2076 923 2104 ’2.
940 2074 1047 2114 epigr.
1061 2077 1092 2106 7.
1112 2074 1153 2106 de
1172 2075 1303 2106 Roma:
1328 2076 1337 2093 ‘
1354 2076 1496 2114 Risisti;
1519 2077 1557 2106 li-

855 2130 911 2156 cet
929 2135 1024 2166 ergo,
1047 2135 1111 2156 nec
1134 2129 1311 2158 vetamur.'
1356 2127 1438 2158 Risu
1466 2128 1556 2158 enim

856 2176 930 2216 quis
956 2176 1094 2206 videtur
1134 2186 1295 2216 annuere,
1334 2183 1371 2208 ut
1396 2182 1431 2208 et
1459 2178 1481 2209 1.
1523 2181 1555 2209 G.

855 2226 963 2266 epigr.
982 2228 1034 2256 82.
1083 2226 1239 2257 Ramz'res.

898 2280 916 2306 5
941 2276 1106 2307 Sordidior
1128 2277 1238 2317 multo]
1276 2278 1427 2308 Primum
1456 2289 1554 2316 argu-

855 2331 1005 2357 mentum
1028 2326 1238 2368 ἁνελευθερίας
1252 2338 1270 2358 a
1285 2329 1430 2359 vestium
1448 2329 1554 2360 sordi-

855 2377 916 2408 bus
945 2382 980 2408 et
1009 2378 1163 2408 vilitate:
1198 2383 1235 2409 ut
1260 2388 1341 2419 ergo
1364 2378 1553 2419 μικρολόγων

855 2432 968 2459 vestes
1000 2428 1145 2459 sordidae
1162 2432 1197 2459 et
1212 2428 1360 2469 ῥυπαραί;
1382 2431 1551 2461 lautorum

853 2483 983 2517 contra,
997 2479 1114 2509 nitidae
1138 2483 1173 2510 et
1190 2489 1298 2519 purae,
1314 2480 1445 2512 Graecis
1462 2485 1553 2513 καθα-

851 2528 910 2569 ραί.
957 2529 1091 2560 Heruld.

893 2583 912 2611 7
936 2582 1054 2621 Deque,
1070 2581 1232 2621 Explicat,
1243 2581 1314 2622 ξω]
1338 2583 1367 2613 Ε
1384 2585 1436 2614 10.
1453 2583 1551 2615 olivis

851 2632 960 2671 major
986 2641 1064 2673 pars
1088 2637 1282 2663 reservatur
1308 2633 1341 2663 in
1359 2634 1548 2673 proximam

851 2692 993 2713 coenam.
1039 2681 1138 2714 Quod
1156 2691 1238 2722 ergo
1265 2687 1314 2713 est
1332 2683 1473 2715 hominis
1489 2683 1548 2716 foe-

849 2732 983 2764 dissime
1005 2731 1222 2773 σμικρολόγου,
1237 2734 1368 2774 qualem
1384 2734 1548 2766 describit

849 2783 951 2817 etiam
965 2783 1123 2815 Juvenal.
1138 2783 1212 2815 Sat.
1229 2786 1279 2815 14.
1296 2786 1367 2816 129.
1384 2785 1392 2801 ‘
1405 2784 1546 2816 Hester-
