1866 3131
610 176 657 204 Μ.
694 175 802 210 νΑι..
837 175 1127 206 MAR'riALls.
1477 167 1584 207 1471

200 296 250 300 —
272 273 388 311 Paris.
412 280 468 312 12.
491 274 588 311 Voll.
613 286 661 312 11.
683 274 779 325 typis
795 275 951 323 Josephi
972 276 1138 319 Barbou,
1161 290 1195 313 c.
1219 276 1309 327 figg.

204 337 304 381 1764
332 340 423 375 Ant.
445 338 492 375 de
513 338 621 387 Ιὶοο)1
642 337 885 386 Conjecturae
904 337 989 375 crit.
1009 338 1044 374 in
1064 344 1195 388 poetas
1213 347 1288 377 vet.
1302 346 1341 377 et
1355 339 1586 377 Martialem.

141 399 247 449 Traj.
268 400 315 437 ad
338 402 410 438 Ru.
432 407 469 440 8.

205 469 302 506 1782
337 465 557 509 Manliemii‚
579 477 668 501 cura
701 471 739 501 et
772 464 962 501 sumtibus
994 465 1195 502 Societalis
1229 467 1400 511 literam,
1440 472 1475 504 8.
1497 479 1585 515 qua:

148 512 320 576 sequitur
340 528 432 565 edit.
463 528 669 565 Parisinam
690 541 753 577 ap.
781 528 948 573 Barbou,
981 535 1017 565 et
1049 529 1262 566 Martialem
1296 543 1369 567 uon
1401 537 1583 567 resectum

146 590 314 629 exhibet.

199 738 281 774 Nos
302 744 445 775 textum
461 738 651 785 Scriverii‚
667 751 690 775 a
707 738 929 775 Schrevelio
946 738 1198 787 recognitum,
1212 738 1439 789 recepimuS‚
1456 739 1584 778 denuo

146 801 324 838 collatum
347 815 366 838 a
387 802 496 838 nobis
517 815 604 839 cum
627 802 841 839 Raderiano
860 810 899 839 et
921 802 1169 839 Farnabiano.
1225 803 1328 840 Inter
1349 804 1471 841 varias
1490 805 1586 842 vari-

146 877 253 902 orum
274 872 473 903 auctorum
494 866 588 902 vitas
616 865 815 909 Martialis,
849 878 935 901 cum
970 865 1098 914 potior
1133 865 1246 903 nobis
1281 867 1363 904 visa
1397 874 1495 905 esset
1523 868 1586 905 illa

146 929 288 966 Matth.
311 929 463 975 Raderi,
484 943 528 967 ex
563 930 647 978 ipso
671 929 846 966 Martiale
865 930 1108 974 concinnata,
1140 930 1256 979 priori
1285 944 1369 968 eam
1402 931 1585 969 volumini

145 992 415 1039 praemisimus.
473 993 653 1031 Secundo
674 993 856 1030 volumini
883 993 1110 1042 adjecimus,
1131 995 1296 1031 eundem
1325 995 1585 1034 Schrevelium

144 1056 278 1099 secuti,
301 1056 569 1105 Appendicem
592 1057 917 1106 Epigrammatum
941 1057 1107 1094 Martiali
1129 1058 1204 1094 sive
1227 1071 1309 1095 vere
1338 1056 1415 1095 sive
1447 1072 1586 1110 perpe-

146 1130 222 1155 ram
251 1120 550 1169 suppositorum,
582 1120 649 1168 (cf.
672 1121 721 1158 cl.
743 1122 794 1158 G.
826 1123 868 1158 E.
903 1121 1088 1170 Lessingii
1121 1121 1354 1158 Vermischte
1388 1122 1585 1161 Schriften

146 1182 284 1220 Berlin.
318 1190 429 1227 1771.
461 1184 512 1221 Τ.
537 1195 566 1221 1.
589 1184 638 1220 de
660 1185 837 1221 Martiale
854 1189 881 1231 ξ.
903 1187 958 1231 4.)
980 1198 1055 1221 uno
1088 1185 1385 1235 Epigrammate,
1405 1186 1517 1223 nobis
1540 1199 1584 1224 x.

144 1245 354 1283 auctiorem
374 1261 383 1289 ;
413 1247 515 1294 quod
537 1260 584 1284 ex
607 1247 752 1284 Codice
783 1247 968 1292 Salmasii,
990 1249 1055 1296 qui
1077 1261 1178 1285 nunc
1200 1255 1303 1286 extat
1322 1250 1359 1285 in
1383 1249 1586 1287 bibliothe-

145 1322 190 1346 ca
211 1310 312 1359 regia
332 1311 514 1355 Parisims,
535 1323 557 1346 a
573 1309 705 1346 Gudio
725 1309 959 1358 descriptum
981 1309 1126 1359 primus
1147 1310 1183 1347 in
1212 1311 1336 1348 lucem
1359 1312 1516 1361 protulit
1538 1314 1586 1350 cl.

145 1373 360 1422 Lessingius
380 1373 404 1410 l.
427 1386 460 1410 c.
496 1372 774 1421 Subjunximus
796 1372 962 1418 taudem,
986 1386 1062 1422 quo
1084 1374 1157 1410 sibi
1179 1376 1431 1423 responderet
1450 1376 1586 1413 utrius-

147 1449 221 1486 que
240 1437 443 1473 voluminis
461 1437 579 1474 nostri
612 1436 848 1486 plagularum
881 1449 1072 1482 numerus,
1106 1437 1353 1475 Diversorum
1385 1444 1585 1489 poetarum

144 1500 181 1536 in
200 1499 378 1549 Priapum
401 1501 536 1544 Lusus,
564 1514 609 1537 ex
636 1500 839 1537 novissima
864 1514 992 1537 eorum
1025 1501 1203 1547 editione,
1229 1514 1314 1551 quae
1347 1502 1490 1552 prodiit
1522 1516 1585 1540 an.

152 1569 262 1606 1781.
285 1564 362 1601 sine
383 1564 456 1600 loci
476 1570 515 1601 et
534 1564 770 1613 impressoris
792 1569 892 1600 nota.
951 1564 1008 1600 De
1028 1564 1070 1601 iis
1092 1564 1228 1601 videsis
1249 1565 1437 1603 Notitiam
1463 1565 1586 1603 litera-

147 1627 238 1664 riam
257 1626 293 1664 in
316 1627 462 1677 Virgilii
481 1627 600 1665 nostri
620 1628 707 1665 Vol.
730 1638 781 1665 ll.
803 1640 841 1677 p.
864 1633 953 1665 255.

685 1784 1054 1827 VERSIONES.

201 1887 387 1925 Gallicam
410 1886 617 1924 versionem
641 1885 967 1936 Epigrammatum
985 1885 1152 1922 omnium
1172 1887 1369 1932 Martialis,
1388 1890 1584 1938 etprosai-

148 1965 232 1989 cam
264 1958 300 1988 et
322 1951 529 1995 metricam,
551 1949 640 1987 fecit
660 1949 782 1986 Mich.
814 1949 861 1985 (le
892 1949 1085 1993 Marones,
1103 1949 1219 1986 Paris.
1256 1949 1368 1988 1655.
1389 1958 1426 1989 4.
1449 1959 1587 1990 utram-

147 2029 221 2065 que
240 2015 338 2051 haud
363 2015 487 2064 magni
508 2014 630 2063 pretii.
684 2013 862 2051 Juvencii
883 2013 1072 2050 Gallicam
1108 2015 1382 2064 metaphrasin,
1403 2023 1442 2053 et
1464 2016 1585 2053 Faillii

147 2080 183 2116 in
219 2078 434 2116 Martialem
456 2084 566 2115 notas
585 2084 795 2114 memorant
826 2083 1000 2114 auctores
1027 2077 1075 2114 de
1095 2078 1289 2115 l'Histoire
1310 2078 1377 2115 des
1397 2092 1584 2127 ouvrages

147 2143 215 2179 des
251 2145 395 2179 Savans
436 2142 549 2186 1693.
586 2142 688 2179 NOV.
725 2154 766 2191 p.
802 2146 887 2178 130.
920 2140 975 2176 ‘le
996 2141 1038 2177 P.
1055 2141 1240 2178 Jouvenci
1274 2142 1420 2179 Jesuite
1441 2155 1461 2179 a
1481 2144 1582 2192 pub-

148 2206 195 2241 lie
218 2218 289 2242 une
309 2205 526 2243 traduction
547 2205 613 2242 des
636 2203 900 2254 Epigrammes
933 2202 981 2240 de
1002 2204 1173 2249 Martial‚
1197 2204 1332 2242 demtis
1370 2205 1586 2244 obscoenis!

148 2267 206 2303 Id.
226 2280 265 2316 p.
291 2272 375 2304 131.
406 2268 487 2304 ‘M.
520 2267 567 2305 de
602 2267 637 2304 la
673 2267 785 2304 Faille
806 2279 828 2303 a
848 2266 977 2315 publie
1009 2266 1191 2316 quelques
1227 2268 1339 2317 petits
1380 2281 1582 2318 ouvrages,

149 2343 297 2367 comme
316 2331 384 2367 des
401 2337 507 2368 notes
529 2344 592 2368 sur
612 2331 792 2367 Martial!

202 2394 430 2431 Germanice
444 2393 591 2443 singula
604 2393 793 2431 Martialis
810 2393 1092 2442 Epigrammata
1110 2405 1139 2428 s.
1155 2397 1360 2439 verterunt,
1377 2407 1404 2430 s.
1417 2395 1582 2433 carmine

149 2457 350 2494 vernaculo
366 2456 499 2493 imitati
517 2463 618 2500 suut,
631 2457 745 2492 Mart.
760 2455 1187 2506 Opitzius‚wer11ikius‚
1198 2455 1397 2501 Trimerus,
1412 2458 1581 2496 Tscher-

148 2521 311 2570 ningius,
334 2520 521 2564 Weissius,
562 2523 783 2569 Anonymus
820 2520 855 2556 in
893 2518 1129 2555 Collectione
1169 2519 1375 2556 carminum
1413 2523 1580 2559 comico-

148 2597 245 2628 rum,
273 2583 490 2634 lyricorum,
523 2589 562 2620 et
601 2583 1011 2632 epigrammaticorum‚
1045 2582 1220 2619 Francos.
1254 2589 1290 2620 et
1324 2584 1430 2633 Lips.
1468 2585 1582 2629 1764.

149 2647 363 2697 Hymmius,
386 2646 629 2691 Wilkensius‚
650 2652 687 2683 et
707 2646 770 2694 qui
802 2658 931 2682 omnes
966 2645 1077 2682 facile
1097 2652 1181 2694 post
1203 2659 1239 2682 se
1261 2646 1438 2697 relinquit
1458 2648 1506 2685 cl.
1528 2649 1579 2686 G,
