<?xml version="1.0" encoding="UTF-8"?>
<!DOCTYPE html PUBLIC "-//W3C//DTD XHTML 1.0 Transitional//EN"
    "http://www.w3.org/TR/xhtml1/DTD/xhtml1-transitional.dtd">
<html xmlns="http://www.w3.org/1999/xhtml" xml:lang="en" lang="en">
 <head>
  <title>
</title>
<meta http-equiv="Content-Type" content="text/html;charset=utf-8" />
  <meta name='ocr-system' content='tesseract 3.04.00' />
  <meta name='ocr-capabilities' content='ocr_page ocr_carea ocr_par ocr_line ocrx_word'/>
</head>
<body>
  <div class='ocr_page' id='page_1' title='image "./epigrammataexedi03martuoft_0028.png"; bbox 0 0 1866 3131; ppageno 0'>
   <div class='ocr_carea' id='block_1_1' title="bbox 288 136 398 177">
    <p class='ocr_par' dir='ltr' id='par_1_1' title="bbox 288 136 398 177">
     <span class='ocr_line' id='line_1_1' title="bbox 288 136 398 177; baseline 0 0"><span class='ocrx_word' id='word_1_1' title='bbox 288 136 398 177; x_wconf 71' lang='grc'><strong>1088</strong></span> 
     </span>
    </p>
   </div>
   <div class='ocr_carea' id='block_1_2' title="bbox 278 238 986 2753">
    <p class='ocr_par' dir='ltr' id='par_1_2' title="bbox 286 238 985 281">
     <span class='ocr_line' id='line_1_2' title="bbox 286 238 985 281; baseline -0.003 -9"><span class='ocrx_word' id='word_1_2' title='bbox 286 240 503 281; x_wconf 82' lang='lat' dir='ltr'>scopulisque</span> <span class='ocrx_word' id='word_1_3' title='bbox 520 238 733 270; x_wconf 77' lang='lat' dir='ltr'>latitantibus</span> <span class='ocrx_word' id='word_1_4' title='bbox 750 238 985 270; x_wconf 86' lang='lat' dir='ltr'>movebantur.</span> 
     </span>
    </p>

    <p class='ocr_par' dir='ltr' id='par_1_3' title="bbox 285 289 986 631">
     <span class='ocr_line' id='line_1_3' title="bbox 329 289 986 330; baseline -0.006 -8"><span class='ocrx_word' id='word_1_5' title='bbox 329 295 348 322; x_wconf 82' lang='grc'>4</span> <span class='ocrx_word' id='word_1_6' title='bbox 374 292 502 329; x_wconf 78' lang='lat' dir='ltr'>Nemus,</span> <span class='ocrx_word' id='word_1_7' title='bbox 519 289 586 329; x_wconf 67' lang='grc' dir='ltr'>ᾃ·ε.]</span> <span class='ocrx_word' id='word_1_8' title='bbox 622 289 725 320; x_wconf 81' lang='lat' dir='ltr'>Horti</span> <span class='ocrx_word' id='word_1_9' title='bbox 739 289 849 320; x_wconf 87' lang='lat' dir='ltr'>aureis</span> <span class='ocrx_word' id='word_1_10' title='bbox 866 289 986 330; x_wconf 79' lang='lat' dir='ltr'>pomiS,</span> 
     </span>
     <span class='ocr_line' id='line_1_4' title="bbox 287 339 985 382; baseline -0.004 -8"><span class='ocrx_word' id='word_1_11' title='bbox 287 343 320 374; x_wconf 91' lang='lat' dir='ltr'>id</span> <span class='ocrx_word' id='word_1_12' title='bbox 338 348 402 382; x_wconf 86' lang='lat' dir='ltr'>est,</span> <span class='ocrx_word' id='word_1_13' title='bbox 417 342 526 373; x_wconf 80' lang='lat' dir='ltr'>citriis</span> <span class='ocrx_word' id='word_1_14' title='bbox 551 347 605 381; x_wconf 85' lang='lat' dir='ltr'>(ut</span> <span class='ocrx_word' id='word_1_15' title='bbox 622 339 729 372; x_wconf 78' lang='lat' dir='ltr'><strong>refert</strong></span> <span class='ocrx_word' id='word_1_16' title='bbox 747 351 764 370; x_wconf 87' lang='lat' dir='ltr'>e</span> <span class='ocrx_word' id='word_1_17' title='bbox 780 340 880 372; x_wconf 78' lang='lat' dir='ltr'>Jubae</span> <span class='ocrx_word' id='word_1_18' title='bbox 895 350 985 371; x_wconf 85' lang='lat' dir='ltr'>com—</span> 
     </span>
     <span class='ocr_line' id='line_1_5' title="bbox 286 391 984 433; baseline -0.004 -8"><span class='ocrx_word' id='word_1_19' title='bbox 286 393 666 425; x_wconf 84' lang='lat' dir='ltr'>mentariisAEmilianus</span> <span class='ocrx_word' id='word_1_20' title='bbox 681 391 769 433; x_wconf 88' lang='lat' dir='ltr'>apud</span> <span class='ocrx_word' id='word_1_21' title='bbox 783 391 984 422; x_wconf 68' lang='lat' dir='ltr'>Athenaeum</span> 
     </span>
     <span class='ocr_line' id='line_1_6' title="bbox 287 442 984 484; baseline -0.004 -9"><span class='ocrx_word' id='word_1_22' title='bbox 287 445 344 475; x_wconf 90' lang='lat' dir='ltr'>lib.</span> <span class='ocrx_word' id='word_1_23' title='bbox 360 447 391 475; x_wconf 86' lang='lat'>3.</span> <span class='ocrx_word' id='word_1_24' title='bbox 407 453 480 484; x_wconf 83' lang='lat' dir='ltr'>cap.</span> <span class='ocrx_word' id='word_1_25' title='bbox 503 442 550 484; x_wconf 88' lang='lat'>6.)</span> <span class='ocrx_word' id='word_1_26' title='bbox 567 443 730 483; x_wconf 79' lang='lat' dir='ltr'>insignes,</span> <span class='ocrx_word' id='word_1_27' title='bbox 753 452 835 484; x_wconf 89' lang='lat' dir='ltr'>quos</span> <span class='ocrx_word' id='word_1_28' title='bbox 860 442 984 473; x_wconf 87' lang='lat' dir='ltr'>habue-</span> 
     </span>
     <span class='ocr_line' id='line_1_7' title="bbox 285 491 983 534; baseline -0.006 -8"><span class='ocrx_word' id='word_1_29' title='bbox 285 500 364 526; x_wconf 88' lang='lat' dir='ltr'>runt</span> <span class='ocrx_word' id='word_1_30' title='bbox 380 496 413 526; x_wconf 90' lang='lat' dir='ltr'>in</span> <span class='ocrx_word' id='word_1_31' title='bbox 425 499 579 526; x_wconf 83' lang='lat' dir='ltr'>extrema</span> <span class='ocrx_word' id='word_1_32' title='bbox 593 493 771 534; x_wconf 84' lang='lat' dir='ltr'>AEthiopiae</span> <span class='ocrx_word' id='word_1_33' title='bbox 790 498 889 533; x_wconf 87' lang='lat' dir='ltr'>parte</span> <span class='ocrx_word' id='word_1_34' title='bbox 905 491 983 523; x_wconf 84' lang='lat' dir='ltr'>filiae</span> 
     </span>
     <span class='ocr_line' id='line_1_8' title="bbox 286 543 984 587; baseline -0.004 -9"><span class='ocrx_word' id='word_1_35' title='bbox 286 546 437 587; x_wconf 84' lang='lat' dir='ltr'>Hesperi</span> <span class='ocrx_word' id='word_1_36' title='bbox 459 545 573 577; x_wconf 86' lang='lat' dir='ltr'>fratris</span> <span class='ocrx_word' id='word_1_37' title='bbox 600 544 764 576; x_wconf 82' lang='lat' dir='ltr'>Atlantis.</span> <span class='ocrx_word' id='word_1_38' title='bbox 794 545 875 584; x_wconf 80' lang='lat' dir='ltr'>Leg.</span> <span class='ocrx_word' id='word_1_39' title='bbox 892 543 984 575; x_wconf 89' lang='lat' dir='ltr'>Plin.</span> 
     </span>
     <span class='ocr_line' id='line_1_9' title="bbox 286 597 719 631; baseline -0.005 -3"><span class='ocrx_word' id='word_1_40' title='bbox 286 598 310 631; x_wconf 87' lang='grc'>1.</span> <span class='ocrx_word' id='word_1_41' title='bbox 325 600 375 628; x_wconf 84' lang='lat'>19.</span> <span class='ocrx_word' id='word_1_42' title='bbox 391 606 421 627; x_wconf 90' lang='lat' dir='ltr'>c.</span> <span class='ocrx_word' id='word_1_43' title='bbox 434 600 465 628; x_wconf 82' lang='lat'>4.</span> <span class='ocrx_word' id='word_1_44' title='bbox 478 597 553 627; x_wconf 91' lang='lat' dir='ltr'>etl.</span> <span class='ocrx_word' id='word_1_45' title='bbox 570 598 623 627; x_wconf 83' lang='lat'>37.</span> <span class='ocrx_word' id='word_1_46' title='bbox 642 605 672 628; x_wconf 89' lang='lat' dir='ltr'>c.</span> <span class='ocrx_word' id='word_1_47' title='bbox 686 599 719 626; x_wconf 86' lang='lat'>2.</span> 
     </span>
    </p>

    <p class='ocr_par' dir='ltr' id='par_1_4' title="bbox 282 644 984 990">
     <span class='ocr_line' id='line_1_10' title="bbox 328 644 983 687; baseline -0.006 -8"><span class='ocrx_word' id='word_1_48' title='bbox 328 652 346 679; x_wconf 91' lang='grc'><strong>5</strong></span> <span class='ocrx_word' id='word_1_49' title='bbox 371 648 543 685; x_wconf 78' lang='lat' dir='ltr'>Pecudum,</span> <span class='ocrx_word' id='word_1_50' title='bbox 567 645 637 687; x_wconf 63' lang='lat' dir='ltr'>fisa]</span> <span class='ocrx_word' id='word_1_51' title='bbox 674 646 731 677; x_wconf 90' lang='lat' dir='ltr'>Al.</span> <span class='ocrx_word' id='word_1_52' title='bbox 757 645 887 677; x_wconf 79' lang='lat' dir='ltr'>Pecori:</span> <span class='ocrx_word' id='word_1_53' title='bbox 913 644 983 683; x_wconf 85' lang='lat' dir='ltr'>alii,</span> 
     </span>
     <span class='ocr_line' id='line_1_11' title="bbox 283 695 983 739; baseline -0.007 -10"><span class='ocrx_word' id='word_1_54' title='bbox 283 699 434 739; x_wconf 79' lang='lat' dir='ltr'><strong><em>pecudum</em></strong></span> <span class='ocrx_word' id='word_1_55' title='bbox 468 706 568 737; x_wconf 82' lang='lat' dir='ltr'>genus</span> <span class='ocrx_word' id='word_1_56' title='bbox 607 700 698 736; x_wconf 80' lang='lat' dir='ltr'>atque</span> <span class='ocrx_word' id='word_1_57' title='bbox 719 697 882 734; x_wconf 82' lang='lat' dir='ltr'>serarum:</span> <span class='ocrx_word' id='word_1_58' title='bbox 923 695 983 725; x_wconf 90' lang='lat' dir='ltr'>sed</span> 
     </span>
     <span class='ocr_line' id='line_1_12' title="bbox 285 746 983 782; baseline -0.01 0"><span class='ocrx_word' id='word_1_59' title='bbox 285 750 428 782; x_wconf 83' lang='lat' dir='ltr'>acutiori</span> <span class='ocrx_word' id='word_1_60' title='bbox 457 758 557 780; x_wconf 89' lang='lat' dir='ltr'>sensu</span> <span class='ocrx_word' id='word_1_61' title='bbox 583 748 772 779; x_wconf 77' lang='lat' dir='ltr'>retineatur</span> <span class='ocrx_word' id='word_1_62' title='bbox 795 752 893 777; x_wconf 82' lang='lat' dir='ltr'>vetus</span> <span class='ocrx_word' id='word_1_63' title='bbox 916 746 983 776; x_wconf 91' lang='lat' dir='ltr'>lec-</span> 
     </span>
     <span class='ocr_line' id='line_1_13' title="bbox 286 795 984 840; baseline -0.009 -9"><span class='ocrx_word' id='word_1_64' title='bbox 286 801 355 831; x_wconf 85' lang='lat' dir='ltr'>tio:</span> <span class='ocrx_word' id='word_1_65' title='bbox 392 808 504 840; x_wconf 86' lang='lat' dir='ltr'>neque</span> <span class='ocrx_word' id='word_1_66' title='bbox 532 798 619 829; x_wconf 90' lang='lat' dir='ltr'>enim</span> <span class='ocrx_word' id='word_1_67' title='bbox 645 797 793 838; x_wconf 75' lang='lat' dir='ltr'>pecudes</span> <span class='ocrx_word' id='word_1_68' title='bbox 823 795 984 826; x_wconf 86' lang='lat' dir='ltr'>domesti—</span> 
     </span>
     <span class='ocr_line' id='line_1_14' title="bbox 283 847 984 891; baseline -0.01 -9"><span class='ocrx_word' id='word_1_69' title='bbox 283 859 346 891; x_wconf 83' lang='lat' dir='ltr'>cae,</span> <span class='ocrx_word' id='word_1_70' title='bbox 373 849 433 880; x_wconf 87' lang='lat' dir='ltr'>sed</span> <span class='ocrx_word' id='word_1_71' title='bbox 470 847 555 879; x_wconf 84' lang='lat' dir='ltr'>ferae</span> <span class='ocrx_word' id='word_1_72' title='bbox 596 847 769 888; x_wconf 83' lang='lat' dir='ltr'>Orpheum</span> <span class='ocrx_word' id='word_1_73' title='bbox 810 847 984 885; x_wconf 85' lang='lat' dir='ltr'>insecutae,</span> 
     </span>
     <span class='ocr_line' id='line_1_15' title="bbox 283 897 982 942; baseline -0.009 -10"><span class='ocrx_word' id='word_1_74' title='bbox 283 910 382 942; x_wconf 87' lang='lat' dir='ltr'>quas,</span> <span class='ocrx_word' id='word_1_75' title='bbox 409 909 494 931; x_wconf 88' lang='lat' dir='ltr'>voce</span> <span class='ocrx_word' id='word_1_76' title='bbox 515 899 605 929; x_wconf 87' lang='lat' dir='ltr'>illius</span> <span class='ocrx_word' id='word_1_77' title='bbox 633 897 757 929; x_wconf 86' lang='lat' dir='ltr'>blanda</span> <span class='ocrx_word' id='word_1_78' title='bbox 773 897 982 937; x_wconf 68' lang='lat' dir='ltr'>citharaeque</span> 
     </span>
     <span class='ocr_line' id='line_1_16' title="bbox 282 948 906 990; baseline -0.008 -7"><span class='ocrx_word' id='word_1_79' title='bbox 282 961 366 983; x_wconf 83' lang='lat' dir='ltr'>sono</span> <span class='ocrx_word' id='word_1_80' title='bbox 381 950 553 987; x_wconf 86' lang='lat' dir='ltr'>delinitas,</span> <span class='ocrx_word' id='word_1_81' title='bbox 570 949 728 981; x_wconf 81' lang='lat' dir='ltr'>crederes</span> <span class='ocrx_word' id='word_1_82' title='bbox 746 948 906 990; x_wconf 87' lang='lat' dir='ltr'>pecudes.</span> 
     </span>
    </p>

    <p class='ocr_par' dir='ltr' id='par_1_5' title="bbox 282 997 982 1284">
     <span class='ocr_line' id='line_1_17' title="bbox 325 997 981 1042; baseline -0.008 -10"><span class='ocrx_word' id='word_1_83' title='bbox 325 1005 346 1032; x_wconf 87' lang='lat'>6</span> <span class='ocrx_word' id='word_1_84' title='bbox 369 1002 475 1032; x_wconf 81' lang='lat' dir='ltr'>Multa</span> <span class='ocrx_word' id='word_1_85' title='bbox 489 1000 634 1042; x_wconf 80' lang='lat' dir='ltr'><strong><em>pependit</em></strong></span> <span class='ocrx_word' id='word_1_86' title='bbox 648 999 730 1040; x_wconf 79' lang='lat' dir='ltr'>avis]</span> <span class='ocrx_word' id='word_1_87' title='bbox 754 999 827 1030; x_wconf 89' lang='lat' dir='ltr'>Filo</span> <span class='ocrx_word' id='word_1_88' title='bbox 843 998 897 1029; x_wconf 88' lang='lat' dir='ltr'>vel</span> <span class='ocrx_word' id='word_1_89' title='bbox 916 997 981 1028; x_wconf 86' lang='lat' dir='ltr'>reti</span> 
     </span>
     <span class='ocr_line' id='line_1_18' title="bbox 282 1049 981 1087; baseline -0.007 -4"><span class='ocrx_word' id='word_1_90' title='bbox 282 1051 443 1082; x_wconf 73' lang='lat' dir='ltr'>coercitae</span> <span class='ocrx_word' id='word_1_91' title='bbox 481 1050 677 1082; x_wconf 89' lang='lat' dir='ltr'>tenuissimo</span> <span class='ocrx_word' id='word_1_92' title='bbox 711 1059 754 1080; x_wconf 84' lang='lat' dir='ltr'>ne</span> <span class='ocrx_word' id='word_1_93' title='bbox 792 1049 981 1087; x_wconf 88' lang='lat' dir='ltr'>avolarent,</span> 
     </span>
     <span class='ocr_line' id='line_1_19' title="bbox 282 1098 981 1133; baseline -0.004 -1"><span class='ocrx_word' id='word_1_94' title='bbox 282 1112 362 1133; x_wconf 84' lang='lat' dir='ltr'>aves</span> <span class='ocrx_word' id='word_1_95' title='bbox 377 1102 504 1132; x_wconf 82' lang='lat' dir='ltr'>multae.</span> <span class='ocrx_word' id='word_1_96' title='bbox 550 1102 606 1132; x_wconf 85' lang='lat' dir='ltr'>Sic</span> <span class='ocrx_word' id='word_1_97' title='bbox 622 1099 724 1132; x_wconf 91' lang='lat' dir='ltr'>Ovid.</span> <span class='ocrx_word' id='word_1_98' title='bbox 746 1101 755 1116; x_wconf 91' lang='lat'>‘</span> <span class='ocrx_word' id='word_1_99' title='bbox 772 1100 852 1130; x_wconf 88' lang='lat' dir='ltr'>Tale</span> <span class='ocrx_word' id='word_1_100' title='bbox 865 1098 981 1130; x_wconf 83' lang='lat' dir='ltr'>nemus&#39;</span> 
     </span>
     <span class='ocr_line' id='line_1_20' title="bbox 283 1150 982 1193; baseline -0.003 -11"><span class='ocrx_word' id='word_1_101' title='bbox 283 1158 377 1184; x_wconf 78' lang='lat' dir='ltr'>vates</span> <span class='ocrx_word' id='word_1_102' title='bbox 389 1156 595 1191; x_wconf 80' lang='lat' dir='ltr'>attraxerat,</span> <span class='ocrx_word' id='word_1_103' title='bbox 607 1152 709 1193; x_wconf 92' lang='lat' dir='ltr'>inque</span> <span class='ocrx_word' id='word_1_104' title='bbox 727 1150 876 1182; x_wconf 83' lang='lat' dir='ltr'>ferarum</span> <span class='ocrx_word' id='word_1_105' title='bbox 894 1150 982 1181; x_wconf 93' lang='lat' dir='ltr'>Con-</span> 
     </span>
     <span class='ocr_line' id='line_1_21' title="bbox 282 1202 981 1242; baseline -0.004 -8"><span class='ocrx_word' id='word_1_106' title='bbox 282 1204 361 1234; x_wconf 84' lang='lat' dir='ltr'><strong>cilio</strong></span> <span class='ocrx_word' id='word_1_107' title='bbox 386 1203 515 1234; x_wconf 88' lang='lat' dir='ltr'>medius</span> <span class='ocrx_word' id='word_1_108' title='bbox 543 1202 644 1234; x_wconf 85' lang='lat' dir='ltr'>turba</span> <span class='ocrx_word' id='word_1_109' title='bbox 666 1202 907 1242; x_wconf 85' lang='lat' dir='ltr'>volucrumque</span> <span class='ocrx_word' id='word_1_110' title='bbox 931 1210 981 1231; x_wconf 88' lang='lat' dir='ltr'>se-</span> 
     </span>
     <span class='ocr_line' id='line_1_22' title="bbox 283 1252 409 1284; baseline -0.008 0"><span class='ocrx_word' id='word_1_111' title='bbox 283 1252 409 1284; x_wconf 65' lang='lat' dir='ltr'>debat!</span> 
     </span>
    </p>

    <p class='ocr_par' dir='ltr' id='par_1_6' title="bbox 280 1301 980 1484">
     <span class='ocr_line' id='line_1_23' title="bbox 324 1301 980 1342; baseline -0.002 -9"><span class='ocrx_word' id='word_1_112' title='bbox 324 1306 343 1334; x_wconf 78' lang='grc'>7</span> <span class='ocrx_word' id='word_1_113' title='bbox 369 1303 512 1342; x_wconf 83' lang='lat' dir='ltr'>Ingrato,</span> <span class='ocrx_word' id='word_1_114' title='bbox 537 1302 607 1342; x_wconf 56' lang='lat' dir='ltr'>gra]</span> <span class='ocrx_word' id='word_1_115' title='bbox 639 1303 733 1333; x_wconf 88' lang='lat' dir='ltr'>Male</span> <span class='ocrx_word' id='word_1_116' title='bbox 765 1302 852 1333; x_wconf 88' lang='lat' dir='ltr'>vatis</span> <span class='ocrx_word' id='word_1_117' title='bbox 879 1301 980 1332; x_wconf 90' lang='lat' dir='ltr'>musi-</span> 
     </span>
     <span class='ocr_line' id='line_1_24' title="bbox 282 1352 978 1394; baseline -0.003 -10"><span class='ocrx_word' id='word_1_118' title='bbox 282 1363 355 1384; x_wconf 84' lang='lat' dir='ltr'>cam</span> <span class='ocrx_word' id='word_1_119' title='bbox 376 1354 630 1393; x_wconf 86' lang='lat' dir='ltr'>compensanti;</span> <span class='ocrx_word' id='word_1_120' title='bbox 653 1353 707 1384; x_wconf 89' lang='lat' dir='ltr'>vel</span> <span class='ocrx_word' id='word_1_121' title='bbox 730 1353 844 1391; x_wconf 87' lang='lat' dir='ltr'>surdo,</span> <span class='ocrx_word' id='word_1_122' title='bbox 861 1353 917 1394; x_wconf 87' lang='lat' dir='ltr'>qui</span> <span class='ocrx_word' id='word_1_123' title='bbox 937 1352 978 1382; x_wconf 88' lang='lat' dir='ltr'>ad</span> 
     </span>
     <span class='ocr_line' id='line_1_25' title="bbox 280 1403 979 1445; baseline -0.003 -11"><span class='ocrx_word' id='word_1_124' title='bbox 280 1403 398 1435; x_wconf 88' lang='lat' dir='ltr'>modos</span> <span class='ocrx_word' id='word_1_125' title='bbox 416 1403 547 1444; x_wconf 82' lang='lat' dir='ltr'>Orphei</span> <span class='ocrx_word' id='word_1_126' title='bbox 563 1403 841 1445; x_wconf 42' lang='lat' dir='ltr'>non-attenderit,</span> <span class='ocrx_word' id='word_1_127' title='bbox 856 1403 979 1443; x_wconf 79' lang='lat' dir='ltr'>alioqui</span> 
     </span>
     <span class='ocr_line' id='line_1_26' title="bbox 281 1453 480 1484; baseline 0 0"><span class='ocrx_word' id='word_1_128' title='bbox 281 1453 480 1484; x_wconf 81' lang='lat' dir='ltr'>flectendus.</span> 
     </span>
    </p>

    <p class='ocr_par' dir='ltr' id='par_1_7' title="bbox 278 1504 978 1685">
     <span class='ocr_line' id='line_1_27' title="bbox 323 1504 978 1545; baseline 0 -10"><span class='ocrx_word' id='word_1_129' title='bbox 323 1508 342 1535; x_wconf 86' lang='lat'>8</span> <span class='ocrx_word' id='word_1_130' title='bbox 368 1504 459 1542; x_wconf 76' lang='lat' dir='ltr'>Hcec,</span> <span class='ocrx_word' id='word_1_131' title='bbox 474 1504 541 1544; x_wconf 63' lang='grc' dir='ltr'>ὅγε]</span> <span class='ocrx_word' id='word_1_132' title='bbox 575 1504 686 1544; x_wconf 82' lang='lat' dir='ltr'>Supra</span> <span class='ocrx_word' id='word_1_133' title='bbox 710 1504 818 1545; x_wconf 84' lang='lat' dir='ltr'>epigr.</span> <span class='ocrx_word' id='word_1_134' title='bbox 841 1507 872 1534; x_wconf 86' lang='lat'>7.</span> <span class='ocrx_word' id='word_1_135' title='bbox 891 1513 978 1535; x_wconf 84' lang='lat' dir='ltr'>vers.</span> 
     </span>
     <span class='ocr_line' id='line_1_28' title="bbox 282 1553 978 1595; baseline 0.001 -11"><span class='ocrx_word' id='word_1_136' title='bbox 282 1557 332 1585; x_wconf 87' lang='lat'>11.</span> <span class='ocrx_word' id='word_1_137' title='bbox 357 1555 365 1571; x_wconf 87' lang='lat'>‘</span> <span class='ocrx_word' id='word_1_138' title='bbox 382 1553 532 1594; x_wconf 80' lang='lat' dir='ltr'>Accepit</span> <span class='ocrx_word' id='word_1_139' title='bbox 558 1554 674 1585; x_wconf 86' lang='lat' dir='ltr'>fabula</span> <span class='ocrx_word' id='word_1_140' title='bbox 700 1555 812 1595; x_wconf 79' lang='lat' dir='ltr'>prisea</span> <span class='ocrx_word' id='word_1_141' title='bbox 842 1553 978 1593; x_wconf 78' lang='lat' dir='ltr'>fidem3’</span> 
     </span>
     <span class='ocr_line' id='line_1_29' title="bbox 280 1603 977 1646; baseline 0.003 -12"><span class='ocrx_word' id='word_1_142' title='bbox 280 1610 328 1643; x_wconf 83' lang='lat' dir='ltr'>ct,</span> <span class='ocrx_word' id='word_1_143' title='bbox 350 1604 411 1634; x_wconf 90' lang='lat' dir='ltr'>‘Iu</span> <span class='ocrx_word' id='word_1_144' title='bbox 425 1614 503 1645; x_wconf 88' lang='lat' dir='ltr'>quo,</span> <span class='ocrx_word' id='word_1_145' title='bbox 521 1615 595 1646; x_wconf 77' lang='lat' dir='ltr'>quae</span> <span class='ocrx_word' id='word_1_146' title='bbox 610 1604 720 1635; x_wconf 83' lang='lat' dir='ltr'>fuerat</span> <span class='ocrx_word' id='word_1_147' title='bbox 736 1603 863 1646; x_wconf 83' lang='lat' dir='ltr'>fabula,</span> <span class='ocrx_word' id='word_1_148' title='bbox 877 1614 977 1646; x_wconf 86' lang='lat' dir='ltr'>poena</span> 
     </span>
     <span class='ocr_line' id='line_1_30' title="bbox 278 1654 367 1685; baseline -0.011 0"><span class='ocrx_word' id='word_1_149' title='bbox 278 1654 367 1685; x_wconf 61' lang='lat' dir='ltr'>fuit!</span> 
     </span>
    </p>

    <p class='ocr_par' dir='ltr' id='par_1_8' title="bbox 278 1705 976 2138">
     <span class='ocr_line' id='line_1_31' title="bbox 322 1705 975 1746; baseline 0 -11"><span class='ocrx_word' id='word_1_150' title='bbox 322 1705 428 1736; x_wconf 73' lang='lat' dir='ltr'>EP1G.</span> <span class='ocrx_word' id='word_1_151' title='bbox 448 1713 542 1736; x_wconf 81' lang='lat' dir='ltr'>xxu.</span> <span class='ocrx_word' id='word_1_152' title='bbox 568 1708 583 1736; x_wconf 92' lang='grc'>1</span> <span class='ocrx_word' id='word_1_153' title='bbox 604 1705 798 1746; x_wconf 73' lang='lat' dir='ltr'>sollicitant]</span> <span class='ocrx_word' id='word_1_154' title='bbox 813 1706 916 1737; x_wconf 84' lang='lat' dir='ltr'>Feras</span> <span class='ocrx_word' id='word_1_155' title='bbox 933 1705 975 1736; x_wconf 85' lang='lat' dir='ltr'>ad</span> 
     </span>
     <span class='ocr_line' id='line_1_32' title="bbox 280 1755 975 1795; baseline 0.001 -11"><span class='ocrx_word' id='word_1_156' title='bbox 280 1765 426 1795; x_wconf 84' lang='lat' dir='ltr'>pugnam</span> <span class='ocrx_word' id='word_1_157' title='bbox 468 1755 603 1786; x_wconf 83' lang='lat' dir='ltr'>irritare</span> <span class='ocrx_word' id='word_1_158' title='bbox 633 1756 789 1786; x_wconf 87' lang='lat' dir='ltr'>solebant</span> <span class='ocrx_word' id='word_1_159' title='bbox 820 1755 975 1793; x_wconf 87' lang='lat' dir='ltr'>stimulis,</span> 
     </span>
     <span class='ocr_line' id='line_1_33' title="bbox 279 1804 976 1846; baseline 0 -10"><span class='ocrx_word' id='word_1_160' title='bbox 279 1806 373 1845; x_wconf 76' lang='lat' dir='ltr'>igue,</span> <span class='ocrx_word' id='word_1_161' title='bbox 395 1805 552 1846; x_wconf 81' lang='lat' dir='ltr'>flagellis,</span> <span class='ocrx_word' id='word_1_162' title='bbox 583 1805 672 1845; x_wconf 87' lang='lat' dir='ltr'>pilis,</span> <span class='ocrx_word' id='word_1_163' title='bbox 701 1805 846 1845; x_wconf 81' lang='lat' dir='ltr'>mappis,</span> <span class='ocrx_word' id='word_1_164' title='bbox 875 1804 976 1836; x_wconf 83' lang='lat' dir='ltr'>modo</span> 
     </span>
     <span class='ocr_line' id='line_1_34' title="bbox 278 1855 974 1895; baseline 0 -10"><span class='ocrx_word' id='word_1_165' title='bbox 278 1855 386 1895; x_wconf 77' lang='lat' dir='ltr'>epigr.</span> <span class='ocrx_word' id='word_1_166' title='bbox 404 1858 455 1886; x_wconf 85' lang='lat'>19.</span> <span class='ocrx_word' id='word_1_167' title='bbox 472 1865 559 1885; x_wconf 81' lang='lat' dir='ltr'>vers.</span> <span class='ocrx_word' id='word_1_168' title='bbox 584 1858 613 1885; x_wconf 93' lang='grc'>1.</span> <span class='ocrx_word' id='word_1_169' title='bbox 652 1856 776 1893; x_wconf 74' lang='lat' dir='ltr'>Paridi,</span> <span class='ocrx_word' id='word_1_170' title='bbox 797 1855 865 1894; x_wconf 51' lang='grc' dir='ltr'>ξω]</span> <span class='ocrx_word' id='word_1_171' title='bbox 908 1855 974 1885; x_wconf 74' lang='lat' dir='ltr'>Ve-</span> 
     </span>
     <span class='ocr_line' id='line_1_35' title="bbox 280 1905 972 1944; baseline -0.001 -8"><span class='ocrx_word' id='word_1_172' title='bbox 280 1911 394 1936; x_wconf 83' lang='lat' dir='ltr'>rentes</span> <span class='ocrx_word' id='word_1_173' title='bbox 418 1915 459 1936; x_wconf 86' lang='lat' dir='ltr'>ne</span> <span class='ocrx_word' id='word_1_174' title='bbox 486 1906 520 1935; x_wconf 91' lang='lat' dir='ltr'>in</span> <span class='ocrx_word' id='word_1_175' title='bbox 547 1915 582 1936; x_wconf 90' lang='lat' dir='ltr'>se</span> <span class='ocrx_word' id='word_1_176' title='bbox 610 1905 754 1936; x_wconf 84' lang='lat' dir='ltr'>bestiam</span> <span class='ocrx_word' id='word_1_177' title='bbox 779 1910 972 1944; x_wconf 86' lang='lat' dir='ltr'>movereut;</span> 
     </span>
     <span class='ocr_line' id='line_1_36' title="bbox 279 1955 974 1996; baseline -0.003 -9"><span class='ocrx_word' id='word_1_178' title='bbox 279 1957 332 1987; x_wconf 89' lang='lat' dir='ltr'>vel</span> <span class='ocrx_word' id='word_1_179' title='bbox 349 1966 402 1996; x_wconf 85' lang='lat' dir='ltr'>ne,</span> <span class='ocrx_word' id='word_1_180' title='bbox 418 1957 445 1987; x_wconf 88' lang='lat' dir='ltr'>si</span> <span class='ocrx_word' id='word_1_181' title='bbox 471 1966 535 1987; x_wconf 87' lang='lat' dir='ltr'>non</span> <span class='ocrx_word' id='word_1_182' title='bbox 553 1961 747 1986; x_wconf 86' lang='lat' dir='ltr'>moveretur</span> <span class='ocrx_word' id='word_1_183' title='bbox 763 1955 795 1985; x_wconf 88' lang='lat' dir='ltr'>in</span> <span class='ocrx_word' id='word_1_184' title='bbox 814 1965 974 1996; x_wconf 85' lang='lat' dir='ltr'>pugnam,</span> 
     </span>
     <span class='ocr_line' id='line_1_37' title="bbox 279 2006 976 2048; baseline 0 -12"><span class='ocrx_word' id='word_1_185' title='bbox 279 2008 404 2048; x_wconf 89' lang='lat' dir='ltr'>populo</span> <span class='ocrx_word' id='word_1_186' title='bbox 421 2006 652 2047; x_wconf 71' lang='lat' dir='ltr'>displicerent,</span> <span class='ocrx_word' id='word_1_187' title='bbox 668 2006 724 2047; x_wconf 87' lang='lat' dir='ltr'>qui</span> <span class='ocrx_word' id='word_1_188' title='bbox 737 2006 845 2036; x_wconf 85' lang='lat' dir='ltr'>lentas</span> <span class='ocrx_word' id='word_1_189' title='bbox 856 2006 976 2037; x_wconf 84' lang='lat' dir='ltr'>oderat</span> 
     </span>
     <span class='ocr_line' id='line_1_38' title="bbox 279 2057 974 2099; baseline 0 -11"><span class='ocrx_word' id='word_1_190' title='bbox 279 2068 421 2098; x_wconf 79' lang='lat' dir='ltr'>pugnas,</span> <span class='ocrx_word' id='word_1_191' title='bbox 448 2062 484 2088; x_wconf 92' lang='lat' dir='ltr'>ut</span> <span class='ocrx_word' id='word_1_192' title='bbox 505 2058 624 2089; x_wconf 89' lang='lat' dir='ltr'>ultimo</span> <span class='ocrx_word' id='word_1_193' title='bbox 657 2057 832 2099; x_wconf 88' lang='lat' dir='ltr'>sequentis</span> <span class='ocrx_word' id='word_1_194' title='bbox 864 2058 974 2098; x_wconf 85' lang='lat' dir='ltr'>epigr.</span> 
     </span>
     <span class='ocr_line' id='line_1_39' title="bbox 280 2117 392 2138; baseline -0.018 0"><span class='ocrx_word' id='word_1_195' title='bbox 280 2117 392 2138; x_wconf 76' lang='lat' dir='ltr'>versu.</span> 
     </span>
    </p>

    <p class='ocr_par' dir='ltr' id='par_1_9' title="bbox 279 2157 974 2299">
     <span class='ocr_line' id='line_1_40' title="bbox 321 2157 974 2198; baseline 0 -10"><span class='ocrx_word' id='word_1_196' title='bbox 321 2162 340 2188; x_wconf 85' lang='grc'>2</span> <span class='ocrx_word' id='word_1_197' title='bbox 365 2158 461 2198; x_wconf 74' lang='lat' dir='ltr'>Seque</span> <span class='ocrx_word' id='word_1_198' title='bbox 480 2158 534 2188; x_wconf 76' lang='lat' dir='ltr'>diu</span> <span class='ocrx_word' id='word_1_199' title='bbox 556 2157 691 2197; x_wconf 66' lang='lat' dir='ltr'>magum]</span> <span class='ocrx_word' id='word_1_200' title='bbox 724 2157 822 2198; x_wconf 73' lang='lat' dir='ltr'>[Egi-e</span> <span class='ocrx_word' id='word_1_201' title='bbox 847 2157 974 2188; x_wconf 84' lang='lat' dir='ltr'>irritari</span> 
     </span>
     <span class='ocr_line' id='line_1_41' title="bbox 280 2207 972 2248; baseline 0.001 -10"><span class='ocrx_word' id='word_1_202' title='bbox 280 2208 423 2238; x_wconf 86' lang='lat' dir='ltr'>belluam</span> <span class='ocrx_word' id='word_1_203' title='bbox 453 2209 555 2240; x_wconf 81' lang='lat' dir='ltr'>etiam</span> <span class='ocrx_word' id='word_1_204' title='bbox 583 2218 684 2248; x_wconf 86' lang='lat' dir='ltr'>supra</span> <span class='ocrx_word' id='word_1_205' title='bbox 699 2207 850 2238; x_wconf 81' lang='lat' dir='ltr'>ostendit</span> <span class='ocrx_word' id='word_1_206' title='bbox 866 2208 972 2239; x_wconf 83' lang='lat' dir='ltr'>Mart.</span> 
     </span>
     <span class='ocr_line' id='line_1_42' title="bbox 279 2259 446 2299; baseline 0.012 -11"><span class='ocrx_word' id='word_1_207' title='bbox 279 2259 397 2299; x_wconf 78' lang='lat' dir='ltr'>Epigr.</span> <span class='ocrx_word' id='word_1_208' title='bbox 415 2262 446 2290; x_wconf 75' lang='lat'>9.</span> 
     </span>
    </p>

    <p class='ocr_par' dir='ltr' id='par_1_10' title="bbox 278 2307 971 2549">
     <span class='ocr_line' id='line_1_43' title="bbox 321 2307 970 2348; baseline -0.003 -9"><span class='ocrx_word' id='word_1_209' title='bbox 321 2311 340 2339; x_wconf 85' lang='grc'>4</span> <span class='ocrx_word' id='word_1_210' title='bbox 364 2310 427 2339; x_wconf 76' lang='lat' dir='ltr'>Set!</span> <span class='ocrx_word' id='word_1_211' title='bbox 443 2313 545 2339; x_wconf 78' lang='lat' dir='ltr'>{nmen</span> <span class='ocrx_word' id='word_1_212' title='bbox 561 2309 589 2339; x_wconf 81' lang='lat' dir='ltr'>is</span> <span class='ocrx_word' id='word_1_213' title='bbox 603 2308 712 2348; x_wconf 74' lang='lat' dir='ltr'>rediit]</span> <span class='ocrx_word' id='word_1_214' title='bbox 741 2308 776 2338; x_wconf 78' lang='lat' dir='ltr'>Is</span> <span class='ocrx_word' id='word_1_215' title='bbox 794 2307 900 2345; x_wconf 79' lang='lat' dir='ltr'>furor,</span> <span class='ocrx_word' id='word_1_216' title='bbox 916 2307 970 2348; x_wconf 83' lang='lat' dir='ltr'>qui</span> 
     </span>
     <span class='ocr_line' id='line_1_44' title="bbox 279 2358 967 2399; baseline 0 -11"><span class='ocrx_word' id='word_1_217' title='bbox 279 2363 359 2389; x_wconf 82' lang='lat' dir='ltr'>ante</span> <span class='ocrx_word' id='word_1_218' title='bbox 375 2359 493 2399; x_wconf 82' lang='lat' dir='ltr'>Epigr.</span> <span class='ocrx_word' id='word_1_219' title='bbox 510 2362 541 2389; x_wconf 87' lang='grc'>9.</span> <span class='ocrx_word' id='word_1_220' title='bbox 564 2359 720 2399; x_wconf 78' lang='lat' dir='ltr'>cognitus</span> <span class='ocrx_word' id='word_1_221' title='bbox 741 2358 967 2390; x_wconf 81' lang='lat' dir='ltr'>describitur:</span> 
     </span>
     <span class='ocr_line' id='line_1_45' title="bbox 278 2409 970 2449; baseline 0 -11"><span class='ocrx_word' id='word_1_222' title='bbox 278 2412 287 2427; x_wconf 80' lang='lat'><strong>⁴</strong></span> <span class='ocrx_word' id='word_1_223' title='bbox 308 2409 338 2438; x_wconf 89' lang='grc'>0</span> <span class='ocrx_word' id='word_1_224' title='bbox 357 2419 454 2449; x_wconf 79' lang='lat' dir='ltr'>quani</span> <span class='ocrx_word' id='word_1_225' title='bbox 469 2409 629 2440; x_wconf 85' lang='lat' dir='ltr'>terribilis</span> <span class='ocrx_word' id='word_1_226' title='bbox 651 2409 780 2441; x_wconf 49' lang='lat' dir='ltr'>exarsit</span> <span class='ocrx_word' id='word_1_227' title='bbox 797 2418 922 2449; x_wconf 89' lang='lat' dir='ltr'>pronus</span> <span class='ocrx_word' id='word_1_228' title='bbox 938 2409 970 2439; x_wconf 89' lang='lat' dir='ltr'>in</span> 
     </span>
     <span class='ocr_line' id='line_1_46' title="bbox 279 2459 971 2500; baseline 0.003 -12"><span class='ocrx_word' id='word_1_229' title='bbox 279 2459 368 2489; x_wconf 82' lang='lat' dir='ltr'>iras.&#39;</span> <span class='ocrx_word' id='word_1_230' title='bbox 404 2459 458 2489; x_wconf 87' lang='lat' dir='ltr'>lta</span> <span class='ocrx_word' id='word_1_231' title='bbox 474 2464 511 2490; x_wconf 85' lang='lat' dir='ltr'>ut</span> <span class='ocrx_word' id='word_1_232' title='bbox 526 2459 563 2489; x_wconf 77' lang='grc' dir='ltr'>τὸ</span> <span class='ocrx_word' id='word_1_233' title='bbox 587 2461 625 2500; x_wconf 77' lang='lat' dir='ltr'>is,</span> <span class='ocrx_word' id='word_1_234' title='bbox 650 2469 716 2490; x_wconf 90' lang='lat' dir='ltr'>uon</span> <span class='ocrx_word' id='word_1_235' title='bbox 742 2460 971 2490; x_wconf 80' lang='grc' dir='ltr'>πλεοναστικῶς</span> 
     </span>
     <span class='ocr_line' id='line_1_47' title="bbox 278 2507 929 2549; baseline 0.005 -12"><span class='ocrx_word' id='word_1_236' title='bbox 278 2507 418 2547; x_wconf 82' lang='lat' dir='ltr'>dictum,</span> <span class='ocrx_word' id='word_1_237' title='bbox 434 2508 492 2539; x_wconf 68' lang='lat' dir='ltr'>sed</span> <span class='ocrx_word' id='word_1_238' title='bbox 506 2509 637 2549; x_wconf 78' lang='lat' dir='ltr'>signate</span> <span class='ocrx_word' id='word_1_239' title='bbox 654 2514 689 2540; x_wconf 87' lang='lat' dir='ltr'>et</span> <span class='ocrx_word' id='word_1_240' title='bbox 704 2510 929 2541; x_wconf 77' lang='grc' dir='ltr'>ἀποδεικτικῶς.</span> 
     </span>
    </p>

    <p class='ocr_par' dir='ltr' id='par_1_11' title="bbox 278 2560 970 2753">
     <span class='ocr_line' id='line_1_48' title="bbox 320 2560 970 2599; baseline 0.009 -13"><span class='ocrx_word' id='word_1_241' title='bbox 320 2562 337 2587; x_wconf 81' lang='lat'><strong>5</strong></span> <span class='ocrx_word' id='word_1_242' title='bbox 365 2560 510 2598; x_wconf 70' lang='lat' dir='ltr'>(irat-cm,</span> <span class='ocrx_word' id='word_1_243' title='bbox 525 2560 589 2599; x_wconf 54' lang='lat' dir='ltr'>&amp;cxj</span> <span class='ocrx_word' id='word_1_244' title='bbox 627 2560 770 2591; x_wconf 88' lang='lat' dir='ltr'>Gemino</span> <span class='ocrx_word' id='word_1_245' title='bbox 793 2571 898 2592; x_wconf 88' lang='lat' dir='ltr'>cornu</span> <span class='ocrx_word' id='word_1_246' title='bbox 921 2561 970 2591; x_wconf 80' lang='lat' dir='ltr'>in-</span> 
     </span>
     <span class='ocr_line' id='line_1_49' title="bbox 279 2608 970 2650; baseline 0.004 -12"><span class='ocrx_word' id='word_1_247' title='bbox 279 2608 400 2638; x_wconf 64' lang='lat' dir='ltr'>festum</span> <span class='ocrx_word' id='word_1_248' title='bbox 434 2619 534 2639; x_wconf 78' lang='lat' dir='ltr'>urum·</span> <span class='ocrx_word' id='word_1_249' title='bbox 588 2609 642 2639; x_wconf 80' lang='lat' dir='ltr'>lta</span> <span class='ocrx_word' id='word_1_250' title='bbox 668 2610 849 2650; x_wconf 79' lang='lat' dir='ltr'>legendum</span> <span class='ocrx_word' id='word_1_251' title='bbox 889 2611 970 2641; x_wconf 87' lang='lat' dir='ltr'>divi-</span> 
     </span>
     <span class='ocr_line' id='line_1_50' title="bbox 278 2660 970 2699; baseline 0.003 -10"><span class='ocrx_word' id='word_1_252' title='bbox 278 2660 380 2690; x_wconf 77' lang='lat' dir='ltr'>nabat</span> <span class='ocrx_word' id='word_1_253' title='bbox 397 2660 430 2691; x_wconf 86' lang='lat' dir='ltr'>J.</span> <span class='ocrx_word' id='word_1_254' title='bbox 451 2661 738 2697; x_wconf 66' lang='lat' dir='ltr'>1)ousa‚assensit</span> <span class='ocrx_word' id='word_1_255' title='bbox 758 2661 828 2692; x_wconf 69' lang='lat' dir='ltr'>Jos.</span> <span class='ocrx_word' id='word_1_256' title='bbox 847 2662 970 2699; x_wconf 71' lang='lat' dir='ltr'>Scalig.</span> 
     </span>
     <span class='ocr_line' id='line_1_51' title="bbox 279 2710 969 2753; baseline 0.003 -12"><span class='ocrx_word' id='word_1_257' title='bbox 279 2712 415 2751; x_wconf 73' lang='lat' dir='ltr'>exponit</span> <span class='ocrx_word' id='word_1_258' title='bbox 448 2710 526 2743; x_wconf 79' lang='lat' dir='ltr'>l’ct,</span> <span class='ocrx_word' id='word_1_259' title='bbox 554 2712 661 2742; x_wconf 68' lang='lat' dir='ltr'>Sci-iv.</span> <span class='ocrx_word' id='word_1_260' title='bbox 698 2722 761 2742; x_wconf 85' lang='lat' dir='ltr'>nou</span> <span class='ocrx_word' id='word_1_261' title='bbox 801 2718 836 2743; x_wconf 82' lang='lat' dir='ltr'>ut</span> <span class='ocrx_word' id='word_1_262' title='bbox 870 2714 969 2753; x_wconf 69' lang='lat' dir='ltr'>vulgo</span> 
     </span>
    </p>
   </div>
   <div class='ocr_carea' id='block_1_3' title="bbox 752 144 1276 175">
    <p class='ocr_par' dir='ltr' id='par_1_12' title="bbox 752 144 1276 175">
     <span class='ocr_line' id='line_1_52' title="bbox 752 144 1276 175; baseline -0.002 0"><span class='ocrx_word' id='word_1_263' title='bbox 752 144 892 175; x_wconf 81' lang='lat' dir='ltr'><strong>NOTAE</strong></span> <span class='ocrx_word' id='word_1_264' title='bbox 927 144 1189 175; x_wconf 82' lang='lat' dir='ltr'><strong>VARIORUM</strong></span> <span class='ocrx_word' id='word_1_265' title='bbox 1228 145 1276 174; x_wconf 73' lang='grc' dir='ltr'>ΙΝ</span> 
     </span>
    </p>
   </div>
   <div class='ocr_carea' id='block_1_4' title="bbox 1019 237 1739 2753">
    <p class='ocr_par' dir='ltr' id='par_1_13' title="bbox 1028 237 1739 1535">
     <span class='ocr_line' id='line_1_53' title="bbox 1036 237 1735 278; baseline -0.001 -9"><span class='ocrx_word' id='word_1_266' title='bbox 1036 248 1152 269; x_wconf 80' lang='lat' dir='ltr'>ursum.</span> <span class='ocrx_word' id='word_1_267' title='bbox 1197 237 1285 268; x_wconf 87' lang='lat' dir='ltr'>Vide</span> <span class='ocrx_word' id='word_1_268' title='bbox 1307 237 1415 278; x_wconf 79' lang='lat' dir='ltr'>epigr.</span> <span class='ocrx_word' id='word_1_269' title='bbox 1444 241 1476 268; x_wconf 83' lang='lat'>9.</span> <span class='ocrx_word' id='word_1_270' title='bbox 1504 245 1591 268; x_wconf 83' lang='lat' dir='ltr'>vers.</span> <span class='ocrx_word' id='word_1_271' title='bbox 1614 240 1646 268; x_wconf 71' lang='lat'>4.</span> <span class='ocrx_word' id='word_1_272' title='bbox 1681 237 1735 268; x_wconf 77' lang='lat' dir='ltr'>Sic</span> 
     </span>
     <span class='ocr_line' id='line_1_54' title="bbox 1035 288 1736 329; baseline -0.001 -10"><span class='ocrx_word' id='word_1_273' title='bbox 1035 289 1164 329; x_wconf 75' lang='lat' dir='ltr'>extulit]</span> <span class='ocrx_word' id='word_1_274' title='bbox 1190 289 1396 319; x_wconf 84' lang='lat' dir='ltr'>Rhinoceros</span> <span class='ocrx_word' id='word_1_275' title='bbox 1411 288 1573 326; x_wconf 84' lang='lat' dir='ltr'>bicornis,</span> <span class='ocrx_word' id='word_1_276' title='bbox 1589 297 1648 318; x_wconf 89' lang='lat' dir='ltr'>suo</span> <span class='ocrx_word' id='word_1_277' title='bbox 1663 298 1736 318; x_wconf 91' lang='lat' dir='ltr'>cor-</span> 
     </span>
     <span class='ocr_line' id='line_1_55' title="bbox 1035 338 1734 380; baseline -0.001 -10"><span class='ocrx_word' id='word_1_278' title='bbox 1035 349 1079 370; x_wconf 91' lang='lat' dir='ltr'>nu</span> <span class='ocrx_word' id='word_1_279' title='bbox 1097 339 1242 380; x_wconf 86' lang='lat' dir='ltr'>gemino,</span> <span class='ocrx_word' id='word_1_280' title='bbox 1255 349 1320 370; x_wconf 90' lang='lat' dir='ltr'>non</span> <span class='ocrx_word' id='word_1_281' title='bbox 1335 348 1430 369; x_wconf 87' lang='lat' dir='ltr'>secus</span> <span class='ocrx_word' id='word_1_282' title='bbox 1443 348 1557 369; x_wconf 87' lang='lat' dir='ltr'>ursum</span> <span class='ocrx_word' id='word_1_283' title='bbox 1574 338 1607 369; x_wconf 91' lang='lat' dir='ltr'>in</span> <span class='ocrx_word' id='word_1_284' title='bbox 1621 338 1734 369; x_wconf 59' lang='lat' dir='ltr'>aerem</span> 
     </span>
     <span class='ocr_line' id='line_1_56' title="bbox 1035 390 1734 431; baseline 0 -11"><span class='ocrx_word' id='word_1_285' title='bbox 1035 394 1088 420; x_wconf 86' lang='lat' dir='ltr'>est</span> <span class='ocrx_word' id='word_1_286' title='bbox 1114 390 1319 431; x_wconf 82' lang='lat' dir='ltr'>ejaculatus,</span> <span class='ocrx_word' id='word_1_287' title='bbox 1342 394 1445 429; x_wconf 79' lang='lat' dir='ltr'>atque</span> <span class='ocrx_word' id='word_1_288' title='bbox 1477 394 1590 420; x_wconf 85' lang='lat' dir='ltr'>taurus</span> <span class='ocrx_word' id='word_1_289' title='bbox 1617 390 1734 430; x_wconf 81' lang='lat' dir='ltr'>pilam.</span> 
     </span>
     <span class='ocr_line' id='line_1_57' title="bbox 1033 439 1733 482; baseline -0.003 -10"><span class='ocrx_word' id='word_1_290' title='bbox 1033 441 1099 472; x_wconf 89' lang='lat' dir='ltr'>Sed</span> <span class='ocrx_word' id='word_1_291' title='bbox 1116 451 1177 482; x_wconf 83' lang='lat' dir='ltr'>pro</span> <span class='ocrx_word' id='word_1_292' title='bbox 1191 451 1308 480; x_wconf 82' lang='lat' dir='ltr'>ursum,</span> <span class='ocrx_word' id='word_1_293' title='bbox 1321 441 1376 471; x_wconf 86' lang='lat' dir='ltr'>alii</span> <span class='ocrx_word' id='word_1_294' title='bbox 1390 441 1509 480; x_wconf 85' lang='lat' dir='ltr'>legunt</span> <span class='ocrx_word' id='word_1_295' title='bbox 1520 450 1619 471; x_wconf 81' lang='lat' dir='ltr'>urum.</span> <span class='ocrx_word' id='word_1_296' title='bbox 1643 439 1733 473; x_wconf 86' lang='lat' dir='ltr'>Quid</span> 
     </span>
     <span class='ocr_line' id='line_1_58' title="bbox 1035 490 1734 532; baseline -0.003 -9"><span class='ocrx_word' id='word_1_297' title='bbox 1035 493 1121 524; x_wconf 85' lang='lat' dir='ltr'>enim</span> <span class='ocrx_word' id='word_1_298' title='bbox 1139 492 1319 523; x_wconf 84' lang='lat' dir='ltr'>mirificum</span> <span class='ocrx_word' id='word_1_299' title='bbox 1335 492 1469 523; x_wconf 88' lang='lat' dir='ltr'>diceret</span> <span class='ocrx_word' id='word_1_300' title='bbox 1486 490 1601 532; x_wconf 70' lang='lat' dir='ltr'>poeta,</span> <span class='ocrx_word' id='word_1_301' title='bbox 1625 490 1653 521; x_wconf 88' lang='lat' dir='ltr'>si</span> <span class='ocrx_word' id='word_1_302' title='bbox 1680 501 1734 521; x_wconf 88' lang='lat' dir='ltr'>ur-</span> 
     </span>
     <span class='ocr_line' id='line_1_59' title="bbox 1034 541 1733 574; baseline -0.004 0"><span class='ocrx_word' id='word_1_303' title='bbox 1034 553 1107 574; x_wconf 89' lang='lat' dir='ltr'>sum</span> <span class='ocrx_word' id='word_1_304' title='bbox 1135 543 1348 574; x_wconf 78' lang='lat' dir='ltr'>Rhinoceros</span> <span class='ocrx_word' id='word_1_305' title='bbox 1373 542 1512 573; x_wconf 86' lang='lat' dir='ltr'>evertit.</span> <span class='ocrx_word' id='word_1_306' title='bbox 1560 541 1650 572; x_wconf 87' lang='lat' dir='ltr'>Nam</span> <span class='ocrx_word' id='word_1_307' title='bbox 1667 550 1733 572; x_wconf 88' lang='lat' dir='ltr'>non</span> 
     </span>
     <span class='ocr_line' id='line_1_60' title="bbox 1035 592 1732 634; baseline -0.004 -9"><span class='ocrx_word' id='word_1_308' title='bbox 1035 594 1213 634; x_wconf 88' lang='lat' dir='ltr'>probabile</span> <span class='ocrx_word' id='word_1_309' title='bbox 1243 603 1357 624; x_wconf 87' lang='lat' dir='ltr'>ursum</span> <span class='ocrx_word' id='word_1_310' title='bbox 1393 603 1470 624; x_wconf 89' lang='lat' dir='ltr'>cum</span> <span class='ocrx_word' id='word_1_311' title='bbox 1504 592 1732 623; x_wconf 85' lang='lat' dir='ltr'>Rhinocerote</span> 
     </span>
     <span class='ocr_line' id='line_1_61' title="bbox 1034 642 1734 684; baseline -0.004 -9"><span class='ocrx_word' id='word_1_312' title='bbox 1034 644 1260 683; x_wconf 88' lang='lat' dir='ltr'>commissum,</span> <span class='ocrx_word' id='word_1_313' title='bbox 1291 643 1390 684; x_wconf 83' lang='lat' dir='ltr'>plane</span> <span class='ocrx_word' id='word_1_314' title='bbox 1421 642 1542 683; x_wconf 89' lang='lat' dir='ltr'>impari</span> <span class='ocrx_word' id='word_1_315' title='bbox 1579 642 1734 674; x_wconf 88' lang='lat' dir='ltr'>commis-</span> 
     </span>
     <span class='ocr_line' id='line_1_62' title="bbox 1035 692 1734 734; baseline -0.001 -10"><span class='ocrx_word' id='word_1_316' title='bbox 1035 694 1149 725; x_wconf 85' lang='lat' dir='ltr'>sione:</span> <span class='ocrx_word' id='word_1_317' title='bbox 1175 699 1246 725; x_wconf 90' lang='lat' dir='ltr'>tum</span> <span class='ocrx_word' id='word_1_318' title='bbox 1264 698 1377 734; x_wconf 85' lang='lat' dir='ltr'>turpe,</span> <span class='ocrx_word' id='word_1_319' title='bbox 1392 692 1556 724; x_wconf 84' lang='lat' dir='ltr'>inducere</span> <span class='ocrx_word' id='word_1_320' title='bbox 1581 692 1648 723; x_wconf 88' lang='lat' dir='ltr'>tale</span> <span class='ocrx_word' id='word_1_321' title='bbox 1671 702 1734 733; x_wconf 88' lang='lat' dir='ltr'>par</span> 
     </span>
     <span class='ocr_line' id='line_1_63' title="bbox 1033 743 1733 784; baseline -0.001 -9"><span class='ocrx_word' id='word_1_322' title='bbox 1033 743 1195 783; x_wconf 85' lang='lat' dir='ltr'>ferarum,</span> <span class='ocrx_word' id='word_1_323' title='bbox 1209 754 1284 776; x_wconf 91' lang='lat' dir='ltr'>cum</span> <span class='ocrx_word' id='word_1_324' title='bbox 1302 754 1380 775; x_wconf 89' lang='lat' dir='ltr'>urso</span> <span class='ocrx_word' id='word_1_325' title='bbox 1396 754 1463 774; x_wconf 89' lang='lat' dir='ltr'>non</span> <span class='ocrx_word' id='word_1_326' title='bbox 1474 744 1519 774; x_wconf 84' lang='lat' dir='ltr'>sit</span> <span class='ocrx_word' id='word_1_327' title='bbox 1535 753 1614 784; x_wconf 88' lang='lat' dir='ltr'>spes</span> <span class='ocrx_word' id='word_1_328' title='bbox 1628 744 1733 774; x_wconf 86' lang='lat' dir='ltr'>victo-</span> 
     </span>
     <span class='ocr_line' id='line_1_64' title="bbox 1034 794 1732 834; baseline -0.001 -9"><span class='ocrx_word' id='word_1_329' title='bbox 1034 795 1106 827; x_wconf 83' lang='lat' dir='ltr'>riae.</span> <span class='ocrx_word' id='word_1_330' title='bbox 1152 795 1332 826; x_wconf 80' lang='lat' dir='ltr'>Praeterea</span> <span class='ocrx_word' id='word_1_331' title='bbox 1359 804 1487 834; x_wconf 74' lang='lat' dir='ltr'>gratem</span> <span class='ocrx_word' id='word_1_332' title='bbox 1511 798 1614 824; x_wconf 88' lang='lat' dir='ltr'>vocat</span> <span class='ocrx_word' id='word_1_333' title='bbox 1637 794 1732 824; x_wconf 86' lang='lat' dir='ltr'>Mar—</span> 
     </span>
     <span class='ocr_line' id='line_1_65' title="bbox 1034 846 1734 887; baseline -0.001 -10"><span class='ocrx_word' id='word_1_334' title='bbox 1034 847 1137 887; x_wconf 86' lang='lat' dir='ltr'>tialis,</span> <span class='ocrx_word' id='word_1_335' title='bbox 1148 846 1237 887; x_wconf 88' lang='lat' dir='ltr'>quod</span> <span class='ocrx_word' id='word_1_336' title='bbox 1254 846 1443 887; x_wconf 83' lang='lat' dir='ltr'>Epitheton</span> <span class='ocrx_word' id='word_1_337' title='bbox 1456 856 1517 876; x_wconf 89' lang='lat' dir='ltr'>uro</span> <span class='ocrx_word' id='word_1_338' title='bbox 1532 846 1640 886; x_wconf 76' lang='lat' dir='ltr'>magis</span> <span class='ocrx_word' id='word_1_339' title='bbox 1653 856 1734 877; x_wconf 90' lang='lat' dir='ltr'>con-</span> 
     </span>
     <span class='ocr_line' id='line_1_66' title="bbox 1033 897 1734 938; baseline -0.001 -10"><span class='ocrx_word' id='word_1_340' title='bbox 1033 897 1150 928; x_wconf 86' lang='lat' dir='ltr'>veniat</span> <span class='ocrx_word' id='word_1_341' title='bbox 1166 907 1265 938; x_wconf 86' lang='lat' dir='ltr'>quam</span> <span class='ocrx_word' id='word_1_342' title='bbox 1277 906 1368 935; x_wconf 85' lang='lat' dir='ltr'>urso,</span> <span class='ocrx_word' id='word_1_343' title='bbox 1381 906 1483 938; x_wconf 90' lang='lat' dir='ltr'>quum</span> <span class='ocrx_word' id='word_1_344' title='bbox 1497 897 1643 937; x_wconf 87' lang='lat' dir='ltr'>quilibet</span> <span class='ocrx_word' id='word_1_345' title='bbox 1661 901 1734 927; x_wconf 87' lang='lat' dir='ltr'>tau·</span> 
     </span>
     <span class='ocr_line' id='line_1_67' title="bbox 1034 947 1731 989; baseline -0.003 -9"><span class='ocrx_word' id='word_1_346' title='bbox 1034 959 1089 980; x_wconf 80' lang='lat' dir='ltr'>rus</span> <span class='ocrx_word' id='word_1_347' title='bbox 1107 959 1184 979; x_wconf 92' lang='lat' dir='ltr'>urso</span> <span class='ocrx_word' id='word_1_348' title='bbox 1200 948 1335 989; x_wconf 88' lang='lat' dir='ltr'>gravior</span> <span class='ocrx_word' id='word_1_349' title='bbox 1361 948 1418 978; x_wconf 87' lang='lat' dir='ltr'>sit.</span> <span class='ocrx_word' id='word_1_350' title='bbox 1472 947 1547 978; x_wconf 87' lang='lat' dir='ltr'>Nec</span> <span class='ocrx_word' id='word_1_351' title='bbox 1572 957 1652 978; x_wconf 85' lang='lat' dir='ltr'>vero</span> <span class='ocrx_word' id='word_1_352' title='bbox 1677 952 1731 978; x_wconf 87' lang='lat' dir='ltr'>est</span> 
     </span>
     <span class='ocr_line' id='line_1_68' title="bbox 1031 998 1730 1039; baseline -0.003 -9"><span class='ocrx_word' id='word_1_353' title='bbox 1031 999 1191 1039; x_wconf 81' lang='grc' dir='ltr'>ἀδύνατον,</span> <span class='ocrx_word' id='word_1_354' title='bbox 1206 1009 1302 1030; x_wconf 89' lang='lat' dir='ltr'>urum</span> <span class='ocrx_word' id='word_1_355' title='bbox 1324 1009 1343 1029; x_wconf 88' lang='lat' dir='ltr'>a</span> <span class='ocrx_word' id='word_1_356' title='bbox 1360 998 1589 1029; x_wconf 88' lang='lat' dir='ltr'>Rhinocerote</span> <span class='ocrx_word' id='word_1_357' title='bbox 1607 998 1680 1028; x_wconf 89' lang='lat' dir='ltr'>tolli</span> <span class='ocrx_word' id='word_1_358' title='bbox 1697 998 1730 1028; x_wconf 90' lang='lat' dir='ltr'>in</span> 
     </span>
     <span class='ocr_line' id='line_1_69' title="bbox 1033 1047 1730 1090; baseline -0.006 -9"><span class='ocrx_word' id='word_1_359' title='bbox 1033 1051 1152 1089; x_wconf 86' lang='lat' dir='ltr'>altum,</span> <span class='ocrx_word' id='word_1_360' title='bbox 1169 1049 1221 1081; x_wconf 91' lang='lat' dir='ltr'>cui</span> <span class='ocrx_word' id='word_1_361' title='bbox 1238 1049 1307 1090; x_wconf 87' lang='lat' dir='ltr'>pila</span> <span class='ocrx_word' id='word_1_362' title='bbox 1323 1054 1441 1080; x_wconf 90' lang='lat' dir='ltr'>taurus</span> <span class='ocrx_word' id='word_1_363' title='bbox 1458 1052 1542 1078; x_wconf 86' lang='lat' dir='ltr'>erat.</span> <span class='ocrx_word' id='word_1_364' title='bbox 1586 1047 1650 1078; x_wconf 88' lang='lat' dir='ltr'>Vel</span> <span class='ocrx_word' id='word_1_365' title='bbox 1669 1047 1730 1078; x_wconf 91' lang='lat' dir='ltr'>bu-</span> 
     </span>
     <span class='ocr_line' id='line_1_70' title="bbox 1032 1097 1730 1141; baseline -0.004 -10"><span class='ocrx_word' id='word_1_366' title='bbox 1032 1100 1145 1131; x_wconf 88' lang='lat' dir='ltr'>balum</span> <span class='ocrx_word' id='word_1_367' title='bbox 1163 1099 1278 1141; x_wconf 89' lang='lat' dir='ltr'>potuit</span> <span class='ocrx_word' id='word_1_368' title='bbox 1294 1099 1426 1130; x_wconf 88' lang='lat' dir='ltr'>nomine</span> <span class='ocrx_word' id='word_1_369' title='bbox 1443 1097 1495 1129; x_wconf 88' lang='lat' dir='ltr'>uri</span> <span class='ocrx_word' id='word_1_370' title='bbox 1513 1097 1615 1137; x_wconf 65' lang='lat' dir='ltr'>poeta</span> <span class='ocrx_word' id='word_1_371' title='bbox 1630 1098 1730 1129; x_wconf 84' lang='lat' dir='ltr'>intel·</span> 
     </span>
     <span class='ocr_line' id='line_1_71' title="bbox 1032 1146 1739 1181; baseline -0.006 0"><span class='ocrx_word' id='word_1_372' title='bbox 1032 1150 1167 1181; x_wconf 87' lang='lat' dir='ltr'>lexisse.</span> <span class='ocrx_word' id='word_1_373' title='bbox 1201 1149 1318 1180; x_wconf 80' lang='lat' dir='ltr'>Rader.</span> <span class='ocrx_word' id='word_1_374' title='bbox 1356 1147 1546 1179; x_wconf 87' lang='lat' dir='ltr'>Politianus</span> <span class='ocrx_word' id='word_1_375' title='bbox 1570 1146 1658 1178; x_wconf 88' lang='lat' dir='ltr'>hunc</span> <span class='ocrx_word' id='word_1_376' title='bbox 1682 1148 1739 1181; x_wconf 21' lang='lat' dir='ltr'>lo-1</span> 
     </span>
     <span class='ocr_line' id='line_1_72' title="bbox 1032 1199 1730 1240; baseline -0.003 -9"><span class='ocrx_word' id='word_1_377' title='bbox 1032 1211 1107 1232; x_wconf 92' lang='lat' dir='ltr'>cum</span> <span class='ocrx_word' id='word_1_378' title='bbox 1120 1200 1290 1231; x_wconf 88' lang='lat' dir='ltr'>Martialis</span> <span class='ocrx_word' id='word_1_379' title='bbox 1313 1199 1361 1230; x_wconf 89' lang='lat' dir='ltr'>sic</span> <span class='ocrx_word' id='word_1_380' title='bbox 1377 1199 1540 1240; x_wconf 86' lang='lat' dir='ltr'>exponit:</span> <span class='ocrx_word' id='word_1_381' title='bbox 1564 1203 1602 1229; x_wconf 93' lang='lat' dir='ltr'>ut</span> <span class='ocrx_word' id='word_1_382' title='bbox 1618 1207 1730 1229; x_wconf 89' lang='lat' dir='ltr'>ursum</span> 
     </span>
     <span class='ocr_line' id='line_1_73' title="bbox 1030 1248 1730 1282; baseline -0.007 0"><span class='ocrx_word' id='word_1_383' title='bbox 1030 1251 1193 1282; x_wconf 87' lang='lat' dir='ltr'>videlicet</span> <span class='ocrx_word' id='word_1_384' title='bbox 1224 1260 1243 1280; x_wconf 91' lang='lat' dir='ltr'>a</span> <span class='ocrx_word' id='word_1_385' title='bbox 1273 1249 1506 1280; x_wconf 89' lang='lat' dir='ltr'>Rhinocerote</span> <span class='ocrx_word' id='word_1_386' title='bbox 1534 1257 1639 1279; x_wconf 91' lang='lat' dir='ltr'>cornu</span> <span class='ocrx_word' id='word_1_387' title='bbox 1672 1248 1730 1278; x_wconf 89' lang='lat' dir='ltr'>illo</span> 
     </span>
     <span class='ocr_line' id='line_1_74' title="bbox 1030 1299 1730 1340; baseline -0.003 -9"><span class='ocrx_word' id='word_1_388' title='bbox 1030 1301 1130 1332; x_wconf 93' lang='lat' dir='ltr'>unico</span> <span class='ocrx_word' id='word_1_389' title='bbox 1157 1301 1285 1331; x_wconf 87' lang='lat' dir='ltr'>elatum</span> <span class='ocrx_word' id='word_1_390' title='bbox 1311 1300 1567 1340; x_wconf 87' lang='lat' dir='ltr'>ejectatumque</span> <span class='ocrx_word' id='word_1_391' title='bbox 1591 1299 1730 1340; x_wconf 86' lang='lat' dir='ltr'>sentiat,</span> 
     </span>
     <span class='ocr_line' id='line_1_75' title="bbox 1030 1350 1729 1391; baseline -0.001 -10"><span class='ocrx_word' id='word_1_392' title='bbox 1030 1361 1168 1391; x_wconf 85' lang='lat' dir='ltr'>gravem</span> <span class='ocrx_word' id='word_1_393' title='bbox 1193 1351 1326 1391; x_wconf 86' lang='lat' dir='ltr'>gemino</span> <span class='ocrx_word' id='word_1_394' title='bbox 1349 1359 1466 1390; x_wconf 89' lang='lat' dir='ltr'>cornu,</span> <span class='ocrx_word' id='word_1_395' title='bbox 1481 1350 1545 1381; x_wconf 91' lang='lat' dir='ltr'>hoc</span> <span class='ocrx_word' id='word_1_396' title='bbox 1567 1355 1631 1389; x_wconf 88' lang='lat' dir='ltr'>est,</span> <span class='ocrx_word' id='word_1_397' title='bbox 1653 1360 1729 1390; x_wconf 84' lang='lat' dir='ltr'>gra·</span> 
     </span>
     <span class='ocr_line' id='line_1_76' title="bbox 1032 1401 1729 1441; baseline -0.001 -8"><span class='ocrx_word' id='word_1_398' title='bbox 1032 1412 1106 1433; x_wconf 83' lang='lat' dir='ltr'>vem</span> <span class='ocrx_word' id='word_1_399' title='bbox 1123 1407 1221 1433; x_wconf 83' lang='lat' dir='ltr'>tauro</span> <span class='ocrx_word' id='word_1_400' title='bbox 1236 1401 1398 1441; x_wconf 84' lang='lat' dir='ltr'>futurum,</span> <span class='ocrx_word' id='word_1_401' title='bbox 1414 1402 1468 1433; x_wconf 87' lang='lat' dir='ltr'>cui</span> <span class='ocrx_word' id='word_1_402' title='bbox 1495 1408 1573 1432; x_wconf 85' lang='lat' dir='ltr'>sunt</span> <span class='ocrx_word' id='word_1_403' title='bbox 1601 1411 1729 1432; x_wconf 86' lang='lat' dir='ltr'>cornua</span> 
     </span>
     <span class='ocr_line' id='line_1_77' title="bbox 1028 1451 1728 1493; baseline -0.001 -10"><span class='ocrx_word' id='word_1_404' title='bbox 1028 1453 1183 1493; x_wconf 86' lang='lat' dir='ltr'>gemina3</span> <span class='ocrx_word' id='word_1_405' title='bbox 1209 1457 1246 1483; x_wconf 87' lang='lat' dir='ltr'>ut</span> <span class='ocrx_word' id='word_1_406' title='bbox 1269 1452 1417 1483; x_wconf 84' lang='lat' dir='ltr'>‘cornu&#39;</span> <span class='ocrx_word' id='word_1_407' title='bbox 1444 1452 1487 1483; x_wconf 85' lang='lat' dir='ltr'>sit</span> <span class='ocrx_word' id='word_1_408' title='bbox 1514 1451 1635 1493; x_wconf 84' lang='lat' dir='ltr'>dativi,</span> <span class='ocrx_word' id='word_1_409' title='bbox 1661 1461 1728 1483; x_wconf 88' lang='lat' dir='ltr'>non</span> 
     </span>
     <span class='ocr_line' id='line_1_78' title="bbox 1028 1503 1299 1535; baseline -0.004 0"><span class='ocrx_word' id='word_1_410' title='bbox 1028 1503 1171 1535; x_wconf 83' lang='lat' dir='ltr'>ablativi</span> <span class='ocrx_word' id='word_1_411' title='bbox 1188 1513 1299 1534; x_wconf 77' lang='lat' dir='ltr'>casus.</span> 
     </span>
    </p>

    <p class='ocr_par' dir='ltr' id='par_1_14' title="bbox 1070 1554 1696 1595">
     <span class='ocr_line' id='line_1_79' title="bbox 1070 1554 1696 1595; baseline -0.002 -10"><span class='ocrx_word' id='word_1_412' title='bbox 1070 1557 1091 1585; x_wconf 88' lang='grc'><strong>6</strong></span> <span class='ocrx_word' id='word_1_413' title='bbox 1116 1554 1218 1594; x_wconf 70' lang='lat' dir='ltr'>Picus]</span> <span class='ocrx_word' id='word_1_414' title='bbox 1241 1555 1353 1595; x_wconf 87' lang='lat' dir='ltr'>Supra</span> <span class='ocrx_word' id='word_1_415' title='bbox 1365 1554 1475 1594; x_wconf 74' lang='lat' dir='ltr'>epigr.</span> <span class='ocrx_word' id='word_1_416' title='bbox 1493 1557 1544 1586; x_wconf 88' lang='lat'>19.</span> <span class='ocrx_word' id='word_1_417' title='bbox 1559 1564 1647 1585; x_wconf 88' lang='lat' dir='ltr'>vers.</span> <span class='ocrx_word' id='word_1_418' title='bbox 1666 1556 1696 1584; x_wconf 92' lang='lat'>1.</span> 
     </span>
    </p>

    <p class='ocr_par' dir='ltr' id='par_1_15' title="bbox 1028 1604 1727 1695">
     <span class='ocr_line' id='line_1_80' title="bbox 1072 1604 1727 1645; baseline 0.002 -10"><span class='ocrx_word' id='word_1_419' title='bbox 1072 1605 1180 1636; x_wconf 75' lang='lat' dir='ltr'>Eme..</span> <span class='ocrx_word' id='word_1_420' title='bbox 1197 1613 1307 1635; x_wconf 79' lang='lat' dir='ltr'><strong>xxm.</strong></span> <span class='ocrx_word' id='word_1_421' title='bbox 1333 1604 1384 1635; x_wconf 86' lang='lat' dir='ltr'>De</span> <span class='ocrx_word' id='word_1_422' title='bbox 1403 1604 1615 1645; x_wconf 76' lang='lat' dir='ltr'>Carpophoro]</span> <span class='ocrx_word' id='word_1_423' title='bbox 1640 1604 1727 1636; x_wconf 81' lang='lat' dir='ltr'>Vide</span> 
     </span>
     <span class='ocr_line' id='line_1_81' title="bbox 1028 1655 1349 1695; baseline -0.003 -10"><span class='ocrx_word' id='word_1_424' title='bbox 1028 1655 1146 1695; x_wconf 86' lang='lat' dir='ltr'>Epigr.</span> <span class='ocrx_word' id='word_1_425' title='bbox 1163 1657 1215 1685; x_wconf 88' lang='lat'>15.</span> <span class='ocrx_word' id='word_1_426' title='bbox 1234 1663 1349 1695; x_wconf 86' lang='lat' dir='ltr'>supra.</span> 
     </span>
    </p>

    <p class='ocr_par' dir='ltr' id='par_1_16' title="bbox 1024 1703 1726 2138">
     <span class='ocr_line' id='line_1_82' title="bbox 1072 1703 1725 1745; baseline -0.005 -8"><span class='ocrx_word' id='word_1_427' title='bbox 1072 1709 1087 1737; x_wconf 94' lang='lat' dir='ltr'>l</span> <span class='ocrx_word' id='word_1_428' title='bbox 1113 1706 1244 1745; x_wconf 83' lang='lat' dir='ltr'>Dorica,</span> <span class='ocrx_word' id='word_1_429' title='bbox 1265 1705 1335 1745; x_wconf 57' lang='lat' dir='ltr'>Era]</span> <span class='ocrx_word' id='word_1_430' title='bbox 1370 1705 1508 1743; x_wconf 85' lang='lat' dir='ltr'>Graeca,</span> <span class='ocrx_word' id='word_1_431' title='bbox 1539 1703 1582 1734; x_wconf 89' lang='lat' dir='ltr'>ab</span> <span class='ocrx_word' id='word_1_432' title='bbox 1609 1704 1725 1735; x_wconf 87' lang='lat' dir='ltr'>inven-</span> 
     </span>
     <span class='ocr_line' id='line_1_83' title="bbox 1028 1753 1722 1787; baseline -0.003 -1"><span class='ocrx_word' id='word_1_433' title='bbox 1028 1759 1102 1787; x_wconf 88' lang='lat' dir='ltr'>tore</span> <span class='ocrx_word' id='word_1_434' title='bbox 1118 1756 1253 1787; x_wconf 67' lang='lat' dir='ltr'>Graeco.</span> <span class='ocrx_word' id='word_1_435' title='bbox 1279 1756 1369 1786; x_wconf 89' lang='lat' dir='ltr'>Plin.</span> <span class='ocrx_word' id='word_1_436' title='bbox 1397 1765 1427 1786; x_wconf 87' lang='lat' dir='ltr'>c.</span> <span class='ocrx_word' id='word_1_437' title='bbox 1452 1757 1505 1786; x_wconf 84' lang='lat'>36.</span> <span class='ocrx_word' id='word_1_438' title='bbox 1521 1755 1542 1785; x_wconf 91' lang='lat' dir='ltr'>l.</span> <span class='ocrx_word' id='word_1_439' title='bbox 1562 1757 1593 1785; x_wconf 89' lang='grc'>8.</span> <span class='ocrx_word' id='word_1_440' title='bbox 1638 1753 1722 1784; x_wconf 87' lang='lat' dir='ltr'>Aliis</span> 
     </span>
     <span class='ocr_line' id='line_1_84' title="bbox 1027 1805 1724 1837; baseline -0.001 0"><span class='ocrx_word' id='word_1_441' title='bbox 1027 1805 1211 1837; x_wconf 85' lang='lat' dir='ltr'>Laconica.</span> <span class='ocrx_word' id='word_1_442' title='bbox 1248 1807 1400 1836; x_wconf 87' lang='lat' dir='ltr'>Lacones</span> <span class='ocrx_word' id='word_1_443' title='bbox 1432 1806 1522 1836; x_wconf 87' lang='lat' dir='ltr'>enim</span> <span class='ocrx_word' id='word_1_444' title='bbox 1548 1810 1724 1836; x_wconf 83' lang='lat' dir='ltr'>venatores</span> 
     </span>
     <span class='ocr_line' id='line_1_85' title="bbox 1026 1854 1724 1895; baseline -0.003 -9"><span class='ocrx_word' id='word_1_445' title='bbox 1026 1856 1166 1894; x_wconf 85' lang='lat' dir='ltr'>strenui,</span> <span class='ocrx_word' id='word_1_446' title='bbox 1179 1855 1280 1886; x_wconf 85' lang='lat' dir='ltr'>iidem</span> <span class='ocrx_word' id='word_1_447' title='bbox 1289 1855 1409 1885; x_wconf 84' lang='lat' dir='ltr'>Dorici</span> <span class='ocrx_word' id='word_1_448' title='bbox 1423 1854 1557 1895; x_wconf 85' lang='lat' dir='ltr'>generis</span> <span class='ocrx_word' id='word_1_449' title='bbox 1571 1854 1724 1892; x_wconf 82' lang='lat' dir='ltr'>fuerunt;</span> 
     </span>
     <span class='ocr_line' id='line_1_86' title="bbox 1027 1904 1726 1946; baseline -0.001 -10"><span class='ocrx_word' id='word_1_450' title='bbox 1027 1906 1081 1936; x_wconf 80' lang='lat' dir='ltr'>vel</span> <span class='ocrx_word' id='word_1_451' title='bbox 1107 1916 1127 1936; x_wconf 90' lang='lat' dir='ltr'>a</span> <span class='ocrx_word' id='word_1_452' title='bbox 1153 1905 1297 1943; x_wconf 81' lang='lat' dir='ltr'>Doride,</span> <span class='ocrx_word' id='word_1_453' title='bbox 1323 1906 1354 1935; x_wconf 89' lang='lat' dir='ltr'>in</span> <span class='ocrx_word' id='word_1_454' title='bbox 1379 1915 1445 1946; x_wconf 86' lang='lat' dir='ltr'>qua</span> <span class='ocrx_word' id='word_1_455' title='bbox 1461 1904 1592 1936; x_wconf 84' lang='lat' dir='ltr'>Pindus</span> <span class='ocrx_word' id='word_1_456' title='bbox 1618 1915 1726 1945; x_wconf 86' lang='lat' dir='ltr'>mons,</span> 
     </span>
     <span class='ocr_line' id='line_1_87' title="bbox 1026 1954 1723 1995; baseline -0.001 -9"><span class='ocrx_word' id='word_1_457' title='bbox 1026 1955 1165 1995; x_wconf 81' lang='lat' dir='ltr'>optimae</span> <span class='ocrx_word' id='word_1_458' title='bbox 1195 1955 1345 1986; x_wconf 84' lang='lat' dir='ltr'>materiae</span> <span class='ocrx_word' id='word_1_459' title='bbox 1381 1955 1422 1985; x_wconf 88' lang='lat' dir='ltr'>ad</span> <span class='ocrx_word' id='word_1_460' title='bbox 1454 1955 1588 1985; x_wconf 83' lang='lat' dir='ltr'>hastilia</span> <span class='ocrx_word' id='word_1_461' title='bbox 1614 1954 1723 1986; x_wconf 85' lang='lat' dir='ltr'>ferax.</span> 
     </span>
     <span class='ocr_line' id='line_1_88' title="bbox 1025 2006 1724 2047; baseline -0.001 -10"><span class='ocrx_word' id='word_1_462' title='bbox 1025 2006 1114 2037; x_wconf 65' lang='lat' dir='ltr'>vide</span> <span class='ocrx_word' id='word_1_463' title='bbox 1129 2007 1277 2037; x_wconf 86' lang='lat' dir='ltr'>Turnebi</span> <span class='ocrx_word' id='word_1_464' title='bbox 1294 2006 1382 2037; x_wconf 91' lang='lat' dir='ltr'>Adv.</span> <span class='ocrx_word' id='word_1_465' title='bbox 1399 2006 1419 2037; x_wconf 89' lang='lat' dir='ltr'>l.</span> <span class='ocrx_word' id='word_1_466' title='bbox 1436 2009 1487 2036; x_wconf 82' lang='grc'>17.</span> <span class='ocrx_word' id='word_1_467' title='bbox 1501 2015 1532 2037; x_wconf 88' lang='lat' dir='ltr'>c.</span> <span class='ocrx_word' id='word_1_468' title='bbox 1547 2009 1578 2036; x_wconf 81' lang='lat'>2.</span> <span class='ocrx_word' id='word_1_469' title='bbox 1596 2007 1724 2047; x_wconf 83' lang='lat' dir='ltr'>legitur</span> 
     </span>
     <span class='ocr_line' id='line_1_89' title="bbox 1025 2056 1723 2098; baseline 0.004 -12"><span class='ocrx_word' id='word_1_470' title='bbox 1025 2061 1060 2087; x_wconf 86' lang='lat' dir='ltr'>et</span> <span class='ocrx_word' id='word_1_471' title='bbox 1075 2056 1287 2098; x_wconf 76' lang='lat' dir='ltr'>Norica‚q11ae</span> <span class='ocrx_word' id='word_1_472' title='bbox 1302 2057 1394 2097; x_wconf 82' lang='lat' dir='ltr'>regio</span> <span class='ocrx_word' id='word_1_473' title='bbox 1408 2066 1576 2087; x_wconf 86' lang='lat' dir='ltr'>armorum</span> <span class='ocrx_word' id='word_1_474' title='bbox 1591 2056 1723 2089; x_wconf 80' lang='lat' dir='ltr'>fabrica</span> 
     </span>
     <span class='ocr_line' id='line_1_90' title="bbox 1024 2106 1179 2138; baseline 0.006 -1"><span class='ocrx_word' id='word_1_475' title='bbox 1024 2106 1179 2138; x_wconf 84' lang='lat' dir='ltr'>illustris.</span> 
     </span>
    </p>

    <p class='ocr_par' dir='ltr' id='par_1_17' title="bbox 1023 2157 1722 2391">
     <span class='ocr_line' id='line_1_91' title="bbox 1066 2157 1722 2198; baseline 0.002 -11"><span class='ocrx_word' id='word_1_476' title='bbox 1066 2161 1085 2187; x_wconf 83' lang='lat'>2</span> <span class='ocrx_word' id='word_1_477' title='bbox 1111 2158 1215 2188; x_wconf 76' lang='lat' dir='ltr'>Fortis</span> <span class='ocrx_word' id='word_1_478' title='bbox 1227 2159 1324 2188; x_wconf 79' lang='lat' dir='ltr'>adhuc</span> <span class='ocrx_word' id='word_1_479' title='bbox 1337 2158 1453 2198; x_wconf 75' lang='lat' dir='ltr'>teneri]</span> <span class='ocrx_word' id='word_1_480' title='bbox 1477 2157 1722 2189; x_wconf 82' lang='lat' dir='ltr'>Admirationis</span> 
     </span>
     <span class='ocr_line' id='line_1_92' title="bbox 1024 2209 1720 2250; baseline 0.001 -11"><span class='ocrx_word' id='word_1_481' title='bbox 1024 2212 1088 2247; x_wconf 83' lang='lat' dir='ltr'>est,</span> <span class='ocrx_word' id='word_1_482' title='bbox 1106 2209 1148 2239; x_wconf 92' lang='lat' dir='ltr'>ab</span> <span class='ocrx_word' id='word_1_483' title='bbox 1173 2209 1390 2240; x_wconf 80' lang='lat' dir='ltr'>adolescente</span> <span class='ocrx_word' id='word_1_484' title='bbox 1415 2215 1534 2241; x_wconf 87' lang='lat' dir='ltr'>tenero</span> <span class='ocrx_word' id='word_1_485' title='bbox 1555 2210 1720 2250; x_wconf 85' lang='lat' dir='ltr'>simulque</span> 
     </span>
     <span class='ocr_line' id='line_1_93' title="bbox 1023 2258 1719 2299; baseline 0.001 -10"><span class='ocrx_word' id='word_1_486' title='bbox 1023 2258 1118 2299; x_wconf 88' lang='lat' dir='ltr'>forti,</span> <span class='ocrx_word' id='word_1_487' title='bbox 1136 2264 1249 2291; x_wconf 80' lang='lat' dir='ltr'>tantas</span> <span class='ocrx_word' id='word_1_488' title='bbox 1262 2259 1348 2290; x_wconf 83' lang='lat' dir='ltr'>feras</span> <span class='ocrx_word' id='word_1_489' title='bbox 1362 2260 1484 2290; x_wconf 78' lang='lat' dir='ltr'>confici</span> <span class='ocrx_word' id='word_1_490' title='bbox 1503 2271 1509 2289; x_wconf 93' lang='lat'>:</span> <span class='ocrx_word' id='word_1_491' title='bbox 1535 2264 1638 2299; x_wconf 80' lang='lat' dir='ltr'>auget</span> <span class='ocrx_word' id='word_1_492' title='bbox 1651 2261 1719 2290; x_wconf 83' lang='lat' dir='ltr'>lau-</span> 
     </span>
     <span class='ocr_line' id='line_1_94' title="bbox 1023 2309 1718 2351; baseline 0.001 -11"><span class='ocrx_word' id='word_1_493' title='bbox 1023 2309 1098 2340; x_wconf 87' lang='lat' dir='ltr'>dem</span> <span class='ocrx_word' id='word_1_494' title='bbox 1113 2320 1131 2340; x_wconf 86' lang='lat' dir='ltr'>a</span> <span class='ocrx_word' id='word_1_495' title='bbox 1145 2310 1427 2351; x_wconf 82' lang='lat' dir='ltr'>repugnantibus,</span> <span class='ocrx_word' id='word_1_496' title='bbox 1454 2312 1462 2326; x_wconf 87' lang='lat'>‘</span> <span class='ocrx_word' id='word_1_497' title='bbox 1476 2309 1583 2341; x_wconf 84' lang='lat' dir='ltr'>fortis&#39;</span> <span class='ocrx_word' id='word_1_498' title='bbox 1600 2314 1635 2341; x_wconf 83' lang='lat' dir='ltr'>et</span> <span class='ocrx_word' id='word_1_499' title='bbox 1650 2312 1658 2326; x_wconf 88' lang='lat'>‘</span> <span class='ocrx_word' id='word_1_500' title='bbox 1670 2315 1718 2341; x_wconf 85' lang='lat' dir='ltr'>te-</span> 
     </span>
     <span class='ocr_line' id='line_1_95' title="bbox 1023 2360 1122 2391; baseline -0.01 0"><span class='ocrx_word' id='word_1_501' title='bbox 1023 2360 1122 2391; x_wconf 88' lang='lat' dir='ltr'>neri.&#39;</span> 
     </span>
    </p>

    <p class='ocr_par' dir='ltr' id='par_1_18' title="bbox 1019 2409 1717 2753">
     <span class='ocr_line' id='line_1_96' title="bbox 1064 2409 1717 2451; baseline 0 -11"><span class='ocrx_word' id='word_1_502' title='bbox 1064 2413 1082 2440; x_wconf 88' lang='lat'><strong>3</strong></span> <span class='ocrx_word' id='word_1_503' title='bbox 1109 2411 1262 2450; x_wconf 78' lang='lat' dir='ltr'>lllctulz&#39;t,</span> <span class='ocrx_word' id='word_1_504' title='bbox 1277 2411 1346 2451; x_wconf 53' lang='grc' dir='ltr'>δῖα]</span> <span class='ocrx_word' id='word_1_505' title='bbox 1370 2409 1717 2450; x_wconf 71' lang='lat' dir='ltr'>IdemCarpophorus</span> 
     </span>
     <span class='ocr_line' id='line_1_97' title="bbox 1021 2460 1717 2501; baseline 0 -11"><span class='ocrx_word' id='word_1_506' title='bbox 1021 2460 1113 2492; x_wconf 86' lang='lat' dir='ltr'>sacili</span> <span class='ocrx_word' id='word_1_507' title='bbox 1152 2461 1293 2492; x_wconf 87' lang='lat' dir='ltr'>cervicis</span> <span class='ocrx_word' id='word_1_508' title='bbox 1329 2460 1533 2500; x_wconf 80' lang='lat' dir='ltr'>deflexione,</span> <span class='ocrx_word' id='word_1_509' title='bbox 1570 2460 1717 2501; x_wconf 82' lang='lat' dir='ltr'>agilique</span> 
     </span>
     <span class='ocr_line' id='line_1_98' title="bbox 1021 2509 1717 2551; baseline -0.001 -10"><span class='ocrx_word' id='word_1_510' title='bbox 1021 2512 1172 2551; x_wconf 85' lang='lat' dir='ltr'>corporis</span> <span class='ocrx_word' id='word_1_511' title='bbox 1201 2511 1428 2543; x_wconf 89' lang='lat' dir='ltr'>declinatione</span> <span class='ocrx_word' id='word_1_512' title='bbox 1468 2511 1606 2551; x_wconf 76' lang='lat' dir='ltr'>excepit</span> <span class='ocrx_word' id='word_1_513' title='bbox 1634 2509 1717 2541; x_wconf 82' lang='lat' dir='ltr'>duos</span> 
     </span>
     <span class='ocr_line' id='line_1_99' title="bbox 1021 2560 1716 2604; baseline 0.001 -13"><span class='ocrx_word' id='word_1_514' title='bbox 1021 2566 1148 2601; x_wconf 85' lang='lat' dir='ltr'>tauros,</span> <span class='ocrx_word' id='word_1_515' title='bbox 1188 2572 1315 2604; x_wconf 84' lang='lat' dir='ltr'>eosque</span> <span class='ocrx_word' id='word_1_516' title='bbox 1353 2562 1526 2603; x_wconf 86' lang='lat' dir='ltr'>prehensis</span> <span class='ocrx_word' id='word_1_517' title='bbox 1557 2560 1716 2592; x_wconf 81' lang='lat' dir='ltr'>cornibus</span> 
     </span>
     <span class='ocr_line' id='line_1_100' title="bbox 1019 2611 1716 2652; baseline 0.001 -11"><span class='ocrx_word' id='word_1_518' title='bbox 1019 2612 1109 2643; x_wconf 88' lang='lat' dir='ltr'>humi</span> <span class='ocrx_word' id='word_1_519' title='bbox 1122 2611 1254 2644; x_wconf 83' lang='lat' dir='ltr'>afflixit.</span> <span class='ocrx_word' id='word_1_520' title='bbox 1299 2612 1367 2644; x_wconf 87' lang='lat' dir='ltr'>Alii</span> <span class='ocrx_word' id='word_1_521' title='bbox 1384 2612 1501 2642; x_wconf 84' lang='lat' dir='ltr'>volunt</span> <span class='ocrx_word' id='word_1_522' title='bbox 1516 2611 1569 2642; x_wconf 89' lang='lat' dir='ltr'>hic</span> <span class='ocrx_word' id='word_1_523' title='bbox 1585 2612 1716 2652; x_wconf 85' lang='lat' dir='ltr'>specia-</span> 
     </span>
     <span class='ocr_line' id='line_1_101' title="bbox 1022 2661 1713 2703; baseline -0.001 -11"><span class='ocrx_word' id='word_1_524' title='bbox 1022 2663 1079 2692; x_wconf 82' lang='lat' dir='ltr'>tim</span> <span class='ocrx_word' id='word_1_525' title='bbox 1103 2662 1206 2693; x_wconf 90' lang='lat' dir='ltr'>robur</span> <span class='ocrx_word' id='word_1_526' title='bbox 1227 2662 1441 2703; x_wconf 82' lang='lat' dir='ltr'>Carpophori</span> <span class='ocrx_word' id='word_1_527' title='bbox 1464 2661 1713 2702; x_wconf 86' lang='lat' dir='ltr'>ostendi,quod</span> 
     </span>
     <span class='ocr_line' id='line_1_102' title="bbox 1021 2713 1714 2753; baseline -0.003 -10"><span class='ocrx_word' id='word_1_528' title='bbox 1021 2714 1028 2729; x_wconf 91' lang='lat'>‘</span> <span class='ocrx_word' id='word_1_529' title='bbox 1048 2713 1137 2743; x_wconf 75' lang='lat' dir='ltr'>facili</span> <span class='ocrx_word' id='word_1_530' title='bbox 1156 2713 1314 2753; x_wconf 47' lang='lat' dir='ltr'>cervices</span> <span class='ocrx_word' id='word_1_531' title='bbox 1333 2713 1364 2744; x_wconf 88' lang='lat' dir='ltr'>id</span> <span class='ocrx_word' id='word_1_532' title='bbox 1391 2718 1456 2751; x_wconf 57' lang='lat' dir='ltr'>cat,</span> <span class='ocrx_word' id='word_1_533' title='bbox 1480 2714 1571 2743; x_wconf 85' lang='lat' dir='ltr'>nullo</span> <span class='ocrx_word' id='word_1_534' title='bbox 1589 2713 1714 2750; x_wconf 78' lang='lat' dir='ltr'>labore,</span> 
     </span>
    </p>
   </div>
  </div>
 </body>
</html>
