1866 3131
252 178 365 221 1180

294 287 333 315 10
360 284 473 315 Truces
498 283 531 314 in
555 283 715 325 alta,&c.]
736 284 745 301 ‘
758 281 826 314 Aut
841 283 875 314 in
893 292 944 314 re-

249 335 356 366 ducta
385 335 472 364 valle
500 334 720 373 mugientium
737 334 945 373 Prospectat

248 389 406 415 errantes
424 384 570 424 greges?
598 384 683 416 Hor.
699 387 731 416 2.
749 383 860 424 Epod.

294 437 331 465 11
376 434 556 474 Vitulusque
593 435 714 471 inermi,
749 433 819 474 ξω]
857 435 867 450 ‘
883 433 944 464 Cui

249 483 341 515 frons
359 484 496 524 turgida
513 485 669 516 cornibus
685 484 809 515 Primis
829 488 865 514 et
880 485 945 514 Ve-

248 543 364 565 nerem
382 540 416 565 et
434 535 553 574 proelia
566 534 738 566 destinat!
757 534 881 566 Horat.
895 537 946 565 13.

251 585 330 625 ode,
344 588 375 616 3.
393 585 451 617 lib.
494 585 626 625 Inermz']
651 585 762 625 Molli,
777 585 848 615 sine
874 593 946 615 cor-

249 635 358 666 nibus.
411 635 746 676 Prnrz‘t]1ncitatur.

292 688 331 715 12
351 685 459 716 Omnis
485 685 592 725 turba]
613 685 774 724 Gallinae,
799 693 948 723 anseres,

248 736 312 766 διο.
329 745 404 776 quae
427 743 626 777 sequuntur.
671 735 812 766 Sordidae
837 733 948 774 cortis]

248 784 405 816 Adverte
427 786 536 816 avium
554 787 670 816 nativa
686 785 849 825 epitheta.

292 838 330 866 13
361 835 502 876 Argutus
523 835 627 875 anser]
656 835 825 875 Argutum
855 843 949 865 anse-

247 897 318 918 rem
335 892 446 927 vocat,
463 889 540 929 quia
556 897 691 928 semper
707 891 852 927 strepat,
873 896 948 927 gra-

247 939 340 977 utet,
365 945 400 970 et
425 940 563 980 clangat
584 940 656 971 alis.
702 939 760 969 Sic
785 937 947 977 Virgilius

250 989 367 1028 Eclog.
384 991 413 1019 9.
437 989 446 1005 ⁴
466 989 526 1020 sed
544 994 681 1029 argutos
706 989 795 1019 inter
823 989 948 1028 strepit

249 1048 348 1069 anser
365 1039 500 1070 olores!
540 1040 749 1080 Gemmeique,
765 1039 831 1079 ἐξα]
854 1042 862 1056 ⁶
881 1039 947 1072 Qui

248 1090 349 1130 pictae
367 1091 520 1130 pandunt
535 1091 730 1131 spectacula
746 1089 890 1121 caudae!

292 1144 330 1172 14
356 1142 546 1183 Nomenque,
563 1143 633 1183 θα]
652 1143 948 1182 Phoenicopterus,

246 1192 302 1223 cui
325 1192 458 1232 φοινίκεοι
473 1193 581 1233 πτερὰ,
596 1195 648 1224 71.
664 1193 772 1234 epigr.
792 1195 843 1223 13.
862 1193 882 1223 l.

292 1247 330 1275 15
357 1244 464 1284 Picta]
486 1244 516 1275 A
535 1245 652 1285 pennis
665 1243 852 1274 maculosis.
878 1243 945 1273 Nu-

244 1294 425 1335 midicaeque
447 1294 597 1335 guttatae]
623 1294 776 1326 Gallinas
793 1292 947 1324 Numidi-

246 1355 302 1376 cas
319 1345 494 1386 intelligit,
515 1355 590 1386 quae
621 1344 762 1375 mat-ulis
785 1347 945 1384 tanquam

246 1396 352 1435 guttis
366 1395 544 1426 distinctas
560 1395 687 1426 habent
702 1394 849 1435 plumas:
870 1394 946 1425 vide

247 1447 359 1487 epigr.
374 1446 533 1478 73.l.13.

292 1501 331 1529 16
365 1497 551 1538 Impiorum]
590 1497 657 1530 Qui
687 1496 776 1527 male
803 1495 946 1526 audiunt

246 1554 391 1590 propter
404 1550 595 1590 parricidia,
604 1549 830 1588 impietatem,
841 1552 877 1578 et
889 1557 944 1578 ve-

247 1599 371 1631 neficia
387 1600 542 1631 Medeae:
568 1600 644 1630 vide
656 1599 795 1630 Senecae
810 1597 945 1629 Medeae

245 1656 494 1690 argumentum.
522 1649 774 1689 Phasiunastyc]
799 1649 828 1680 A
846 1649 945 1680 Phasi

252 1702 453 1732 Colchorum
472 1700 506 1732 fl.

290 1755 328 1782 17
355 1752 492 1782 Rhodius
529 1751 651 1791 superbi
679 1751 843 1790 foeminus,
875 1751 944 1792 ἔξω]

246 1803 398 1834 Gallinas
430 1802 588 1842 Rhodias,
616 1813 690 1843 quae
722 1803 880 1833 Romanis
910 1803 944 1833 in

246 1853 369 1892 pretio.

292 1905 330 1932 18
355 1901 523 1932 Plausibus
552 1900 771 1940 columbarum]
794 1900 944 1933 Alarum.

247 1953 466 1985 Columbaria
496 1953 529 1982 in
570 1951 741 1982 turribus:
788 1961 945 1992 suprema

247 2005 335 2034 enim
355 2008 522 2034 tectorum
540 2007 654 2033 amant
669 2011 759 2032 aves.

293 2056 331 2084 19
357 2054 471 2084 Cereus
494 2053 614 2092 turtur]
638 2053 700 2083 Cui
718 2053 838 2092 plumae
855 2054 944 2084 colo-

246 2105 290 2136 ris
308 2104 412 2136 cerei.
460 2103 560 2142 Aliis,
588 2104 721 2144 pinguis
753 2108 880 2142 turtur,
907 2109 945 2134 ut

246 2155 399 2196 epigr.5.
418 2155 439 2186 l.
457 2157 507 2186 13.
541 2156 549 2170 ‘
562 2154 671 2185 Cerea
697 2153 864 2184 ficedula’
889 2163 946 2185 ex-

249 2206 397 2245 ponitur,
415 2204 560 2245 pinguiS,
576 2204 736 2245 quiajam
752 2210 869 2244 parata
886 2215 944 2246 gu-

248 2256 290 2287 1ae
307 2259 383 2286 erat
400 2259 435 2285 et
452 2254 632 2294 deplumis.
679 2254 945 2286 Musamhertius

247 2312 363 2336 tamen
390 2312 507 2345 negat,
525 2305 599 2336 heic
631 2304 673 2335 de
703 2305 861 2336 ‘turture
891 2315 945 2345 ge-

248 2355 381 2387 mente'
409 2360 442 2386 et
470 2355 591 2395 plumis
622 2355 760 2394 vestito,
787 2355 854 2385 dici
883 2354 945 2386 hoc

249 2415 359 2447 posse.
405 2405 492 2436 Nam
509 2409 547 2435 ut
569 2414 589 2434 a
619 2405 808 2444 plumarum
833 2404 946 2436 colore

248 2457 385 2488 caeteris
410 2456 543 2495 avibus,
573 2455 621 2485 ita
643 2458 678 2485 et
701 2455 825 2486 turturi
851 2466 946 2488 suum

247 2508 379 2538 addidit
393 2515 511 2537 nomen
527 2516 536 2544 3
561 2510 597 2536 et
609 2509 647 2535 ut
670 2504 681 2521 ‘
694 2514 840 2545 pavones
856 2515 947 2546 gem-

249 2557 368 2596 meos,'
378 2562 413 2588 et
423 2557 716 2598 phaenicopterum
727 2555 944 2587 ‘rubentibus

250 2607 392 2648 pennis‚'
416 2607 464 2637 sic
479 2607 488 2623 ‘
501 2611 670 2637 turturem
683 2605 834 2637 cereum'
847 2599 945 2639 dixit.

250 2660 294 2690 Et
309 2658 443 2700 quidem
470 2656 613 2688 turturis
629 2655 778 2695 dorsum,
795 2656 870 2687 rufo
892 2667 944 2688 su-

249 2708 499 2748 perius-persam
526 2707 560 2736 in
597 2705 778 2746 superficie
818 2717 943 2747 penna-

251 2768 334 2796 rum,
353 2757 486 2798 Physiri
503 2762 676 2796 notavere,
692 2762 726 2787 et
744 2757 880 2797 resipsa
898 2760 942 2791 lo-

709 188 850 219 No'rAE
885 189 1034 233 vARio
1047 189 1146 219 uun
1186 189 1232 217 ικ

995 283 1128 323 quitur:
1154 281 1321 322 ejusmodi
1345 289 1428 322 vero
1451 281 1542 312 color
1557 289 1693 312 cereum

995 332 1243 373 quodammodo
1260 330 1377 362 refert.
1399 331 1487 362 Tum
1501 330 1594 361 soliti
1607 331 1693 363 Po'e-

995 387 1039 413 tae
1057 383 1188 413 colores
1205 382 1318 412 avium
1335 390 1460 421 augere
1475 381 1530 411 vel
1545 381 1696 413 minuere

996 443 1055 463 sno
1072 434 1255 464 arbitratu.
1296 432 1396 464 Quod
1413 441 1494 462 vero
1522 431 1692 472 objiciunt

995 484 1102 524 epigr.
1119 487 1173 516 60.
1198 484 1298 524 hujus
1315 483 1415 514 libri:
1446 484 1454 499 ‘
1471 483 1598 514 Cereus
1622 482 1696 523 (alii

993 536 1003 552 ⁶
1018 534 1151 566 Aureus
1164 534 1190 576 ')
1221 534 1408 566 immodicis
1434 538 1547 565 turtur
1577 538 1611 564 te
1627 534 1697 564 clu-

996 585 1096 616 nibus
1114 585 1257 626 implet,'
1280 586 1338 617 ubi
1365 586 1375 602 ‘
1390 595 1509 616 cereus
1524 585 1532 598 ’
1555 585 1695 626 ponitur

997 645 1057 676 pro
1087 636 1204 676 pingui
1222 649 1230 675 3
1251 636 1309 667 sed
1338 636 1485 677 loquitur
1506 636 1553 666 ibi
1570 635 1612 667 de
1627 640 1696 667 tur-

997 690 1073 716 ture
1089 686 1251 726 deplumi,
1268 691 1303 717 et
1328 686 1400 726 jam
1426 695 1530 717 coenae
1554 691 1696 726 parato:

996 744 1062 765 non
1077 745 1161 766 vero
1177 735 1219 766 de
1237 741 1393 776 gemente
1409 740 1443 767 et
1460 736 1582 776 plumis
1597 736 1698 768 vesti·

998 790 1044 817 to,
1078 786 1256 817 Hactenus
1285 787 1489 818 Musambert.

1039 838 1080 866 20
1109 836 1228 867 Villicoe
1241 836 1340 867 sinum
1360 837 1463 877 porci]
1488 837 1569 868 Sinu
1585 836 1694 868 feren-

999 886 1040 917 tis
1055 887 1210 926 glandes,
1227 887 1280 917 vel
1293 887 1395 917 alium
1412 891 1558 927 pastum.

1039 939 1078 968 21
1102 937 1213 976 Agnus
1242 937 1401 977 ezr-peccat]
1426 937 1526 968 Domi
1548 938 1697 968 seclusus

999 993 1139 1019 amatre
1157 992 1292 1028 pastum
1310 986 1480 1028 profecta.

1040 1041 1081 1069 22
1107 1037 1412 1078 Cinguntserenum]
1436 1038 1492 1069 Sic
1507 1038 1628 1069 Horat.
1638 1037 1697 1069 lib.

1000 1088 1109 1129 Epod.
1138 1091 1170 1120 2.
1200 1090 1209 1106 ‘
1222 1089 1428 1130 Positosque
1461 1099 1595 1127 vernaS,
1616 1089 1697 1120 ditis

998 1148 1140 1170 examen
1168 1139 1302 1180 domus,
1331 1140 1468 1171 Circum
1500 1139 1696 1170 renidentes

998 1189 1124 1221 Lares)
1184 1190 1293 1221 Luccei
1319 1190 1428 1228 focum
1455 1188 1572 1228 verme]
1609 1189 1697 1220 Can-

997 1241 1078 1272 didi.

1039 1296 1079 1324 23
1106 1293 1214 1332 Larga
1232 1292 1346 1331 festos,
1378 1291 1448 1332 ἔξω]
1486 1291 1695 1322 Luculentus

997 1349 1050 1375 est
1064 1344 1171 1383 focus,
1181 1344 1279 1384 liguis
1291 1353 1309 1374 e
1327 1343 1436 1374 vicina
1447 1344 1542 1383 sylva
1555 1343 1697 1374 descen·

997 1394 1168 1433 dentibus,
1180 1400 1216 1425 ut
1230 1395 1319 1426 idem
1337 1395 1446 1435 epigr.
1456 1398 1507 1426 50.
1520 1395 1542 1425 l.
1557 1398 1588 1426 l.
1600 1394 1697 1425 Lares

995 1445 1096 1486 sylva]
1119 1445 1363 1485 Quibusjnxta
1379 1444 1489 1476 focum
1503 1445 1609 1475 locus.
1638 1444 1694 1475 Sic

998 1496 1120 1527 Horat.
1135 1498 1144 1513 ‘
1161 1497 1299 1527 Sacrum
1315 1495 1455 1526 vetustis
1469 1500 1623 1526 exstruat
1636 1494 1696 1534 lig-

997 1547 1047 1578 nis
1062 1547 1199 1578 focum!

1039 1600 1079 1629 24
1106 1597 1203 1638 Copo]
1229 1597 1357 1637 Caupo,
1380 1597 1436 1638 qui
1459 1596 1502 1627 ad
1527 1601 1694 1637 quaestum

997 1647 1123 1678 domini
1141 1647 1327 1678 viatoribus
1340 1647 1452 1678 viuum
1481 1647 1610 1686 vendit,
1627 1656 1696 1678 non

998 1700 1103 1740 pallet
1118 1704 1154 1731 et
1180 1699 1372 1740 pinguescit
1401 1700 1493 1738 otio;
1517 1699 1575 1731 sed
1592 1699 1696 1731 habet

997 1750 1087 1790 qnod
1103 1756 1197 1790 agat,
1221 1756 1256 1781 ut
1273 1751 1438 1790 sequitur.

1038 1802 1078 1830 25
1103 1801 1172 1831 Nec
1197 1801 1316 1841 perdit]
1340 1800 1461 1841 Neque
1484 1800 1572 1831 enim
1589 1800 1696 1831 utitur

997 1850 1084 1889 oleo,
1115 1851 1169 1890 qui
1199 1859 1263 1880 non
1295 1856 1456 1882 exerceat
1472 1851 1695 1889 Palaestra1n3

997 1901 1115 1931 melius
1130 1911 1164 1931 se
1176 1907 1318 1932 exercet
1332 1901 1694 1941 aucupio,venatione,

997 1954 1060 1983 διο.
1072 1951 1147 1981 vide
1160 1952 1328 1990 adagium,
1344 1951 1511 1982 ‘Perdere
1525 1952 1646 1983 oleum'
1657 1957 1695 1983 et

995 2003 1003 2018 ‘
1014 2002 1176 2042 operam.²
1203 2003 1311 2032 (mma
1326 2002 1468 2041 lubricus,
1483 2002 1553 2042 esa]
1571 2003 1694 2033 Lucta-

997 2052 1063 2082 turi
1080 2061 1115 2082 se
1129 2058 1299 2083 ceromate
1315 2062 1355 2083 ex
1367 2053 1453 2092 oleo,
1466 2062 1556 2092 cera,
1573 2058 1608 2084 et
1620 2054 1693 2094 pul-

996 2110 1074 2132 vere
1094 2102 1269 2143 AEgyptio,
1284 2112 1341 2133 seu
1369 2103 1573 2142 Puteolano,
1590 2113 1694 2144 unge-

996 2152 1089 2183 bant.
1135 2153 1198 2182 Est
1231 2153 1320 2183 enim
1348 2154 1508 2192 palaestra
1534 2153 1628 2184 locus
1659 2153 1693 2184 iu

997 2203 1182 2242 gymnasio,
1197 2203 1282 2242 palae
1301 2212 1360 2233 seu
1374 2195 1474 2234 lu‘ctae
1490 2203 1692 2240 destinatus,

997 2263 1016 2283 a
1027 2251 1159 2283 πάλλειν
1170 2263 1229 2283 seu
1241 2252 1424 2294 πάλλεσθαι,
1434 2254 1487 2284 vel
1499 2263 1518 2284 a
1530 2252 1628 2285 πέλας
1643 2253 1692 2292 γί-

995 2305 1106 2333 νεσθαι.

1037 2356 1080 2384 26
1105 2353 1216 2384 Acidis
1226 2353 1342 2393 turdis]
1366 2354 1421 2384 Sic
1434 2353 1557 2385 Horat.
1601 2353 1693 2385 ‘Aut

996 2405 1097 2436 amite
1122 2405 1188 2435 levi
1217 2415 1293 2436 rara
1320 2405 1432 2436 tendit
1459 2405 1546 2437 retia
1569 2406 1692 2437 Turdis

995 2457 1155 2488 edacibus
1172 2456 1288 2488 dolos.'

1037 2509 1079 2537 29
1103 2506 1221 2537 Facilis
1236 2506 1356 2546 hortus]
1382 2507 1460 2537 Non
1487 2506 1611 2538 laboris
1633 2515 1694 2538 ex-

995 2555 1125 2598 quisiti,
1152 2561 1189 2586 nt
1219 2555 1252 2585 in
1275 2556 1487 2587 suburbanis.
1536 2556 1691 2597 Urbanos]

995 2607 1063 2638 Alii
1078 2606 1226 2637 ancillas.-
1250 2606 1330 2647 quia
1342 2616 1413 2646 prae
1427 2607 1562 2637 caeteris
1580 2607 1690 2646 operi-

995 2657 1069 2696 bus,
1085 2666 1158 2698 quae
1177 2657 1257 2693 ruri,
1274 2655 1386 2686 facilia
1401 2661 1479 2687 sunt
1493 2656 1665 2687 hortorum
1679 2667 1688 2695 ;

995 2708 1107 2749 itaque
1131 2707 1179 2737 his
1194 2706 1324 2737 idoneae
1348 2707 1488 2737 ancillae.
1527 2706 1691 2737 Ostendit

995 2758 1080 2789 enim
1093 2755 1194 2798 po'e‘ta
1205 2765 1265 2796 per
1278 2755 1574 2795 enumerationem,
1587 2756 1690 2787 omni-
