1866 3131
256 186 367 228 1444

300 291 407 321 Epm.
425 297 495 320 mx.
523 290 537 318 1
562 285 725 326 Balsama]
746 284 951 321 Balsamum,

255 341 365 381 inquit
382 340 528 376 Servius,
543 342 596 369 est
622 338 695 377 ipsa
713 336 833 374 arb0r;
858 334 949 374 Opo-

256 393 440 423 balsamum
455 400 572 421 succus
585 388 749 420 collectus
763 397 805 417 ex
815 386 948 416 arbore:

256 443 532 484 Xylobalsamum
549 441 674 480 lignum
687 438 793 479 ipsius
810 435 950 467 arboris.

258 495 338 524 Hoec
353 496 424 525 sunt
448 495 605 531 unguenta
623 489 772 529 virorum]
800 489 852 519 lta
870 496 950 518 sane

258 543 404 575 Laronia
420 543 509 583 apud
520 542 732 580 Juvenalem,
742 541 812 571 Sat.
823 542 854 570 2.
867 548 951 569 vers.

255 596 308 625 41.

299 647 319 675 2
339 645 487 683 Delicias,
499 644 565 684 εγω]
587 643 772 681 Unguenta
788 648 846 670 seu
863 647 951 668 amo-

256 705 346 726 mum
375 695 566 736 Assyrium:
593 699 628 724 nt
647 693 703 723 lib.
719 694 749 722 S.
769 690 885 730 Epigr.
901 691 952 719 77.

256 746 368 778 Ninus
382 755 460 776 vero
476 756 535 776 rex
551 745 616 776 fuit
632 742 858 784 Assyriorum.
887 739 955 773 Alii

256 797 375 837 legunt
404 798 483 828 Nili.
531 796 697 827 Gruterus
714 803 754 823 ex
771 792 849 824 trib.
866 793 951 823 Mss.

259 847 376 879 Cosmi.
419 847 464 878 Et
478 845 647 877 consentit
664 843 825 875 Arondel.

302 897 410 927 Epic..
427 904 482 927 Lx.
509 899 524 926 1
551 895 652 925 Scissa
682 904 736 924 nec
759 893 868 924 inutile
882 903 952 924 reu-

258 947 319 986 trz']
344 948 478 986 Rugoso
496 951 531 976 et
551 945 653 975 sulcis
670 945 773 974 scisso
786 949 897 974 utero.

301 1002 321 1030 2
343 998 381 1028 Si
395 998 492 1038 clara]
518 997 634 1037 Epigr.
651 998 704 1026 22.
719 995 776 1026 lib.
796 997 846 1026 11.

302 1048 408 1079 EPIG.
423 1057 494 1079 LXI.
517 1048 691 1078 Vulcanus
707 1046 740 1076 in
754 1055 860 1076 cornu
877 1054 955 1076 con-

259 1099 384 1137 clusus,
401 1103 437 1129 ut
453 1098 601 1139 loquitur
617 1097 811 1127 Mercurius
824 1096 954 1126 Plauti-

260 1160 333 1181 nus,
356 1148 540 1180 ‘Laterna'
564 1148 669 1186 dicta,
685 1146 775 1188 quod
802 1146 886 1187 ignis
909 1146 956 1176 la-

260 1205 333 1232 teat
350 1200 440 1230 intus
455 1200 600 1229 clausus.

304 1251 406 1280 Epic..
425 1258 515 1280 Lxu.
540 1251 557 1278 l
586 1248 651 1278 Aut
669 1257 726 1285 me,
741 1246 812 1287 Era]
834 1246 955 1287 Neque

262 1305 377 1340 potest
403 1299 520 1330 obvius
543 1297 708 1339 quispiam
725 1306 777 1327 me
801 1307 819 1327 a
836 1306 957 1328 cornea

259 1351 467 1381 discernere.

304 1401 410 1431 Epic.
436 1408 539 1430 Lxru.
574 1402 593 1428 ⁶2
621 1399 700 1433 Qaoe
727 1397 959 1437 pr·imu1n,23·c.]

262 1453 348 1484 Quae
373 1450 483 1481 fertur
505 1460 522 1480 a
541 1450 636 1480 Pane
653 1450 802 1487 inventa,
817 1453 852 1479 et
875 1449 883 1464 ‘
896 1448 959 1478 dis·

262 1503 398 1543 paribus
416 1506 546 1542 septem
564 1505 744 1541 compacta
761 1499 904 1531 cicutis!

306 1555 410 1586 Eme..
425 1563 525 1584 Lxu‘.
546 1552 671 1584 Differ-t
697 1563 716 1583 a
736 1552 854 1583 fistula
878 1552 960 1583 tibia

262 1604 384 1644 forma,
401 1614 466 1635 non
483 1605 625 1635 materia
642 1613 799 1644 semper:
824 1612 898 1633 nam
926 1608 960 1634 et

263 1656 350 1687 tibia
365 1656 470 1686 fiebat
494 1665 512 1686 e
536 1655 667 1692 cicutis,
684 1654 834 1691 calamis,
859 1653 960 1690 buxo,

264 1706 314 1736 uti
332 1710 365 1736 et
383 1705 519 1742 fistula;
544 1714 746 1744 quamquam
763 1703 846 1734 tibia
859 1703 961 1734 etiam

265 1766 307 1787 ex
325 1766 403 1794 aere,
421 1765 540 1792 corun,
553 1764 640 1792 osse,
653 1756 717 1785 ἃς.
758 1755 876 1784 Forma
895 1763 960 1784 non

264 1806 383 1837 eadem
400 1805 552 1836 omnibus
569 1816 577 1842 ;
601 1805 672 1835 aliae
697 1805 870 1844 linguatae,
886 1804 960 1834 aliae

265 1857 437 1896 elingues3
461 1856 540 1886 alias
566 1853 749 1893 μοναύλους,
779 1855 860 1885 alias
884 1854 963 1885 διαῦ·

265 1912 349 1945 λους,
359 1907 422 1937 hoe
437 1911 502 1943 est,
513 1905 682 1946 simplices
695 1911 729 1936 et
745 1905 893 1944 geminas
906 1915 962 1945 ap-

265 1956 449 1996 pellabant.
494 1956 669 1986 Monaulos
692 1964 769 1994 ergo
787 1954 964 1985 dicebatur

266 2006 443 2045 singularis
471 2005 566 2042 tibia,
593 2004 634 2034 ad
664 2003 888 2034 differentiam
909 2005 964 2034 τοῦ

266 2054 408 2094 ζεύγους,
429 2065 528 2095 quum
555 2055 641 2086 bina:
667 2054 764 2085 simul
790 2053 962 2088 inflantur.

268 2106 351 2136 Rad.
366 2105 495 2136 Salmas.

310 2159 326 2186 1
355 2156 451 2186 Ebria
478 2155 607 2186 tibicina
633 2154 748 2194 baccis]
793 2154 964 2185 Conviviis

267 2205 420 2236 adhibita
445 2216 520 2246 quae
539 2205 629 2236 tibiis
653 2210 804 2236 caueret.
829 2205 964 2237 Plutar-

268 2257 346 2288 chus
366 2255 535 2287 Problem.
551 2258 582 2286 8.
599 2255 657 2287 lib.
675 2258 705 2287 7.
717 2255 868 2295 Sympos.

310 2308 330 2336 2
353 2305 441 2346 Sa’pe
457 2306 532 2336 duas
544 2306 678 2345 pariter,
693 2305 763 2345 Esca]
785 2305 890 2335 Modo
910 2315 965 2345 ge-

268 2357 375 2387 minas
404 2358 530 2397 pariter
558 2355 665 2396 inflat,
689 2356 844 2387 dextram
867 2361 901 2386 et
924 2356 967 2386 si-

268 2407 432 2446 nistram;
457 2407 555 2437 modo
567 2407 753 2446 simplicem
767 2410 801 2437 et
814 2406 956 2437 unicam.

313 2457 419 2488 EP1G.
437 2466 521 2488 va.
539 2459 557 2487 2
583 2457 646 2486 Pro
674 2466 777 2496 puero,
803 2456 871 2497 Qu]
910 2455 966 2486 Ita

270 2507 471 2548 legendum:
496 2507 559 2546 ipse
572 2517 625 2546 pes
640 2507 700 2538 sibi
715 2508 773 2538 erit
788 2517 845 2547 pro
858 2517 964 2548 puero.

271 2559 304 2589 Si
321 2558 424 2598 forte,
441 2559 561 2598 inquit,
579 2568 663 2598 puer
683 2558 844 2597 defuerit,
860 2564 894 2589 et
913 2569 965 2589 so-

272 2610 340 2640 leas
371 2610 433 2639 tibi
462 2609 567 2640 libeat
596 2619 740 2647 sumere,
767 2619 840 2640 cum
869 2610 966 2640 sole1s

271 2660 392 2690 lanatis
414 2660 538 2698 poteris
564 2660 634 2699 ipse
659 2670 675 2689 e
699 2660 854 2690 cubiculo
872 2662 964 2690 emir(¹

272 2714 306 2738 et
329 2710 434 2739 soleas
459 2716 574 2748 petere
593 2721 598 2739 :
624 2716 659 2739 et
682 2711 727 2740 sic
747 2711 852 2740 vicem
872 2711 964 2750 pueri

274 2768 332 2798 pes
366 2760 396 2788 in
425 2761 511 2789 solea
544 2761 619 2790 lana
649 2760 833 2800 supplebit.
877 2761 965 2791 Hinc

717 190 859 221 NOTAE
895 188 1152 219 VARIORUM
1188 188 1235 217 IN

1000 283 1151 314 videmus
1175 282 1303 314 udones
1321 288 1357 314 et
1379 282 1487 313 soleas
1504 282 1585 313 istas
1601 282 1692 312 lana-

1000 339 1049 365 tas
1065 344 1157 374 saepe
1182 343 1242 374 pro
1268 333 1504 364 calceamentis
1520 333 1573 363 vel
1596 332 1693 362 soleis

999 385 1087 416 intra
1103 385 1291 416 cubiculum
1314 385 1440 425 gestari
1463 384 1590 415 solitas.
1627 383 1695 414 Sal-

1000 447 1074 467 mas.
1105 436 1166 467 Pes
1188 436 1248 467 erit
1269 439 1334 476 ipse
1349 436 1425 475 sibi]
1449 435 1634 466 Scriverius
1654 444 1695 465 ex

1001 487 1130 518 duobus
1145 488 1228 519 Mss.
1264 489 1328 519 Pes
1343 487 1402 519 erit
1417 488 1480 528 ipse
1496 486 1566 527 tibi,
1582 486 1615 517 id
1632 491 1697 524 est,

1001 547 1116 570 servus
1134 549 1154 570 a
1169 539 1324 579 pedibus.

1046 590 1152 621 EPm.
1170 599 1265 621 wa.
1281 593 1296 620 1
1323 589 1469 628 Taurino,
1484 589 1550 629 [Sc]
1582 586 1697 618 Habes

1002 640 1090 671 enim
1109 650 1282 679 mammas,
1298 641 1306 658 ‘
1322 641 1414 673 Quas
1429 640 1483 670 vix
1496 639 1626 670 taurino
1639 648 1696 679 po-

1004 690 1086 721 teris
1116 690 1315 722 circundare
1347 690 1466 731 tergo-³
1514 690 1567 721 Aa
1599 699 1697 729 quem

1003 740 1137 780 Virgilii
1154 750 1286 772 versum
1310 741 1460 772 allusisse
1481 740 1592 771 Poeta
1608 739 1698 770 vide-

1004 796 1070 824 tur.

1047 848 1066 875 2
1092 845 1279 885 Pellisssc]
1318 844 1510 875 Mamillare
1542 853 1559 874 e
1590 843 1676 883 pelle
1692 853 1699 872 :

1004 893 1108 926 fascia
1133 905 1191 926 sen
1218 895 1415 935 strophium,
1443 894 1562 935 quibus
1592 898 1702 923 tumor

1004 946 1207 986 papillarum
1237 945 1471 977 coercebatur.
1532 944 1681 975 Catullus
1698 953 1706 973 ε

1006 998 1014 1013 ‘
1035 996 1110 1027 Non
1129 996 1231 1027 tereti
1244 995 1398 1036 strophio
1412 996 1576 1026 lactentes
1587 995 1702 1026 vincta

1007 1046 1172 1087 papillas!

1049 1098 1156 1128 Eme.
1190 1106 1306 1129 vau.
1343 1097 1502 1128 Muscaria
1537 1096 1704 1137 pavonina]

1007 1148 1198 1179 Flabellum
1230 1148 1272 1178 ad
1303 1147 1486 1189 abigendas
1515 1157 1657 1186 muscas,
1685 1156 1703 1177 e

1007 1200 1148 1238 pavonis
1164 1199 1282 1230 cauda.

1050 1249 1158 1280 Epic.
1172 1257 1299 1280 vanl.
1317 1252 1331 1279 1
1344 1249 1521 1286 Peccantis,
1535 1248 1602 1288 &ej
1618 1249 1705 1287 Cop-

1009 1304 1043 1330 ta
1059 1298 1124 1329 fnit
1142 1300 1302 1339 placenta
1326 1309 1367 1329 ex
1386 1299 1531 1338 siligine,
1547 1299 1705 1338 amygda-

1008 1349 1059 1388 lis,
1075 1350 1215 1388 nucleis,
1232 1350 1383 1390 passulis,
1399 1352 1461 1380 ἃς.
1479 1349 1641 1380 Rhodiam
1661 1354 1707 1378 ta·

1010 1411 1084 1431 men
1102 1401 1186 1431 adeo
1205 1402 1320 1432 duram
1338 1411 1412 1432 esse
1433 1402 1568 1441 jocatur
1588 1401 1708 1439 Po'e'ta,

1009 1455 1047 1480 ut
1062 1451 1194 1490 colaphi
1207 1451 1279 1481 vice
1294 1452 1487 1491 porrigatur
1499 1451 1602 1481 servis
1617 1461 1707 1480 man-

1011 1500 1135 1539 denda,
1152 1511 1216 1542 quo
1232 1502 1349 1541 pugnis
1371 1501 1436 1532 suis
1462 1507 1580 1540 parcat
1605 1501 1708 1531 domi·

1011 1561 1092 1581 nus:
1119 1552 1284 1593 simulque
1302 1552 1387 1583 ludit
1411 1553 1443 1582 in
1467 1552 1709 1582 Paronomasia

1009 1602 1064 1632 τοῦ
1089 1600 1192 1632 κόπτω
1217 1607 1252 1633 et
1274 1603 1429 1643 ‘captae'
1467 1602 1597 1633 Rhodia
1629 1612 1708 1641 ergo

1012 1659 1116 1692 copta
1132 1653 1215 1684 adeo
1233 1653 1315 1683 dura
1336 1658 1422 1692 erat,
1439 1658 1475 1683 ut
1498 1652 1708 1683 buccellatus

1013 1702 1120 1742 panis,
1136 1703 1183 1733 ita
1199 1709 1236 1733 ut
1251 1704 1381 1742 dentes,
1395 1703 1456 1733 nisi
1474 1702 1597 1741 firmos,
1615 1712 1709 1742 paene

1012 1753 1170 1784 elideret.
1216 1754 1314 1784 Unde
1332 1754 1558 1793 Po'etaejocus
1576 1753 1607 1782 in
1624 1753 1709 1783 lianc

1013 1810 1161 1844 coptam,
1179 1815 1251 1846 quae
1270 1805 1404 1835 domino
1421 1805 1522 1845 pugni
1537 1805 1610 1835 loco
1627 1810 1711 1843 erat,

1014 1855 1178 1885 mulctare
1195 1865 1327 1885 servum
1346 1856 1508 1895 cupienti.

1058 1906 1164 1937 EPIG.
1183 1915 1283 1936 LXlx.
1304 1909 1330 1936 l.
1348 1909 1366 1936 2
1390 1906 1548 1945 Priapum,
1566 1904 1710 1944 inguina]

1014 1957 1198 1997 Utriusque
1216 1967 1315 1987 sexus
1333 1956 1427 1986 αἰδοῖα
1443 1965 1487 1986 ex
1508 1957 1640 1997 siligine
1658 1955 1713 1986 fie-

1015 2007 1110 2037 bant.
1154 2007 1270 2046 Epigr.
1286 2010 1314 2038 3.
1332 2008 1352 2037 l.
1377 2010 1408 2037 9.
1427 2017 1513 2036 vers.
1529 2009 1559 2036 3.
1609 2007 1711 2036 Purus

1013 2056 1090 2096 eris]
1115 2057 1184 2087 Ore
1204 2067 1267 2086 non
1293 2057 1368 2087 hinc
1394 2056 1598 2097 impuriore:
1623 2056 1709 2097 quod

1013 2108 1079 2138 τοῖς
1092 2106 1291 2147 μυζουροῦσιν
1307 2107 1442 2137 accidit.

1059 2158 1164 2188 EPIG.
1180 2166 1263 2188 Lxx.
1288 2161 1303 2188 1
1323 2158 1414 2188 Bona
1438 2158 1620 2188 Saturnalia
1641 2168 1710 2198 por-

1014 2208 1082 2247 cus]
1105 2208 1269 2238 Solemnis
1287 2209 1486 2239 acclamatio
1504 2209 1536 2238 in
1552 2209 1713 2239 Saturna-

1015 2257 1114 2297 libus,
1140 2259 1148 2275 ‘
1162 2258 1200 2289 Io
1226 2258 1438 2298 Saturnalia‚’
1452 2260 1460 2275 ‘
1474 2259 1571 2289 Bona
1596 2258 1713 2289 Satur-

1016 2309 1126 2340 nalia.'
1161 2310 1276 2350 Epigr.
1293 2313 1324 2340 2.
1342 2310 1364 2342 l.
1381 2313 1431 2341 11.
1448 2319 1536 2342 vers.
1552 2314 1584 2341 5.

1058 2363 1077 2390 2
1102 2360 1194 2400 llice]
1220 2360 1353 2391 Glande
1371 2360 1486 2401 iligna.

1060 2411 1164 2442 EPIG.
1195 2419 1294 2441 Lxxr.
1331 2410 1524 2441 ‚Muscarium
1559 2409 1713 2449 bubulum]

1018 2459 1135 2490 Cauda
1161 2459 1252 2490 bovis
1279 2459 1320 2490 ad
1348 2460 1530 2500 tergendas
1555 2467 1590 2491 et
1614 2469 1713 2491 excu-

1017 2509 1149 2540 tiendas
1180 2516 1308 2547 vestes;
1348 2510 1397 2540 uti
1434 2510 1586 2550 pavonis,
1614 2510 1712 2541 modo

1017 2561 1268 2600 Epigrammate
1283 2564 1337 2592 67.
1351 2561 1392 2591 ad
1411 2570 1553 2591 muscas.

1063 2611 1165 2641 EPffi.
1184 2619 1301 2641 Lxxn.
1320 2614 1334 2641 1
1364 2611 1621 2651 Q2151·enit‚e}-c.]
1645 2611 1711 2644 Qui

1017 2660 1134 2690 missus
1151 2666 1199 2690 est
1220 2661 1280 2690 tibi
1298 2661 1330 2690 in
1346 2661 1711 2699 Saturnalibus,1nedio

1019 2710 1199 2740 Decembri
1250 2711 1440 2746 celebratis,
1479 2712 1557 2742 milii
1594 2712 1710 2741 missus

1019 2761 1083 2791 fuit
1117 2767 1194 2791 ante
1224 2762 1436 2791 Saturnalia:
1462 2770 1601 2802 quorum
1634 2762 1713 2802 legi-
