1866 3131
433 194 480 222 M.
514 193 622 223 VAL.
658 194 928 225 MARTIAMS
964 197 1123 227 EPIGR.
1160 199 1252 230 Llss.
1286 200 1335 229 X.

153 281 291 323 tarium,
318 285 471 316 Caietam
495 287 647 328 Trojanis
671 288 854 327 conditam,

155 333 278 374 virgil.
295 338 326 366 7.
344 341 377 367 et
392 336 494 368 Mart.
511 340 561 368 13.
575 338 693 379 Epigr.
710 341 764 369 82.
780 339 852 369 Ma-

155 384 271 423 ricam,
299 385 413 416 Lirin:
439 386 482 417 de
507 387 628 427 quibus
659 388 735 419 vide
762 388 851 420 Geo-

156 436 302 475 graplios
315 443 350 467 et
368 437 555 468 Leandrum
575 439 607 468 in
624 439 752 479 primis.

200 489 238 516 10
264 487 329 517 Nec
344 487 376 518 in
391 487 537 528 Lucrina,
551 489 620 530 aso]
646 490 720 521 Nec
742 490 851 521 lacum

154 536 334 567 Lucrinum
357 537 390 568 in
415 540 613 579 Campania,
628 540 724 580 cujus
752 550 852 582 aqua,

153 593 242 618 utet
259 588 430 628 Baiarum,
447 599 543 630 aeque
558 590 705 621 delicata
720 596 755 622 et
771 591 853 622 mol-

152 638 205 676 lis,
229 648 268 669 ac
284 639 447 670 Salmacis
469 640 502 670 in
527 640 640 678 Caria,
655 641 752 681 cujus
776 640 853 672 fons

154 687 358 720 efioeiniuare
388 690 476 721 viros
511 690 639 721 dicitnr
675 700 694 721 a
730 691 851 731 poetis.

154 739 256 770 ovid.
283 744 313 770 5.
329 740 470 772 Metam.
494 740 622 772 Auson.
652 741 769 782 Epigr.
797 745 851 773 68.

152 798 186 823 et
204 796 256 823 92.
277 792 412 824 Authol.
429 793 486 824 lib.
503 796 534 824 1.
551 803 628 834 cap.
648 796 700 825 17.

196 847 232 874 ll
261 844 324 874 Hic
337 843 469 884 summu]
499 844 678 875 Hactenus
703 844 849 875 Formia-

151 904 230 925 num
248 896 391 926 contulit
403 905 483 927 cumr
495 895 568 925 aliis
583 896 732 926 locorum
749 905 852 926 amoe-

150 945 326 983 nitatibus,
344 945 567 986 praetulitque
580 945 735 975 cunetis:
760 954 849 976 nunc

150 997 260 1034 ipsum
290 997 400 1027 locuni
433 995 608 1027 describit.
650 995 768 1036 Thetis]
795 995 851 1026 ΙΕ-

150 1053 244 1085 quon

193 1097 232 1125 12
258 1096 323 1125 Nec
339 1096 465 1134 languet
480 1095 677 1136 aeq110r‚t5·c.]
709 1095 785 1126 Nec
803 1100 850 1126 ta-

148 1155 226 1176 men
244 1151 393 1186 stagnat,
406 1145 465 1176 sed
484 1146 550 1176 leni
568 1155 649 1177 aura
663 1151 779 1186 portat
795 1155 851 1176 na-

149 1197 286 1227 viculas.

190 1250 229 1277 13
254 1247 378 1277 Pictam
389 1245 550 1286 phaselon]
574 1245 760 1285 Gyraldus,
771 1244 848 1276 doc-

147 1301 223 1328 tore
250 1297 376 1334 Nonio,
400 1297 574 1337 phaselum
602 1297 651 1326 ait
675 1296 847 1335 navigium

144 1359 217 1381 esse
231 1350 450 1391 Campanum,
483 1350 570 1380 Sunt
587 1348 644 1390 qui
659 1353 782 1389 putent
800 1349 848 1379 sic

146 1401 215 1432 dici
232 1411 250 1432 a
267 1401 445 1442 leguminis
469 1400 596 1440 specie.
642 1399 727 1429 Sunt
752 1399 809 1438 qui
827 1409 846 1429 a

145 1451 329 1482 Phaselide
366 1451 442 1481 loco
489 1449 613 1480 deduci
651 1448 846 1489 opinentur.

146 1502 241 1541 Virg.
285 1503 295 1518 ‘
314 1501 359 1532 Et
374 1500 501 1531 circum
518 1499 620 1540 pictis
637 1498 770 1529 vehitur
787 1507 847 1529 sua

145 1559 223 1581 rura
244 1549 418 1591 phaselis?

191 1603 228 1630 15
255 1601 344 1631 Mota
371 1598 503 1637 salubre,
524 1597 592 1638 ξω]
627 1597 735 1638 AEque
761 1597 846 1628 lenis

145 1657 195 1682 est
219 1651 390 1683 Formiani
418 1650 510 1680 sinus
542 1659 636 1687 aura,
661 1653 762 1689 atque
789 1649 846 1679 illa

145 1703 316 1743 quamsibi
333 1700 463 1732 faciunt
475 1700 597 1740 puellae
614 1709 676 1740 per
687 1703 844 1730 aestatem

145 1754 314 1793 agitantes
331 1751 422 1787 a‘cra,
439 1756 527 1781 mota
543 1755 636 1780 veste
654 1751 707 1780 vel
731 1748 846 1780 flabel-

144 1805 197 1836 lo:
225 1804 368 1846 Epistol·
387 1806 439 1834 23.
484 1803 651 1832 Brodzeus
673 1800 844 1831 flabellum

145 1865 187 1885 ex
203 1854 380 1895 pavoninis
392 1853 502 1893 pinnis
516 1851 696 1892 purpureis
710 1850 845 1882 confec-

145 1912 216 1937 tum
239 1904 423 1945 intelligit:
450 1903 586 1934 Miscel.
609 1902 666 1934 lib.
691 1905 742 1934 10.
765 1911 841 1942 cap.

144 1961 198 1989 22.

188 2010 229 2038 16
252 2005 340 2045 Seta]
365 2005 470 2036 Linea
486 2004 681 2045 piscatoria.
719 2003 843 2044 Longo]

144 2059 272 2098 Longe.

188 2112 229 2139 18
254 2110 427 2149 Spectatus,
441 2105 511 2146 ἐξα]
534 2106 603 2137 Per
629 2115 748 2147 aquam
772 2106 842 2146 pel-

143 2160 304 2191 lucidam.
340 2159 428 2199 Alte]
453 2157 534 2189 Alte
550 2158 703 2188 sublatus
720 2158 843 2189 lineam

146 2211 310 2241 curvabat
321 2210 484 2251 pondere,
493 2208 762 2250 quomagnitudo
776 2209 843 2249 pis—

145 2262 193 2292 cis
212 2260 416 2291 ostenditur.

188 2314 228 2342 19
252 2311 289 2341 Si
312 2312 443 2351 quando,
459 2309 526 2350 Sym]
557 2309 593 2340 Si
616 2310 750 2350 quando
774 2319 842 2340 ma·

143 2373 180 2394 re
197 2363 306 2393 ventis
330 2362 482 2400 tollatur,
500 2371 614 2392 mensa
636 2362 773 2392 minime
789 2371 841 2392 so-

143 2413 238 2444 licita
254 2416 308 2443 est
324 2411 366 2443 de
384 2412 542 2451 piscibus,
559 2417 596 2442 ut
613 2421 686 2452 quoe
707 2421 767 2442 suo
784 2422 841 2452 pe-

145 2474 190 2494 nu
207 2473 224 2494 e
239 2472 297 2494 suo
314 2472 431 2504 reguo,
447 2462 514 2492 suis
538 2462 675 2502 piscinis
698 2464 779 2493 satis
798 2463 842 2494 sit

145 2515 327 2546 instructa.
380 2512 464 2544 AEoli
509 2512 655 2553 regnum]
699 2513 842 2554 Ventos,

144 2565 323 2606 procellaS.
375 2581 382 2585 -

186 2619 226 2647 21
253 2613 394 2654 Piscina]
415 2613 568 2645 Piscinas
591 2615 715 2655 passim
741 2614 841 2645 habe-

142 2667 226 2698 bant
248 2666 281 2696 in
303 2665 390 2695 villis
416 2665 483 2696 suis
507 2665 716 2696 suburbanis.
766 2666 841 2696 Ver-

143 2717 214 2756 nus]
232 2717 272 2748 In
285 2716 351 2748 suis
365 2721 459 2748 natos
472 2714 619 2757 piscinis,
635 2725 693 2747 seu
711 2715 840 2747 domes-

149 2774 248 2798 ticos.

1489 188 1602 230 1363

947 293 987 320 ⁸22
1014 291 1112 322 Natat
1133 294 1183 330 ml,
1209 293 1279 334 era]
1317 294 1371 325 Sic
1400 292 1518 334 Epigr.
1546 296 1599 325 30.

903 340 961 371 lib.
976 343 1006 371 4.
1025 350 1111 372 vers·
1128 346 1159 373 G.

944 393 985 421 23
1011 392 1258 433 Nomenculator,
1284 393 1355 434 ξω]
1392 393 1459 427 Qui
1490 393 1601 434 pisces

903 441 1098 472 nominatim
1122 442 1208 474 citet
1232 448 1442 485 evocetque:
1468 454 1535 476 non
1554 454 1603 475 se-

903 500 963 521 cus
979 501 1018 522 ac
1034 494 1307 525 nomenclatores
1331 495 1488 526 solebant
1503 495 1537 525 in
1555 494 1604 525 fo-

901 549 940 571 ro
956 545 992 571 et
1007 551 1128 582 campo
1147 543 1273 574 Martio
1296 544 1402 575 citare
1419 554 1494 575 reos
1522 554 1602 576 con-

902 592 1080 633 vivasque,
1095 598 1130 624 et
1155 603 1338 634 suggerere
1362 595 1497 626 nomina
1520 595 1603 627 civi-

903 653 957 673 um
982 643 1125 675 dominis
1154 645 1221 676 suis
1246 645 1280 676 in
1306 645 1432 676 ambitu
1456 651 1493 677 et
1517 646 1603 686 peti-

903 693 994 724 tione
1003 695 1222 735 magistratus
1232 695 1499 727 salutandorum.
1511 698 1520 713 ‘
1531 697 1603 728 No-

902 744 1143 784 menculator;’
1165 746 1212 776 sic
1224 745 1435 786 scripserunt
1448 746 1576 787 antiqui
1591 758 1599 777 :

902 799 940 825 ut
957 801 992 826 et
1007 795 1016 812 ‘
1031 795 1241 835 tempulum‚’
1256 806 1330 836 pro⁷
1343 796 1518 837 templum,
1535 798 1598 828 &c.

900 846 908 861 ⁴
928 845 1063 884 Mugil‚’
1079 855 1137 876 seu
1152 846 1279 887 capito,
1304 846 1365 877 Gr.
1382 845 1512 886 γόμφος.
1530 846 1600 878 All.

903 894 1080 936 Grosslroffi
1094 896 1191 936 Belg.
1211 896 1348 928 Harder.
1375 897 1466 929 Gall.
1480 898 1592 929 Mulet.

943 948 983 976 24
1007 945 1101 978 Senes
1125 946 1228 986 mulli]
1256 947 1294 977 In
1320 946 1458 988 piscinis
1484 957 1599 978 conse-

900 1001 1096 1034 nescentes3
1121 997 1207 1028 tales
1235 998 1322 1028 enim
1347 997 1447 1029 animi
1474 999 1600 1038 potius,

901 1057 999 1087 quam
1023 1058 1148 1080 mensae
1172 1049 1282 1089 gratia
1310 1048 1458 1080 alebant.
1504 1050 1602 1089 Belg.

901 1099 1045 1130 Bur-beel.

942 1152 982 1180 25
1008 1149 1190 1190 Permittit]
1213 1150 1282 1181 Per
1301 1150 1544 1191 occupationes
1562 1157 1598 1182 et

899 1209 996 1230 curas
1013 1200 1171 1234 urbanas,

941 1253 983 1280 ‘20
996 1252 1079 1285 Quot
1094 1251 1275 1281 Formianos
1285 1251 1416 1290 imputat
1426 1251 1506 1291 dies]
1520 1251 1601 1282 Far-

899 1299 1016 1330 nabius
1033 1300 1204 1341 explicat:
1230 1301 1324 1333 Quot
1346 1300 1431 1340 dies,
1447 1310 1530 1342 qiios
1545 1302 1599 1341 ju-

897 1351 1008 1381 cunde
1025 1361 1127 1392 agere
1142 1351 1265 1382 liceret
1282 1351 1437 1390 Formiis,
1460 1357 1599 1392 possunt

896 1400 1059 1440 imputari
1075 1401 1169 1442 quasi
1185 1400 1311 1441 perditi
1331 1401 1467 1432 urbanis
1486 1401 1574 1432 curis
1589 1403 1600 1432 ?

898 1451 976 1481 Non
987 1451 1041 1483 hic
1054 1461 1170 1482 sensus
1182 1451 1362 1482 Martialis.
1382 1452 1477 1484 Dicit
1491 1453 1597 1484 enim:

897 1501 1007 1533 Quam
1040 1511 1166 1542 paucos
1192 1502 1266 1533 dies
1294 1503 1448 1540 Formiis,
1479 1504 1532 1534 vel
1561 1510 1599 1535 ut

896 1551 1051 1591 Formiis,
1080 1551 1229 1591 agendos
1255 1551 1438 1583 concedit?
1461 1553 1598 1593 ‘Impu-

897 1606 970 1631 tare
1001 1601 1115 1632 nobis'
1143 1601 1234 1641 apud
1264 1601 1445 1641 Senecam,
1476 1602 1597 1634 Sueto-

896 1651 1001 1689 nium,
1024 1657 1059 1683 et
1081 1652 1198 1682 horum
1224 1656 1412 1692 temporum
1439 1657 1597 1684 auctores

896 1702 1031 1740 dieitur,
1049 1702 1136 1742 quod
1154 1701 1329 1742 quisquam
1355 1702 1510 1734 beneficii
1537 1712 1596 1734 no-

897 1752 946 1783 bis
970 1752 1088 1782 tribuit
1105 1758 1138 1783 et
1154 1753 1334 1792 concessit,
1349 1754 1445 1794 quasi
1469 1753 1597 1794 ex'pen-

895 1812 968 1833 sum
989 1802 1092 1842 ferre,
1108 1803 1140 1832 in
1165 1803 1353 1834 rationibus
1378 1803 1596 1836 adscribere:

895 1859 930 1883 et
955 1853 1033 1884 inde
1061 1852 1256 1884 venditare:
1281 1857 1290 1869 ‘
1309 1853 1455 1884 Fructus
1482 1855 1598 1885 amici·

895 1903 951 1934 tiae
964 1913 1093 1943 magnae
1107 1903 1202 1934 cibus
1219 1915 1226 1933 :
1252 1903 1396 1944 imputat
1409 1903 1496 1935 hunc
1513 1904 1599 1935 rex!

895 1955 1022 1986 Noster
1052 1954 1111 1985 lib.
1143 1957 1194 1985 12.
1219 1956 1273 1985 48.
1312 1954 1492 1995 ‘Imputet
1521 1955 1598 1996 ipse

895 2006 990 2036 Deus
1002 2011 1121 2036 nectar
1132 2005 1235 2036 mihi!
1260 2005 1327 2036 Pro
1338 2005 1504 2037 beneficio
1516 2016 1598 2037 ven-

894 2056 992 2088 ditet.
1016 2056 1074 2088 Sic
1091 2057 1099 2073 ‘
1117 2065 1223 2087 annus
1240 2055 1387 2097 imputat
1411 2056 1506 2087 nobis
1524 2057 1595 2088 dics

889 2106 1080 2148 jucundos‚’
1098 2116 1194 2147 quos,
1210 2111 1364 2147 tempore
1381 2108 1458 2138 anni
1478 2107 1526 2138 ita
1544 2107 1593 2138 fe-

893 2164 991 2188 rente
1005 2162 1039 2188 et
1051 2157 1275 2196 concedente,
1285 2157 1438 2197 jucunde
1452 2158 1596 2196 egimus.

897 2208 1034 2238 Gronov.
1071 2207 1241 2238 Formiani
1258 2217 1342 2248 ergo
1354 2207 1594 2248 dies‚jucundi

893 2264 928 2289 et
941 2259 1039 2289 soluti
1057 2268 1138 2289 eura
1156 2258 1295 2290 urbana.

934 2314 975 2340 28
1003 2311 1031 2339 0
1065 2308 1233 2349 janitores]
1283 2308 1318 2339 Si
1359 2318 1437 2338 sane
1475 2318 1592 2339 omnes

892 2361 924 2391 in
942 2361 1004 2391 lioc
1022 2360 1105 2390 Mss.
1120 2360 1330 2398 conspirant,
1346 2359 1479 2390 vicerit.
1521 2359 1593 2390 Ali-

892 2412 972 2453 oqui
990 2421 1056 2442 nou
1079 2410 1180 2441 facile
1204 2419 1412 2450 spernerem,
1427 2411 1515 2450 quod
1532 2421 1589 2442 an-

891 2463 991 2493 tehac
1002 2461 1181 2500 edebatur,
1197 2461 1357 2492 vinitores.
1383 2461 1484 2500 Nam,
1500 2462 1590 2502 quod

893 2514 938 2544 ait
956 2513 1136 2551 Gruterus,
1153 2521 1188 2541 se
1212 2512 1345 2542 nescire
1368 2511 1448 2552 quid
1472 2512 1526 2542 hic
1543 2512 1593 2542 fa-

891 2564 961 2594 ciat
983 2561 1187 2600 ‘vinitore-fi
1202 2561 1259 2592 nbi
1281 2561 1373 2591 nulla
1396 2562 1521 2592 mentio
1546 2562 1592 2592 vi-

892 2623 1042 2652 nearum,
1080 2612 1173 2642 nulla
1209 2611 1388 2642 vindemiae
1407 2622 1415 2649 ;
1454 2621 1587 2652 possum

891 2664 978 2694 idem
996 2663 1110 2693 dicere
1128 2661 1287 2692 adversus
1304 2662 1470 2693 alterum:
1495 2663 1588 2694 nulla

891 2714 945 2744 hic
967 2713 1095 2744 mentio
1114 2713 1241 2753 janua‘.
1288 2711 1369 2750 Sed,
1385 2713 1490 2752 aiunt,
1503 2713 1588 2750 jani-

892 2768 973 2796 tores
988 2764 1021 2795 in
1036 2764 1121 2794 villis
1138 2768 1172 2794 ct
1190 2761 1482 2804 praetoriisfuisse,
1495 2764 1587 2794 nulla
