<?xml version="1.0" encoding="UTF-8"?>
<!DOCTYPE html PUBLIC "-//W3C//DTD XHTML 1.0 Transitional//EN"
    "http://www.w3.org/TR/xhtml1/DTD/xhtml1-transitional.dtd">
<html xmlns="http://www.w3.org/1999/xhtml" xml:lang="en" lang="en">
 <head>
  <title>
</title>
<meta http-equiv="Content-Type" content="text/html;charset=utf-8" />
  <meta name='ocr-system' content='tesseract 3.04.00' />
  <meta name='ocr-capabilities' content='ocr_page ocr_carea ocr_par ocr_line ocrx_word'/>
</head>
<body>
  <div class='ocr_page' id='page_1' title='image "./epigrammataexedi03martuoft_0171.png"; bbox 0 0 1866 3131; ppageno 0'>
   <div class='ocr_carea' id='block_1_1' title="bbox 442 190 632 220">
    <p class='ocr_par' dir='ltr' id='par_1_1' title="bbox 442 190 632 220">
     <span class='ocr_line' id='line_1_1' title="bbox 442 190 632 220; baseline 0 0"><span class='ocrx_word' id='word_1_1' title='bbox 442 191 489 220; x_wconf 90' lang='grc' dir='ltr'>Μ.</span> <span class='ocrx_word' id='word_1_2' title='bbox 522 190 632 220; x_wconf 77' lang='lat' dir='ltr'>VAl..</span> 
     </span>
    </p>
   </div>
   <div class='ocr_carea' id='block_1_2' title="bbox 154 283 866 2795">
    <p class='ocr_par' dir='ltr' id='par_1_2' title="bbox 161 283 863 467">
     <span class='ocr_line' id='line_1_2' title="bbox 161 283 862 320; baseline 0.003 -8"><span class='ocrx_word' id='word_1_3' title='bbox 161 294 170 310; x_wconf 83' lang='grc' dir='ltr'><strong><em>ι</em></strong></span> <span class='ocrx_word' id='word_1_4' title='bbox 190 283 285 320; x_wconf 64' lang='lat' dir='ltr'>Avo:</span> <span class='ocrx_word' id='word_1_5' title='bbox 315 288 457 315; x_wconf 78' lang='lat' dir='ltr'>excusat</span> <span class='ocrx_word' id='word_1_6' title='bbox 495 284 563 315; x_wconf 83' lang='lat' dir='ltr'>iter</span> <span class='ocrx_word' id='word_1_7' title='bbox 598 288 634 314; x_wconf 90' lang='lat' dir='ltr'>et</span> <span class='ocrx_word' id='word_1_8' title='bbox 674 283 862 314; x_wconf 79' lang='lat' dir='ltr'>absentiam</span> 
     </span>
     <span class='ocr_line' id='line_1_3' title="bbox 163 334 862 366; baseline 0 -2"><span class='ocrx_word' id='word_1_9' title='bbox 163 334 286 364; x_wconf 81' lang='lat' dir='ltr'>Paulli.</span> <span class='ocrx_word' id='word_1_10' title='bbox 334 335 470 366; x_wconf 79' lang='lat' dir='ltr'>Paullus</span> <span class='ocrx_word' id='word_1_11' title='bbox 494 335 548 366; x_wconf 91' lang='lat' dir='ltr'>hic</span> <span class='ocrx_word' id='word_1_12' title='bbox 575 334 788 365; x_wconf 85' lang='lat' dir='ltr'>caussidicus</span> <span class='ocrx_word' id='word_1_13' title='bbox 806 344 862 364; x_wconf 89' lang='lat' dir='ltr'>uo-</span> 
     </span>
     <span class='ocr_line' id='line_1_4' title="bbox 163 383 863 426; baseline 0.003 -13"><span class='ocrx_word' id='word_1_14' title='bbox 163 384 238 414; x_wconf 79' lang='lat' dir='ltr'>bilis</span> <span class='ocrx_word' id='word_1_15' title='bbox 254 384 332 423; x_wconf 79' lang='lat' dir='ltr'>suit,</span> <span class='ocrx_word' id='word_1_16' title='bbox 348 385 390 416; x_wconf 85' lang='lat' dir='ltr'>de</span> <span class='ocrx_word' id='word_1_17' title='bbox 408 395 474 426; x_wconf 87' lang='lat' dir='ltr'>quo</span> <span class='ocrx_word' id='word_1_18' title='bbox 500 394 592 425; x_wconf 80' lang='lat' dir='ltr'>saepe</span> <span class='ocrx_word' id='word_1_19' title='bbox 618 383 800 424; x_wconf 79' lang='lat' dir='ltr'>Martialis,</span> <span class='ocrx_word' id='word_1_20' title='bbox 829 389 863 415; x_wconf 86' lang='lat' dir='ltr'>et</span> 
     </span>
     <span class='ocr_line' id='line_1_5' title="bbox 162 434 461 467; baseline 0 -2"><span class='ocrx_word' id='word_1_21' title='bbox 162 434 322 467; x_wconf 78' lang='lat' dir='ltr'>Juvenal.</span> <span class='ocrx_word' id='word_1_22' title='bbox 339 436 412 466; x_wconf 86' lang='lat' dir='ltr'>Sat.</span> <span class='ocrx_word' id='word_1_23' title='bbox 429 439 461 466; x_wconf 87' lang='grc'><strong>7.</strong></span> 
     </span>
    </p>

    <p class='ocr_par' dir='ltr' id='par_1_3' title="bbox 155 484 866 1626">
     <span class='ocr_line' id='line_1_6' title="bbox 206 484 863 525; baseline 0 -10"><span class='ocrx_word' id='word_1_24' title='bbox 206 488 219 515; x_wconf 99' lang='grc'><strong>1</strong></span> <span class='ocrx_word' id='word_1_25' title='bbox 247 486 343 516; x_wconf 81' lang='lat' dir='ltr'>Mune</span> <span class='ocrx_word' id='word_1_26' title='bbox 357 485 449 525; x_wconf 85' lang='lat' dir='ltr'>domi,</span> <span class='ocrx_word' id='word_1_27' title='bbox 464 484 534 525; x_wconf 49' lang='grc' dir='ltr'>ἐξα]</span> <span class='ocrx_word' id='word_1_28' title='bbox 570 484 672 516; x_wconf 88' lang='lat' dir='ltr'>Haud</span> <span class='ocrx_word' id='word_1_29' title='bbox 690 484 791 516; x_wconf 89' lang='lat' dir='ltr'>dubio</span> <span class='ocrx_word' id='word_1_30' title='bbox 808 495 863 516; x_wconf 87' lang='lat' dir='ltr'>ve-</span> 
     </span>
     <span class='ocr_line' id='line_1_7' title="bbox 165 535 864 575; baseline 0.001 -11"><span class='ocrx_word' id='word_1_31' title='bbox 165 545 199 565; x_wconf 84' lang='lat' dir='ltr'>ra</span> <span class='ocrx_word' id='word_1_32' title='bbox 218 536 319 566; x_wconf 72' lang='lat' dir='ltr'>lectio</span> <span class='ocrx_word' id='word_1_33' title='bbox 343 541 416 567; x_wconf 85' lang='lat' dir='ltr'>est:</span> <span class='ocrx_word' id='word_1_34' title='bbox 450 536 511 566; x_wconf 79' lang='lat' dir='ltr'>nisi</span> <span class='ocrx_word' id='word_1_35' title='bbox 539 538 570 567; x_wconf 80' lang='lat' dir='ltr'>te</span> <span class='ocrx_word' id='word_1_36' title='bbox 597 535 679 566; x_wconf 80' lang='lat' dir='ltr'>volui</span> <span class='ocrx_word' id='word_1_37' title='bbox 699 535 864 575; x_wconf 81' lang='lat' dir='ltr'>meruique.</span> 
     </span>
     <span class='ocr_line' id='line_1_8' title="bbox 162 585 864 627; baseline 0.001 -11"><span class='ocrx_word' id='word_1_38' title='bbox 162 586 228 616; x_wconf 79' lang='lat' dir='ltr'>Sed</span> <span class='ocrx_word' id='word_1_39' title='bbox 247 585 316 626; x_wconf 74' lang='lat' dir='ltr'>ojus</span> <span class='ocrx_word' id='word_1_40' title='bbox 333 587 505 617; x_wconf 83' lang='lat' dir='ltr'>sententia</span> <span class='ocrx_word' id='word_1_41' title='bbox 520 591 585 626; x_wconf 86' lang='lat' dir='ltr'>est,</span> <span class='ocrx_word' id='word_1_42' title='bbox 603 595 669 617; x_wconf 92' lang='lat' dir='ltr'>non</span> <span class='ocrx_word' id='word_1_43' title='bbox 687 596 786 627; x_wconf 89' lang='lat' dir='ltr'>quam</span> <span class='ocrx_word' id='word_1_44' title='bbox 804 597 864 627; x_wconf 90' lang='lat' dir='ltr'>po-</span> 
     </span>
     <span class='ocr_line' id='line_1_9' title="bbox 160 637 863 676; baseline 0 -9"><span class='ocrx_word' id='word_1_45' title='bbox 160 638 209 667; x_wconf 88' lang='lat' dir='ltr'>nit</span> <span class='ocrx_word' id='word_1_46' title='bbox 229 637 514 676; x_wconf 83' lang='lat' dir='ltr'>Raderus‚verum</span> <span class='ocrx_word' id='word_1_47' title='bbox 531 637 624 668; x_wconf 65' lang='lat' dir='ltr'>haec:</span> <span class='ocrx_word' id='word_1_48' title='bbox 650 638 695 669; x_wconf 90' lang='lat' dir='ltr'>Et</span> <span class='ocrx_word' id='word_1_49' title='bbox 707 638 863 669; x_wconf 81' lang='lat' dir='ltr'>voluntas</span> 
     </span>
     <span class='ocr_line' id='line_1_10' title="bbox 161 686 862 727; baseline 0.001 -10"><span class='ocrx_word' id='word_1_50' title='bbox 161 686 225 718; x_wconf 85' lang='lat' dir='ltr'>fuit</span> <span class='ocrx_word' id='word_1_51' title='bbox 244 688 324 718; x_wconf 91' lang='lat' dir='ltr'>mihi</span> <span class='ocrx_word' id='word_1_52' title='bbox 342 692 375 719; x_wconf 84' lang='lat' dir='ltr'>te</span> <span class='ocrx_word' id='word_1_53' title='bbox 402 697 498 719; x_wconf 88' lang='lat' dir='ltr'>mane</span> <span class='ocrx_word' id='word_1_54' title='bbox 522 688 704 727; x_wconf 87' lang='lat' dir='ltr'>salutandi,</span> <span class='ocrx_word' id='word_1_55' title='bbox 726 693 762 719; x_wconf 85' lang='lat' dir='ltr'>et</span> <span class='ocrx_word' id='word_1_56' title='bbox 790 693 862 719; x_wconf 85' lang='lat' dir='ltr'>tan-</span> 
     </span>
     <span class='ocr_line' id='line_1_11' title="bbox 162 738 862 778; baseline 0.003 -11"><span class='ocrx_word' id='word_1_57' title='bbox 162 743 230 767; x_wconf 86' lang='lat' dir='ltr'>tum</span> <span class='ocrx_word' id='word_1_58' title='bbox 249 739 278 768; x_wconf 91' lang='lat' dir='ltr'>in</span> <span class='ocrx_word' id='word_1_59' title='bbox 297 738 328 768; x_wconf 91' lang='lat' dir='ltr'>id</span> <span class='ocrx_word' id='word_1_60' title='bbox 346 748 459 778; x_wconf 71' lang='lat' dir='ltr'>operae</span> <span class='ocrx_word' id='word_1_61' title='bbox 477 738 592 777; x_wconf 82' lang='lat' dir='ltr'>sumsi,</span> <span class='ocrx_word' id='word_1_62' title='bbox 605 743 642 769; x_wconf 90' lang='lat' dir='ltr'>ut</span> <span class='ocrx_word' id='word_1_63' title='bbox 659 738 795 778; x_wconf 82' lang='lat' dir='ltr'>(lignum</span> <span class='ocrx_word' id='word_1_64' title='bbox 810 748 862 769; x_wconf 83' lang='lat' dir='ltr'>es—</span> 
     </span>
     <span class='ocr_line' id='line_1_12' title="bbox 160 788 862 828; baseline 0.003 -10"><span class='ocrx_word' id='word_1_65' title='bbox 160 794 211 818; x_wconf 67' lang='lat' dir='ltr'>¹&lt;et</span> <span class='ocrx_word' id='word_1_66' title='bbox 228 798 301 818; x_wconf 88' lang='lat' dir='ltr'>eam</span> <span class='ocrx_word' id='word_1_67' title='bbox 318 797 383 818; x_wconf 90' lang='lat' dir='ltr'>uon</span> <span class='ocrx_word' id='word_1_68' title='bbox 409 788 534 828; x_wconf 85' lang='lat' dir='ltr'>perire.</span> <span class='ocrx_word' id='word_1_69' title='bbox 578 789 614 820; x_wconf 91' lang='lat' dir='ltr'>Si</span> <span class='ocrx_word' id='word_1_70' title='bbox 637 789 746 820; x_wconf 75' lang='lat' dir='ltr'>sciens</span> <span class='ocrx_word' id='word_1_71' title='bbox 768 788 862 828; x_wconf 88' lang='lat' dir='ltr'>fallo,</span> 
     </span>
     <span class='ocr_line' id='line_1_13' title="bbox 161 838 862 880; baseline 0.004 -13"><span class='ocrx_word' id='word_1_72' title='bbox 161 839 211 868; x_wconf 89' lang='lat' dir='ltr'>vel</span> <span class='ocrx_word' id='word_1_73' title='bbox 231 838 373 869; x_wconf 86' lang='lat' dir='ltr'>ulterius</span> <span class='ocrx_word' id='word_1_74' title='bbox 390 838 489 878; x_wconf 81' lang='lat' dir='ltr'>absis,</span> <span class='ocrx_word' id='word_1_75' title='bbox 514 843 549 870; x_wconf 87' lang='lat' dir='ltr'>et</span> <span class='ocrx_word' id='word_1_76' title='bbox 575 838 675 878; x_wconf 70' lang='lat' dir='ltr'>longe</span> <span class='ocrx_word' id='word_1_77' title='bbox 693 839 768 880; x_wconf 88' lang='lat' dir='ltr'>plus</span> <span class='ocrx_word' id='word_1_78' title='bbox 782 839 862 870; x_wconf 90' lang='lat' dir='ltr'>mihi</span> 
     </span>
     <span class='ocr_line' id='line_1_14' title="bbox 160 887 862 929; baseline 0.003 -11"><span class='ocrx_word' id='word_1_79' title='bbox 160 899 274 929; x_wconf 61' lang='lat' dir='ltr'>opera*</span> <span class='ocrx_word' id='word_1_80' title='bbox 289 887 488 919; x_wconf 88' lang='lat' dir='ltr'>sumendum</span> <span class='ocrx_word' id='word_1_81' title='bbox 506 889 560 920; x_wconf 89' lang='lat' dir='ltr'>sit.</span> <span class='ocrx_word' id='word_1_82' title='bbox 575 888 763 920; x_wconf 81' lang='lat' dir='ltr'><strong><em>Gronovius.</em></strong></span> <span class='ocrx_word' id='word_1_83' title='bbox 790 889 862 920; x_wconf 84' lang='lat' dir='ltr'>Ma-</span> 
     </span>
     <span class='ocr_line' id='line_1_15' title="bbox 159 937 862 978; baseline 0.001 -10"><span class='ocrx_word' id='word_1_84' title='bbox 159 939 300 978; x_wconf 77' lang='lat' dir='ltr'>nedomi,</span> <span class='ocrx_word' id='word_1_85' title='bbox 315 937 384 978; x_wconf 61' lang='lat' dir='ltr'>aisa]</span> <span class='ocrx_word' id='word_1_86' title='bbox 418 939 453 969; x_wconf 91' lang='lat' dir='ltr'>Si</span> <span class='ocrx_word' id='word_1_87' title='bbox 467 938 554 969; x_wconf 85' lang='lat' dir='ltr'>tanti</span> <span class='ocrx_word' id='word_1_88' title='bbox 569 938 612 969; x_wconf 80' lang='lat' dir='ltr'>sit</span> <span class='ocrx_word' id='word_1_89' title='bbox 631 939 693 969; x_wconf 86' lang='lat' dir='ltr'>tibi</span> <span class='ocrx_word' id='word_1_90' title='bbox 716 937 862 970; x_wconf 84' lang='lat' dir='ltr'>officium</span> 
     </span>
     <span class='ocr_line' id='line_1_16' title="bbox 158 988 864 1028; baseline 0.001 -9"><span class='ocrx_word' id='word_1_91' title='bbox 158 999 269 1019; x_wconf 82' lang='lat' dir='ltr'>meum</span> <span class='ocrx_word' id='word_1_92' title='bbox 290 994 326 1019; x_wconf 89' lang='lat' dir='ltr'>ut</span> <span class='ocrx_word' id='word_1_93' title='bbox 355 995 387 1018; x_wconf 79' lang='lat' dir='ltr'>te</span> <span class='ocrx_word' id='word_1_94' title='bbox 417 988 533 1019; x_wconf 79' lang='lat' dir='ltr'>videre</span> <span class='ocrx_word' id='word_1_95' title='bbox 563 993 744 1028; x_wconf 84' lang='lat' dir='ltr'>mereatur,</span> <span class='ocrx_word' id='word_1_96' title='bbox 770 998 864 1020; x_wconf 88' lang='lat' dir='ltr'>amor</span> 
     </span>
     <span class='ocr_line' id='line_1_17' title="bbox 160 1039 866 1079; baseline 0.003 -11"><span class='ocrx_word' id='word_1_97' title='bbox 160 1039 295 1079; x_wconf 88' lang='lat' dir='ltr'>quidem</span> <span class='ocrx_word' id='word_1_98' title='bbox 313 1049 407 1069; x_wconf 87' lang='lat' dir='ltr'>meus</span> <span class='ocrx_word' id='word_1_99' title='bbox 425 1040 452 1070; x_wconf 91' lang='lat' dir='ltr'>is</span> <span class='ocrx_word' id='word_1_100' title='bbox 466 1045 518 1070; x_wconf 87' lang='lat' dir='ltr'>est</span> <span class='ocrx_word' id='word_1_101' title='bbox 532 1045 569 1070; x_wconf 91' lang='lat' dir='ltr'>ut</span> <span class='ocrx_word' id='word_1_102' title='bbox 582 1040 623 1070; x_wconf 89' lang='lat' dir='ltr'>ad</span> <span class='ocrx_word' id='word_1_103' title='bbox 638 1046 670 1070; x_wconf 79' lang='lat' dir='ltr'>te</span> <span class='ocrx_word' id='word_1_104' title='bbox 686 1040 734 1070; x_wconf 90' lang='lat' dir='ltr'>ire</span> <span class='ocrx_word' id='word_1_105' title='bbox 751 1040 866 1078; x_wconf 90' lang='lat' dir='ltr'>velim,</span> 
     </span>
     <span class='ocr_line' id='line_1_18' title="bbox 158 1090 862 1131; baseline 0 -11"><span class='ocrx_word' id='word_1_106' title='bbox 158 1090 291 1121; x_wconf 73' lang='lat' dir='ltr'>etiamsi</span> <span class='ocrx_word' id='word_1_107' title='bbox 310 1090 442 1129; x_wconf 87' lang='lat' dir='ltr'>longius</span> <span class='ocrx_word' id='word_1_108' title='bbox 470 1090 585 1121; x_wconf 86' lang='lat' dir='ltr'>forent</span> <span class='ocrx_word' id='word_1_109' title='bbox 613 1090 790 1131; x_wconf 76' lang='lat' dir='ltr'>Exquiliae,</span> <span class='ocrx_word' id='word_1_110' title='bbox 807 1090 862 1121; x_wconf 87' lang='lat' dir='ltr'>ubi</span> 
     </span>
     <span class='ocr_line' id='line_1_19' title="bbox 160 1140 862 1180; baseline 0.004 -11"><span class='ocrx_word' id='word_1_111' title='bbox 160 1147 194 1170; x_wconf 87' lang='lat' dir='ltr'>tu</span> <span class='ocrx_word' id='word_1_112' title='bbox 223 1140 365 1171; x_wconf 86' lang='lat' dir='ltr'>habitas.</span> <span class='ocrx_word' id='word_1_113' title='bbox 409 1140 446 1171; x_wconf 79' lang='lat' dir='ltr'>Si</span> <span class='ocrx_word' id='word_1_114' title='bbox 462 1143 492 1171; x_wconf 78' lang='lat' dir='ltr'>te</span> <span class='ocrx_word' id='word_1_115' title='bbox 517 1140 634 1180; x_wconf 80' lang='lat' dir='ltr'>merui]</span> <span class='ocrx_word' id='word_1_116' title='bbox 667 1142 780 1172; x_wconf 80' lang='lat' dir='ltr'>Palat.</span> <span class='ocrx_word' id='word_1_117' title='bbox 795 1141 862 1180; x_wconf 89' lang='lat' dir='ltr'>leg.</span> 
     </span>
     <span class='ocr_line' id='line_1_20' title="bbox 160 1190 861 1231; baseline 0 -10"><span class='ocrx_word' id='word_1_118' title='bbox 160 1190 236 1221; x_wconf 75' lang='lat' dir='ltr'>Nisi</span> <span class='ocrx_word' id='word_1_119' title='bbox 263 1194 292 1221; x_wconf 75' lang='lat' dir='ltr'>te</span> <span class='ocrx_word' id='word_1_120' title='bbox 318 1191 399 1220; x_wconf 72' lang='lat' dir='ltr'>volui</span> <span class='ocrx_word' id='word_1_121' title='bbox 440 1191 611 1231; x_wconf 82' lang='lat' dir='ltr'>meruique.</span> <span class='ocrx_word' id='word_1_122' title='bbox 655 1191 751 1222; x_wconf 76' lang='lat' dir='ltr'>Vett.</span> <span class='ocrx_word' id='word_1_123' title='bbox 782 1190 861 1221; x_wconf 84' lang='lat' dir='ltr'>edd.</span> 
     </span>
     <span class='ocr_line' id='line_1_21' title="bbox 157 1241 858 1282; baseline 0.001 -11"><span class='ocrx_word' id='word_1_124' title='bbox 157 1241 218 1271; x_wconf 78' lang='lat' dir='ltr'>nisi</span> <span class='ocrx_word' id='word_1_125' title='bbox 234 1245 264 1271; x_wconf 78' lang='lat' dir='ltr'>te</span> <span class='ocrx_word' id='word_1_126' title='bbox 280 1242 378 1271; x_wconf 80' lang='lat' dir='ltr'>merui</span> <span class='ocrx_word' id='word_1_127' title='bbox 391 1241 545 1282; x_wconf 79' lang='lat' dir='ltr'>voluique,</span> <span class='ocrx_word' id='word_1_128' title='bbox 556 1242 618 1273; x_wconf 90' lang='lat' dir='ltr'>hoc</span> <span class='ocrx_word' id='word_1_129' title='bbox 632 1251 731 1272; x_wconf 87' lang='lat' dir='ltr'>sensu</span> <span class='ocrx_word' id='word_1_130' title='bbox 746 1253 753 1273; x_wconf 81' lang='lat' dir='ltr'><strong><em>z</em></strong></span> <span class='ocrx_word' id='word_1_131' title='bbox 776 1242 858 1272; x_wconf 85' lang='lat' dir='ltr'>Tam</span> 
     </span>
     <span class='ocr_line' id='line_1_22' title="bbox 155 1292 862 1332; baseline 0.001 -9"><span class='ocrx_word' id='word_1_132' title='bbox 155 1292 235 1323; x_wconf 89' lang='lat' dir='ltr'>mihi</span> <span class='ocrx_word' id='word_1_133' title='bbox 256 1292 376 1323; x_wconf 87' lang='lat' dir='ltr'>charus</span> <span class='ocrx_word' id='word_1_134' title='bbox 393 1302 442 1332; x_wconf 86' lang='lat' dir='ltr'>es,</span> <span class='ocrx_word' id='word_1_135' title='bbox 458 1298 506 1332; x_wconf 91' lang='lat' dir='ltr'>ut,</span> <span class='ocrx_word' id='word_1_136' title='bbox 520 1294 547 1324; x_wconf 89' lang='lat' dir='ltr'>si</span> <span class='ocrx_word' id='word_1_137' title='bbox 565 1298 599 1324; x_wconf 90' lang='lat' dir='ltr'>te</span> <span class='ocrx_word' id='word_1_138' title='bbox 614 1294 716 1324; x_wconf 89' lang='lat' dir='ltr'>modo</span> <span class='ocrx_word' id='word_1_139' title='bbox 730 1303 862 1324; x_wconf 85' lang='lat' dir='ltr'>merear</span> 
     </span>
     <span class='ocr_line' id='line_1_23' title="bbox 157 1343 859 1384; baseline 0 -10"><span class='ocrx_word' id='word_1_140' title='bbox 157 1343 288 1382; x_wconf 85' lang='lat' dir='ltr'>videre,</span> <span class='ocrx_word' id='word_1_141' title='bbox 329 1353 396 1374; x_wconf 89' lang='lat' dir='ltr'>non</span> <span class='ocrx_word' id='word_1_142' title='bbox 440 1353 590 1374; x_wconf 83' lang='lat' dir='ltr'>recusem</span> <span class='ocrx_word' id='word_1_143' title='bbox 629 1344 859 1384; x_wconf 82' lang='lat' dir='ltr'>longissimum</span> 
     </span>
     <span class='ocr_line' id='line_1_24' title="bbox 157 1394 858 1435; baseline 0.003 -12"><span class='ocrx_word' id='word_1_144' title='bbox 157 1394 242 1433; x_wconf 57' lang='lat' dir='ltr'>item</span> <span class='ocrx_word' id='word_1_145' title='bbox 282 1399 318 1425; x_wconf 88' lang='lat' dir='ltr'>tu</span> <span class='ocrx_word' id='word_1_146' title='bbox 350 1394 438 1425; x_wconf 88' lang='lat' dir='ltr'>enim</span> <span class='ocrx_word' id='word_1_147' title='bbox 470 1395 502 1425; x_wconf 90' lang='lat' dir='ltr'>in</span> <span class='ocrx_word' id='word_1_148' title='bbox 528 1394 706 1435; x_wconf 86' lang='lat' dir='ltr'>Exquiliis,</span> <span class='ocrx_word' id='word_1_149' title='bbox 730 1404 792 1435; x_wconf 76' lang='lat' dir='ltr'>ego</span> <span class='ocrx_word' id='word_1_150' title='bbox 817 1394 858 1424; x_wconf 91' lang='lat' dir='ltr'>ad</span> 
     </span>
     <span class='ocr_line' id='line_1_25' title="bbox 157 1444 860 1476; baseline 0.001 -2"><span class='ocrx_word' id='word_1_151' title='bbox 157 1444 267 1475; x_wconf 88' lang='lat' dir='ltr'>Pilam</span> <span class='ocrx_word' id='word_1_152' title='bbox 297 1445 509 1476; x_wconf 85' lang='lat' dir='ltr'>Tiburtinam</span> <span class='ocrx_word' id='word_1_153' title='bbox 555 1445 683 1476; x_wconf 90' lang='lat' dir='ltr'>habito.</span> <span class='ocrx_word' id='word_1_154' title='bbox 729 1445 796 1476; x_wconf 85' lang='lat' dir='ltr'>Sed</span> <span class='ocrx_word' id='word_1_155' title='bbox 824 1454 860 1475; x_wconf 88' lang='lat' dir='ltr'>es</span> 
     </span>
     <span class='ocr_line' id='line_1_26' title="bbox 157 1495 860 1536; baseline 0.001 -11"><span class='ocrx_word' id='word_1_156' title='bbox 157 1496 259 1533; x_wconf 88' lang='lat' dir='ltr'>tanti,</span> <span class='ocrx_word' id='word_1_157' title='bbox 281 1500 330 1534; x_wconf 87' lang='lat' dir='ltr'>ut,</span> <span class='ocrx_word' id='word_1_158' title='bbox 356 1496 383 1526; x_wconf 90' lang='lat' dir='ltr'>si</span> <span class='ocrx_word' id='word_1_159' title='bbox 412 1496 466 1526; x_wconf 92' lang='lat' dir='ltr'>vel</span> <span class='ocrx_word' id='word_1_160' title='bbox 491 1496 623 1536; x_wconf 86' lang='lat' dir='ltr'>longius</span> <span class='ocrx_word' id='word_1_161' title='bbox 650 1495 716 1526; x_wconf 78' lang='lat' dir='ltr'>illae</span> <span class='ocrx_word' id='word_1_162' title='bbox 734 1495 860 1534; x_wconf 84' lang='lat' dir='ltr'>forent,</span> 
     </span>
     <span class='ocr_line' id='line_1_27' title="bbox 158 1544 859 1586; baseline 0.003 -11"><span class='ocrx_word' id='word_1_163' title='bbox 158 1544 198 1575; x_wconf 87' lang='lat' dir='ltr'>ad</span> <span class='ocrx_word' id='word_1_164' title='bbox 217 1549 250 1575; x_wconf 90' lang='lat' dir='ltr'>te</span> <span class='ocrx_word' id='word_1_165' title='bbox 268 1545 330 1576; x_wconf 90' lang='lat' dir='ltr'>sim</span> <span class='ocrx_word' id='word_1_166' title='bbox 349 1552 523 1586; x_wconf 89' lang='lat' dir='ltr'>venturus,</span> <span class='ocrx_word' id='word_1_167' title='bbox 539 1545 638 1576; x_wconf 89' lang='lat' dir='ltr'>modo</span> <span class='ocrx_word' id='word_1_168' title='bbox 655 1545 746 1576; x_wconf 88' lang='lat' dir='ltr'>domi</span> <span class='ocrx_word' id='word_1_169' title='bbox 764 1555 859 1586; x_wconf 88' lang='lat' dir='ltr'>repe-</span> 
     </span>
     <span class='ocr_line' id='line_1_28' title="bbox 157 1595 416 1626; baseline 0.004 -2"><span class='ocrx_word' id='word_1_170' title='bbox 157 1595 252 1626; x_wconf 81' lang='lat' dir='ltr'>riam.</span> <span class='ocrx_word' id='word_1_171' title='bbox 298 1595 416 1625; x_wconf 76' lang='lat' dir='ltr'>Rader.</span> 
     </span>
    </p>

    <p class='ocr_par' dir='ltr' id='par_1_4' title="bbox 156 1645 859 1777">
     <span class='ocr_line' id='line_1_29' title="bbox 200 1645 859 1686; baseline 0.005 -11"><span class='ocrx_word' id='word_1_172' title='bbox 200 1648 219 1675; x_wconf 89' lang='grc'>2</span> <span class='ocrx_word' id='word_1_173' title='bbox 244 1645 417 1685; x_wconf 78' lang='lat' dir='ltr'>Exquilioe]</span> <span class='ocrx_word' id='word_1_174' title='bbox 443 1646 572 1678; x_wconf 84' lang='lat' dir='ltr'>Quinta</span> <span class='ocrx_word' id='word_1_175' title='bbox 588 1646 725 1686; x_wconf 81' lang='lat' dir='ltr'>regione</span> <span class='ocrx_word' id='word_1_176' title='bbox 743 1646 859 1678; x_wconf 85' lang='lat' dir='ltr'>Urbis.</span> 
     </span>
     <span class='ocr_line' id='line_1_30' title="bbox 156 1696 859 1737; baseline 0.003 -12"><span class='ocrx_word' id='word_1_177' title='bbox 156 1696 243 1726; x_wconf 87' lang='lat' dir='ltr'>Vide</span> <span class='ocrx_word' id='word_1_178' title='bbox 263 1696 422 1727; x_wconf 87' lang='lat' dir='ltr'>Marlian.</span> <span class='ocrx_word' id='word_1_179' title='bbox 438 1696 524 1728; x_wconf 89' lang='lat' dir='ltr'>libro</span> <span class='ocrx_word' id='word_1_180' title='bbox 540 1700 571 1727; x_wconf 87' lang='lat'>5.</span> <span class='ocrx_word' id='word_1_181' title='bbox 585 1697 699 1737; x_wconf 88' lang='lat' dir='ltr'>capite</span> <span class='ocrx_word' id='word_1_182' title='bbox 714 1700 744 1728; x_wconf 83' lang='lat'>9.</span> <span class='ocrx_word' id='word_1_183' title='bbox 771 1697 859 1728; x_wconf 89' lang='lat' dir='ltr'>Pan-</span> 
     </span>
     <span class='ocr_line' id='line_1_31' title="bbox 157 1745 307 1777; baseline 0.013 -2"><span class='ocrx_word' id='word_1_184' title='bbox 157 1745 225 1776; x_wconf 88' lang='lat' dir='ltr'>vin.</span> <span class='ocrx_word' id='word_1_185' title='bbox 241 1749 307 1777; x_wconf 65' lang='grc' dir='ltr'>ἃς.</span> 
     </span>
    </p>

    <p class='ocr_par' dir='ltr' id='par_1_5' title="bbox 155 1796 859 1978">
     <span class='ocr_line' id='line_1_32' title="bbox 199 1796 859 1838; baseline 0.002 -12"><span class='ocrx_word' id='word_1_186' title='bbox 199 1799 217 1827; x_wconf 81' lang='lat'>3</span> <span class='ocrx_word' id='word_1_187' title='bbox 241 1796 303 1827; x_wconf 84' lang='lat' dir='ltr'>Sed</span> <span class='ocrx_word' id='word_1_188' title='bbox 322 1796 504 1834; x_wconf 62' lang='lat' dir='ltr'>Tiburtinae,</span> <span class='ocrx_word' id='word_1_189' title='bbox 526 1797 593 1837; x_wconf 47' lang='grc' dir='ltr'>ἐξα]</span> <span class='ocrx_word' id='word_1_190' title='bbox 630 1796 696 1828; x_wconf 84' lang='lat' dir='ltr'>Sed</span> <span class='ocrx_word' id='word_1_191' title='bbox 722 1806 785 1838; x_wconf 82' lang='lat' dir='ltr'>ego</span> <span class='ocrx_word' id='word_1_192' title='bbox 800 1796 859 1827; x_wconf 91' lang='lat' dir='ltr'>ha-</span> 
     </span>
     <span class='ocr_line' id='line_1_33' title="bbox 158 1846 858 1886; baseline 0.003 -10"><span class='ocrx_word' id='word_1_193' title='bbox 158 1846 228 1877; x_wconf 92' lang='lat' dir='ltr'>bito</span> <span class='ocrx_word' id='word_1_194' title='bbox 246 1846 286 1876; x_wconf 89' lang='lat' dir='ltr'>ad</span> <span class='ocrx_word' id='word_1_195' title='bbox 306 1846 406 1886; x_wconf 87' lang='lat' dir='ltr'>pilam</span> <span class='ocrx_word' id='word_1_196' title='bbox 425 1846 457 1876; x_wconf 95' lang='lat' dir='ltr'>in</span> <span class='ocrx_word' id='word_1_197' title='bbox 476 1847 530 1877; x_wconf 92' lang='lat' dir='ltr'>via</span> <span class='ocrx_word' id='word_1_198' title='bbox 545 1847 740 1878; x_wconf 81' lang='lat' dir='ltr'>Tiburtina:</span> <span class='ocrx_word' id='word_1_199' title='bbox 759 1847 816 1879; x_wconf 90' lang='lat' dir='ltr'>lib.</span> <span class='ocrx_word' id='word_1_200' title='bbox 834 1856 858 1878; x_wconf 83' lang='grc' dir='ltr'><strong>ι.</strong></span> 
     </span>
     <span class='ocr_line' id='line_1_34' title="bbox 156 1896 858 1937; baseline 0.003 -11"><span class='ocrx_word' id='word_1_201' title='bbox 156 1897 354 1936; x_wconf 83' lang='lat' dir='ltr'>Epigr.118.</span> <span class='ocrx_word' id='word_1_202' title='bbox 369 1905 453 1927; x_wconf 81' lang='lat' dir='ltr'>vers.</span> <span class='ocrx_word' id='word_1_203' title='bbox 465 1899 498 1929; x_wconf 83' lang='lat'>6.</span> <span class='ocrx_word' id='word_1_204' title='bbox 520 1898 530 1913; x_wconf 87' lang='lat'>‘</span> <span class='ocrx_word' id='word_1_205' title='bbox 547 1896 658 1937; x_wconf 84' lang='lat' dir='ltr'>Pilae‚’</span> <span class='ocrx_word' id='word_1_206' title='bbox 678 1897 711 1927; x_wconf 93' lang='lat' dir='ltr'>id</span> <span class='ocrx_word' id='word_1_207' title='bbox 725 1902 791 1936; x_wconf 83' lang='lat' dir='ltr'>est,</span> <span class='ocrx_word' id='word_1_208' title='bbox 807 1907 858 1928; x_wconf 90' lang='lat' dir='ltr'>co-</span> 
     </span>
     <span class='ocr_line' id='line_1_35' title="bbox 155 1948 290 1978; baseline 0 0"><span class='ocrx_word' id='word_1_209' title='bbox 155 1948 290 1978; x_wconf 84' lang='lat' dir='ltr'>lumnae.</span> 
     </span>
    </p>

    <p class='ocr_par' dir='ltr' id='par_1_6' title="bbox 154 1998 860 2283">
     <span class='ocr_line' id='line_1_36' title="bbox 198 1998 857 2039; baseline 0.003 -11"><span class='ocrx_word' id='word_1_210' title='bbox 198 2001 217 2029; x_wconf 85' lang='grc'>4</span> <span class='ocrx_word' id='word_1_211' title='bbox 243 1998 312 2033; x_wconf 80' lang='lat' dir='ltr'>Qua</span> <span class='ocrx_word' id='word_1_212' title='bbox 323 1998 496 2039; x_wconf 63' lang='lat' dir='ltr'>t=idet‚&amp;c.]</span> <span class='ocrx_word' id='word_1_213' title='bbox 520 1999 635 2038; x_wconf 87' lang='lat' dir='ltr'>Prope</span> <span class='ocrx_word' id='word_1_214' title='bbox 650 1999 758 2030; x_wconf 77' lang='lat' dir='ltr'>Florae</span> <span class='ocrx_word' id='word_1_215' title='bbox 772 1999 857 2030; x_wconf 84' lang='lat' dir='ltr'>Deae</span> 
     </span>
     <span class='ocr_line' id='line_1_37' title="bbox 154 2048 860 2091; baseline 0.001 -11"><span class='ocrx_word' id='word_1_216' title='bbox 154 2050 291 2081; x_wconf 84' lang='lat' dir='ltr'>rusticae</span> <span class='ocrx_word' id='word_1_217' title='bbox 310 2055 343 2081; x_wconf 81' lang='lat' dir='ltr'>et</span> <span class='ocrx_word' id='word_1_218' title='bbox 358 2048 479 2080; x_wconf 88' lang='lat' dir='ltr'>florum</span> <span class='ocrx_word' id='word_1_219' title='bbox 504 2049 660 2089; x_wconf 88' lang='lat' dir='ltr'>praesidis</span> <span class='ocrx_word' id='word_1_220' title='bbox 684 2050 860 2091; x_wconf 88' lang='lat' dir='ltr'>templum,</span> 
     </span>
     <span class='ocr_line' id='line_1_38' title="bbox 155 2100 858 2142; baseline 0 -11"><span class='ocrx_word' id='word_1_221' title='bbox 155 2105 257 2142; x_wconf 88' lang='lat' dir='ltr'>atque</span> <span class='ocrx_word' id='word_1_222' title='bbox 278 2107 375 2132; x_wconf 85' lang='lat' dir='ltr'>vetus</span> <span class='ocrx_word' id='word_1_223' title='bbox 391 2100 596 2141; x_wconf 73' lang='lat' dir='ltr'>Capitolium</span> <span class='ocrx_word' id='word_1_224' title='bbox 612 2100 719 2132; x_wconf 82' lang='lat' dir='ltr'>Jovis.</span> <span class='ocrx_word' id='word_1_225' title='bbox 763 2101 858 2131; x_wconf 83' lang='lat' dir='ltr'>Tem-</span> 
     </span>
     <span class='ocr_line' id='line_1_39' title="bbox 155 2152 857 2191; baseline 0 -9"><span class='ocrx_word' id='word_1_226' title='bbox 155 2152 246 2191; x_wconf 88' lang='lat' dir='ltr'>plum</span> <span class='ocrx_word' id='word_1_227' title='bbox 274 2152 363 2183; x_wconf 89' lang='lat' dir='ltr'>enim</span> <span class='ocrx_word' id='word_1_228' title='bbox 399 2152 509 2182; x_wconf 84' lang='lat' dir='ltr'>Florae</span> <span class='ocrx_word' id='word_1_229' title='bbox 540 2152 626 2182; x_wconf 81' lang='lat' dir='ltr'>Deae</span> <span class='ocrx_word' id='word_1_230' title='bbox 659 2156 733 2182; x_wconf 85' lang='lat' dir='ltr'>erat</span> <span class='ocrx_word' id='word_1_231' title='bbox 760 2161 778 2182; x_wconf 87' lang='lat' dir='ltr'>e</span> <span class='ocrx_word' id='word_1_232' title='bbox 806 2161 857 2182; x_wconf 89' lang='lat' dir='ltr'>re-</span> 
     </span>
     <span class='ocr_line' id='line_1_40' title="bbox 155 2201 858 2241; baseline 0.001 -10"><span class='ocrx_word' id='word_1_233' title='bbox 155 2201 253 2241; x_wconf 86' lang='lat' dir='ltr'>gione</span> <span class='ocrx_word' id='word_1_234' title='bbox 279 2202 396 2232; x_wconf 91' lang='lat' dir='ltr'>domus</span> <span class='ocrx_word' id='word_1_235' title='bbox 427 2201 609 2232; x_wconf 79' lang='lat' dir='ltr'>Martialis.</span> <span class='ocrx_word' id='word_1_236' title='bbox 664 2201 753 2232; x_wconf 89' lang='lat' dir='ltr'>Vide</span> <span class='ocrx_word' id='word_1_237' title='bbox 776 2201 858 2233; x_wconf 89' lang='lat' dir='ltr'>Ovi-</span> 
     </span>
     <span class='ocr_line' id='line_1_41' title="bbox 156 2251 516 2283; baseline 0.008 -3"><span class='ocrx_word' id='word_1_238' title='bbox 156 2251 246 2281; x_wconf 86' lang='lat' dir='ltr'>dium</span> <span class='ocrx_word' id='word_1_239' title='bbox 262 2252 396 2282; x_wconf 87' lang='lat' dir='ltr'>Fastor.</span> <span class='ocrx_word' id='word_1_240' title='bbox 413 2251 470 2283; x_wconf 85' lang='lat' dir='ltr'>lib.</span> <span class='ocrx_word' id='word_1_241' title='bbox 486 2256 516 2283; x_wconf 87' lang='lat'>5.</span> 
     </span>
    </p>

    <p class='ocr_par' dir='ltr' id='par_1_7' title="bbox 158 2301 857 2484">
     <span class='ocr_line' id='line_1_42' title="bbox 200 2301 857 2343; baseline 0 -11"><span class='ocrx_word' id='word_1_242' title='bbox 200 2306 217 2331; x_wconf 87' lang='lat'>5</span> <span class='ocrx_word' id='word_1_243' title='bbox 231 2302 305 2333; x_wconf 79' lang='lat' dir='ltr'>Alta</span> <span class='ocrx_word' id='word_1_244' title='bbox 321 2301 587 2342; x_wconf 65' lang='lat' dir='ltr'>Subur-rani,35c.]</span> <span class='ocrx_word' id='word_1_245' title='bbox 612 2302 688 2334; x_wconf 84' lang='lat' dir='ltr'>Qua</span> <span class='ocrx_word' id='word_1_246' title='bbox 700 2312 760 2343; x_wconf 87' lang='lat' dir='ltr'>per</span> <span class='ocrx_word' id='word_1_247' title='bbox 772 2302 857 2333; x_wconf 87' lang='lat' dir='ltr'>Sub-</span> 
     </span>
     <span class='ocr_line' id='line_1_43' title="bbox 158 2352 857 2383; baseline 0.003 -2"><span class='ocrx_word' id='word_1_248' title='bbox 158 2361 269 2382; x_wconf 88' lang='lat' dir='ltr'>urram</span> <span class='ocrx_word' id='word_1_249' title='bbox 304 2352 502 2383; x_wconf 85' lang='lat' dir='ltr'>ascenditur</span> <span class='ocrx_word' id='word_1_250' title='bbox 541 2352 583 2382; x_wconf 93' lang='lat' dir='ltr'>ad</span> <span class='ocrx_word' id='word_1_251' title='bbox 613 2357 762 2383; x_wconf 90' lang='lat' dir='ltr'>montem</span> <span class='ocrx_word' id='word_1_252' title='bbox 793 2353 857 2383; x_wconf 78' lang='lat' dir='ltr'>Ex-</span> 
     </span>
     <span class='ocr_line' id='line_1_44' title="bbox 158 2401 857 2442; baseline 0.004 -11"><span class='ocrx_word' id='word_1_253' title='bbox 158 2401 333 2442; x_wconf 87' lang='lat' dir='ltr'>quilinum.</span> <span class='ocrx_word' id='word_1_254' title='bbox 387 2402 501 2433; x_wconf 88' lang='lat' dir='ltr'>Clivus</span> <span class='ocrx_word' id='word_1_255' title='bbox 529 2402 617 2433; x_wconf 80' lang='lat' dir='ltr'>enim</span> <span class='ocrx_word' id='word_1_256' title='bbox 642 2403 857 2434; x_wconf 88' lang='lat' dir='ltr'>Suburranus</span> 
     </span>
     <span class='ocr_line' id='line_1_45' title="bbox 158 2451 644 2484; baseline 0.002 -3"><span class='ocrx_word' id='word_1_257' title='bbox 158 2451 249 2481; x_wconf 87' lang='lat' dir='ltr'>inter</span> <span class='ocrx_word' id='word_1_258' title='bbox 267 2452 359 2482; x_wconf 87' lang='lat' dir='ltr'>urbis</span> <span class='ocrx_word' id='word_1_259' title='bbox 371 2452 486 2483; x_wconf 87' lang='lat' dir='ltr'>Romae</span> <span class='ocrx_word' id='word_1_260' title='bbox 499 2453 644 2484; x_wconf 84' lang='lat' dir='ltr'>notiora.</span> 
     </span>
    </p>

    <p class='ocr_par' dir='ltr' id='par_1_8' title="bbox 161 2502 856 2584">
     <span class='ocr_line' id='line_1_46' title="bbox 197 2502 856 2544; baseline 0.006 -12"><span class='ocrx_word' id='word_1_261' title='bbox 197 2505 218 2532; x_wconf 79' lang='lat'>(3</span> <span class='ocrx_word' id='word_1_262' title='bbox 243 2502 430 2542; x_wconf 80' lang='lat' dir='ltr'>Numquam,</span> <span class='ocrx_word' id='word_1_263' title='bbox 455 2503 523 2543; x_wconf 52' lang='grc' dir='ltr'>ξω]</span> <span class='ocrx_word' id='word_1_264' title='bbox 552 2503 728 2544; x_wconf 86' lang='lat' dir='ltr'>Perpetuo</span> <span class='ocrx_word' id='word_1_265' title='bbox 745 2514 856 2536; x_wconf 85' lang='lat' dir='ltr'>coeno·</span> 
     </span>
     <span class='ocr_line' id='line_1_47' title="bbox 161 2561 303 2584; baseline 0.014 -2"><span class='ocrx_word' id='word_1_266' title='bbox 161 2562 198 2582; x_wconf 72' lang='lat' dir='ltr'>sa</span> <span class='ocrx_word' id='word_1_267' title='bbox 211 2561 303 2584; x_wconf 74' lang='lat' dir='ltr'>Saxa·</span> 
     </span>
    </p>

    <p class='ocr_par' dir='ltr' id='par_1_9' title="bbox 157 2603 858 2795">
     <span class='ocr_line' id='line_1_48' title="bbox 198 2603 853 2645; baseline 0.005 -12"><span class='ocrx_word' id='word_1_268' title='bbox 198 2606 216 2633; x_wconf 81' lang='grc'><strong>7</strong></span> <span class='ocrx_word' id='word_1_269' title='bbox 247 2603 391 2644; x_wconf 84' lang='lat' dir='ltr'>Vincere]</span> <span class='ocrx_word' id='word_1_270' title='bbox 436 2603 620 2644; x_wconf 86' lang='lat' dir='ltr'>Superare,</span> <span class='ocrx_word' id='word_1_271' title='bbox 655 2606 853 2645; x_wconf 83' lang='lat' dir='ltr'>praeterire:</span> 
     </span>
     <span class='ocr_line' id='line_1_49' title="bbox 157 2653 858 2695; baseline 0.003 -11"><span class='ocrx_word' id='word_1_272' title='bbox 157 2657 188 2684; x_wconf 82' lang='lat' dir='ltr'>to</span> <span class='ocrx_word' id='word_1_273' title='bbox 209 2663 281 2693; x_wconf 76' lang='lat' dir='ltr'>pass</span> <span class='ocrx_word' id='word_1_274' title='bbox 305 2653 353 2694; x_wconf 81' lang='lat' dir='ltr'>by.</span> <span class='ocrx_word' id='word_1_275' title='bbox 386 2654 497 2684; x_wconf 84' lang='lat' dir='ltr'>Palat.</span> <span class='ocrx_word' id='word_1_276' title='bbox 524 2654 588 2695; x_wconf 80' lang='lat' dir='ltr'>leg.</span> <span class='ocrx_word' id='word_1_277' title='bbox 614 2664 766 2695; x_wconf 80' lang='lat' dir='ltr'>rumpere,</span> <span class='ocrx_word' id='word_1_278' title='bbox 785 2665 858 2695; x_wconf 88' lang='lat' dir='ltr'>pr0,</span> 
     </span>
     <span class='ocr_line' id='line_1_50' title="bbox 157 2704 855 2744; baseline 0.003 -10"><span class='ocrx_word' id='word_1_279' title='bbox 157 2713 388 2744; x_wconf 83' lang='lat' dir='ltr'>perrumpere,</span> <span class='ocrx_word' id='word_1_280' title='bbox 403 2704 541 2744; x_wconf 88' lang='lat' dir='ltr'>optime.</span> <span class='ocrx_word' id='word_1_281' title='bbox 580 2705 747 2744; x_wconf 78' lang='lat' dir='ltr'>Mandros]</span> <span class='ocrx_word' id='word_1_282' title='bbox 773 2705 855 2736; x_wconf 80' lang='lat' dir='ltr'>Pro-</span> 
     </span>
     <span class='ocr_line' id='line_1_51' title="bbox 158 2753 855 2795; baseline 0.001 -11"><span class='ocrx_word' id='word_1_283' title='bbox 158 2754 230 2793; x_wconf 85' lang='lat' dir='ltr'>prie</span> <span class='ocrx_word' id='word_1_284' title='bbox 248 2754 360 2785; x_wconf 81' lang='lat' dir='ltr'>caulas</span> <span class='ocrx_word' id='word_1_285' title='bbox 376 2764 383 2784; x_wconf 80' lang='lat' dir='ltr'>z</span> <span class='ocrx_word' id='word_1_286' title='bbox 405 2753 535 2785; x_wconf 81' lang='lat' dir='ltr'>stabula</span> <span class='ocrx_word' id='word_1_287' title='bbox 552 2753 619 2795; x_wconf 88' lang='lat' dir='ltr'>hic,</span> <span class='ocrx_word' id='word_1_288' title='bbox 636 2761 672 2786; x_wconf 88' lang='lat' dir='ltr'>ut</span> <span class='ocrx_word' id='word_1_289' title='bbox 689 2755 778 2795; x_wconf 84' lang='lat' dir='ltr'>apud</span> <span class='ocrx_word' id='word_1_290' title='bbox 795 2754 855 2786; x_wconf 78' lang='lat' dir='ltr'>Ju-</span> 
     </span>
    </p>
   </div>
   <div class='ocr_carea' id='block_1_3' title="bbox 668 187 1344 220">
    <p class='ocr_par' dir='ltr' id='par_1_10' title="bbox 668 187 1344 220">
     <span class='ocr_line' id='line_1_52' title="bbox 668 187 1344 220; baseline 0.001 -2"><span class='ocrx_word' id='word_1_291' title='bbox 668 187 944 218; x_wconf 69' lang='lat' dir='ltr'>MARTIAIAS</span> <span class='ocrx_word' id='word_1_292' title='bbox 979 189 1138 219; x_wconf 75' lang='lat' dir='ltr'>EPIGR.</span> <span class='ocrx_word' id='word_1_293' title='bbox 1177 191 1268 220; x_wconf 69' lang='lat' dir='ltr'>[AB.</span> <span class='ocrx_word' id='word_1_294' title='bbox 1303 190 1344 219; x_wconf 77' lang='lat' dir='ltr'>V.</span> 
     </span>
    </p>
   </div>
   <div class='ocr_carea' id='block_1_4' title="bbox 1502 178 1613 220">
    <p class='ocr_par' dir='ltr' id='par_1_11' title="bbox 1502 178 1613 220">
     <span class='ocr_line' id='line_1_53' title="bbox 1502 178 1613 220; baseline 0.018 -2"><span class='ocrx_word' id='word_1_295' title='bbox 1502 179 1519 218; x_wconf 86' lang='lat'>1</span> <span class='ocrx_word' id='word_1_296' title='bbox 1530 178 1613 220; x_wconf 76' lang='lat'>231</span> 
     </span>
    </p>
   </div>
   <div class='ocr_carea' id='block_1_5' title="bbox 907 283 1616 2797">
    <p class='ocr_par' dir='ltr' id='par_1_12' title="bbox 914 283 1614 375">
     <span class='ocr_line' id='line_1_54' title="bbox 914 283 1614 317; baseline 0.006 -5"><span class='ocrx_word' id='word_1_297' title='bbox 914 283 1066 314; x_wconf 80' lang='lat' dir='ltr'>venalem</span> <span class='ocrx_word' id='word_1_298' title='bbox 1088 285 1158 314; x_wconf 81' lang='lat' dir='ltr'>Sat.</span> <span class='ocrx_word' id='word_1_299' title='bbox 1177 288 1208 316; x_wconf 85' lang='lat'>3.</span> <span class='ocrx_word' id='word_1_300' title='bbox 1232 294 1316 316; x_wconf 84' lang='lat' dir='ltr'>vers.</span> <span class='ocrx_word' id='word_1_301' title='bbox 1332 287 1406 317; x_wconf 76' lang='lat'>237.</span> <span class='ocrx_word' id='word_1_302' title='bbox 1423 284 1527 315; x_wconf 85' lang='lat' dir='ltr'>series</span> <span class='ocrx_word' id='word_1_303' title='bbox 1543 294 1614 316; x_wconf 90' lang='lat' dir='ltr'>mu-</span> 
     </span>
     <span class='ocr_line' id='line_1_55' title="bbox 914 334 1378 375; baseline 0.009 -12"><span class='ocrx_word' id='word_1_304' title='bbox 914 334 1021 364; x_wconf 82' lang='lat' dir='ltr'>lorum</span> <span class='ocrx_word' id='word_1_305' title='bbox 1040 343 1141 364; x_wconf 76' lang='lat' dir='ltr'>ouer-a</span> <span class='ocrx_word' id='word_1_306' title='bbox 1159 336 1378 375; x_wconf 81' lang='lat' dir='ltr'>portantium.</span> 
     </span>
    </p>

    <p class='ocr_par' dir='ltr' id='par_1_13' title="bbox 914 384 1616 625">
     <span class='ocr_line' id='line_1_56' title="bbox 956 384 1613 427; baseline 0.005 -14"><span class='ocrx_word' id='word_1_307' title='bbox 956 386 975 414; x_wconf 79' lang='lat'>8</span> <span class='ocrx_word' id='word_1_308' title='bbox 1001 384 1137 424; x_wconf 76' lang='lat' dir='ltr'>Quoeqne</span> <span class='ocrx_word' id='word_1_309' title='bbox 1158 386 1253 424; x_wconf 72' lang='lat' dir='ltr'>trahi,</span> <span class='ocrx_word' id='word_1_310' title='bbox 1276 386 1345 427; x_wconf 54' lang='grc' dir='ltr'>(Ως-α]</span> <span class='ocrx_word' id='word_1_311' title='bbox 1381 386 1434 418; x_wconf 87' lang='lat' dir='ltr'>Ad</span> <span class='ocrx_word' id='word_1_312' title='bbox 1451 385 1613 418; x_wconf 83' lang='lat' dir='ltr'>fabricam</span> 
     </span>
     <span class='ocr_line' id='line_1_57' title="bbox 914 434 1613 468; baseline 0.007 -5"><span class='ocrx_word' id='word_1_313' title='bbox 914 434 1131 465; x_wconf 78' lang='lat' dir='ltr'>excitandam</span> <span class='ocrx_word' id='word_1_314' title='bbox 1157 437 1282 467; x_wconf 85' lang='lat' dir='ltr'>attrahi</span> <span class='ocrx_word' id='word_1_315' title='bbox 1308 437 1471 468; x_wconf 87' lang='lat' dir='ltr'>machinis</span> <span class='ocrx_word' id='word_1_316' title='bbox 1501 437 1613 468; x_wconf 83' lang='lat' dir='ltr'>troch-</span> 
     </span>
     <span class='ocr_line' id='line_1_58' title="bbox 915 483 1615 527; baseline 0.006 -13"><span class='ocrx_word' id='word_1_317' title='bbox 915 483 1042 524; x_wconf 88' lang='lat' dir='ltr'>leisque</span> <span class='ocrx_word' id='word_1_318' title='bbox 1070 494 1150 515; x_wconf 81' lang='lat' dir='ltr'>saxa</span> <span class='ocrx_word' id='word_1_319' title='bbox 1166 485 1269 517; x_wconf 83' lang='lat' dir='ltr'>vides.</span> <span class='ocrx_word' id='word_1_320' title='bbox 1318 487 1404 518; x_wconf 79' lang='lat' dir='ltr'>Fune</span> <span class='ocrx_word' id='word_1_321' title='bbox 1423 487 1520 527; x_wconf 68' lang='lat' dir='ltr'>vides]</span> <span class='ocrx_word' id='word_1_322' title='bbox 1544 487 1615 517; x_wconf 88' lang='lat' dir='ltr'>Ma-</span> 
     </span>
     <span class='ocr_line' id='line_1_59' title="bbox 914 534 1616 576; baseline 0.004 -12"><span class='ocrx_word' id='word_1_323' title='bbox 914 534 1031 574; x_wconf 71' lang='lat' dir='ltr'>clunis,</span> <span class='ocrx_word' id='word_1_324' title='bbox 1061 535 1116 566; x_wconf 88' lang='lat' dir='ltr'>vel</span> <span class='ocrx_word' id='word_1_325' title='bbox 1155 536 1314 576; x_wconf 80' lang='lat' dir='ltr'>plaustris</span> <span class='ocrx_word' id='word_1_326' title='bbox 1330 549 1337 568; x_wconf 91' lang='lat'>:</span> <span class='ocrx_word' id='word_1_327' title='bbox 1384 543 1420 569; x_wconf 85' lang='lat' dir='ltr'>ut</span> <span class='ocrx_word' id='word_1_328' title='bbox 1458 538 1616 570; x_wconf 85' lang='lat' dir='ltr'>Juvenal.</span> 
     </span>
     <span class='ocr_line' id='line_1_60' title="bbox 914 584 1275 625; baseline 0.008 -10"><span class='ocrx_word' id='word_1_329' title='bbox 914 584 1031 625; x_wconf 89' lang='lat' dir='ltr'>Satyr.</span> <span class='ocrx_word' id='word_1_330' title='bbox 1047 588 1077 617; x_wconf 81' lang='lat'>3.</span> <span class='ocrx_word' id='word_1_331' title='bbox 1096 595 1183 618; x_wconf 87' lang='lat' dir='ltr'>vers.</span> <span class='ocrx_word' id='word_1_332' title='bbox 1200 590 1275 618; x_wconf 81' lang='lat'>255.</span> 
     </span>
    </p>

    <p class='ocr_par' dir='ltr' id='par_1_14' title="bbox 914 637 1615 725">
     <span class='ocr_line' id='line_1_61' title="bbox 958 637 1615 679; baseline 0.002 -12"><span class='ocrx_word' id='word_1_333' title='bbox 958 638 997 667; x_wconf 92' lang='grc'>10</span> <span class='ocrx_word' id='word_1_334' title='bbox 1029 637 1136 676; x_wconf 80' lang='lat' dir='ltr'>Negat</span> <span class='ocrx_word' id='word_1_335' title='bbox 1158 637 1249 676; x_wconf 82' lang='lat' dir='ltr'>lasso,</span> <span class='ocrx_word' id='word_1_336' title='bbox 1275 638 1345 678; x_wconf 56' lang='lat' dir='ltr'>Cyon]</span> <span class='ocrx_word' id='word_1_337' title='bbox 1377 638 1450 669; x_wconf 89' lang='lat' dir='ltr'>Lib.</span> <span class='ocrx_word' id='word_1_338' title='bbox 1477 641 1508 670; x_wconf 84' lang='lat'>2.</span> <span class='ocrx_word' id='word_1_339' title='bbox 1538 638 1615 679; x_wconf 78' lang='lat' dir='ltr'>Epi-</span> 
     </span>
     <span class='ocr_line' id='line_1_62' title="bbox 914 691 1104 725; baseline 0.016 -10"><span class='ocrx_word' id='word_1_340' title='bbox 914 695 1055 725; x_wconf 85' lang='lat' dir='ltr'>gramm.</span> <span class='ocrx_word' id='word_1_341' title='bbox 1072 691 1104 718; x_wconf 86' lang='lat'>5.</span> 
     </span>
    </p>

    <p class='ocr_par' dir='ltr' id='par_1_15' title="bbox 958 738 1616 778">
     <span class='ocr_line' id='line_1_63' title="bbox 958 738 1616 778; baseline 0.003 -11"><span class='ocrx_word' id='word_1_342' title='bbox 958 740 994 767; x_wconf 93' lang='lat' dir='ltr'>ll</span> <span class='ocrx_word' id='word_1_343' title='bbox 1021 738 1195 778; x_wconf 74' lang='lat' dir='ltr'>Madentis]</span> <span class='ocrx_word' id='word_1_344' title='bbox 1229 738 1616 777; x_wconf 84' lang='lat' dir='ltr'>Nimbo‚luto‚sud01·e.</span> 
     </span>
    </p>

    <p class='ocr_par' dir='ltr' id='par_1_16' title="bbox 913 788 1615 931">
     <span class='ocr_line' id='line_1_64' title="bbox 957 788 1614 831; baseline 0.003 -13"><span class='ocrx_word' id='word_1_345' title='bbox 957 791 996 819; x_wconf 81' lang='lat'>12</span> <span class='ocrx_word' id='word_1_346' title='bbox 1025 788 1088 819; x_wconf 81' lang='lat' dir='ltr'>Vix</span> <span class='ocrx_word' id='word_1_347' title='bbox 1110 790 1205 830; x_wconf 78' lang='lat' dir='ltr'>tanti,</span> <span class='ocrx_word' id='word_1_348' title='bbox 1233 791 1301 831; x_wconf 55' lang='lat' dir='ltr'>&amp;cd</span> <span class='ocrx_word' id='word_1_349' title='bbox 1335 790 1401 821; x_wconf 82' lang='lat' dir='ltr'>Vix</span> <span class='ocrx_word' id='word_1_350' title='bbox 1430 791 1614 830; x_wconf 85' lang='lat' dir='ltr'>suscipien-</span> 
     </span>
     <span class='ocr_line' id='line_1_65' title="bbox 913 838 1615 879; baseline 0.004 -11"><span class='ocrx_word' id='word_1_351' title='bbox 913 838 976 869; x_wconf 82' lang='lat' dir='ltr'>dus</span> <span class='ocrx_word' id='word_1_352' title='bbox 993 838 1036 870; x_wconf 86' lang='lat' dir='ltr'>sit</span> <span class='ocrx_word' id='word_1_353' title='bbox 1051 839 1146 871; x_wconf 87' lang='lat' dir='ltr'>labor</span> <span class='ocrx_word' id='word_1_354' title='bbox 1172 845 1297 879; x_wconf 67' lang='lat' dir='ltr'>tantm,</span> <span class='ocrx_word' id='word_1_355' title='bbox 1319 841 1423 872; x_wconf 82' lang='lat' dir='ltr'>etiam</span> <span class='ocrx_word' id='word_1_356' title='bbox 1440 841 1467 871; x_wconf 90' lang='lat' dir='ltr'>si</span> <span class='ocrx_word' id='word_1_357' title='bbox 1484 846 1615 872; x_wconf 85' lang='lat' dir='ltr'>certum</span> 
     </span>
     <span class='ocr_line' id='line_1_66' title="bbox 914 889 1507 931; baseline 0.005 -12"><span class='ocrx_word' id='word_1_358' title='bbox 914 893 1005 919; x_wconf 80' lang='lat' dir='ltr'>esset</span> <span class='ocrx_word' id='word_1_359' title='bbox 1022 894 1056 920; x_wconf 88' lang='lat' dir='ltr'>te</span> <span class='ocrx_word' id='word_1_360' title='bbox 1073 889 1163 920; x_wconf 87' lang='lat' dir='ltr'>domi</span> <span class='ocrx_word' id='word_1_361' title='bbox 1181 896 1248 921; x_wconf 81' lang='lat' dir='ltr'>tuae</span> <span class='ocrx_word' id='word_1_362' title='bbox 1265 896 1439 931; x_wconf 82' lang='lat' dir='ltr'>repertum</span> <span class='ocrx_word' id='word_1_363' title='bbox 1455 890 1507 922; x_wconf 89' lang='lat' dir='ltr'>iri.</span> 
     </span>
    </p>

    <p class='ocr_par' dir='ltr' id='par_1_17' title="bbox 912 939 1615 1084">
     <span class='ocr_line' id='line_1_67' title="bbox 958 939 1615 981; baseline 0.005 -12"><span class='ocrx_word' id='word_1_364' title='bbox 958 942 996 969; x_wconf 86' lang='lat'>13</span> <span class='ocrx_word' id='word_1_365' title='bbox 1020 939 1151 980; x_wconf 79' lang='lat' dir='ltr'>Semper</span> <span class='ocrx_word' id='word_1_366' title='bbox 1188 941 1385 981; x_wconf 78' lang='lat' dir='ltr'>inhumanos]</span> <span class='ocrx_word' id='word_1_367' title='bbox 1431 941 1615 973; x_wconf 88' lang='lat' dir='ltr'>Conclusio</span> 
     </span>
     <span class='ocr_line' id='line_1_68' title="bbox 913 992 1614 1035; baseline 0.006 -13"><span class='ocrx_word' id='word_1_368' title='bbox 913 993 1081 1031; x_wconf 82' lang='lat' dir='ltr'>gnomica.</span> <span class='ocrx_word' id='word_1_369' title='bbox 1127 994 1203 1026; x_wconf 83' lang='lat' dir='ltr'>Quo</span> <span class='ocrx_word' id='word_1_370' title='bbox 1220 992 1400 1026; x_wconf 87' lang='lat' dir='ltr'>officiosior</span> <span class='ocrx_word' id='word_1_371' title='bbox 1415 995 1535 1035; x_wconf 81' lang='lat' dir='ltr'>cliens,</span> <span class='ocrx_word' id='word_1_372' title='bbox 1552 996 1614 1026; x_wconf 90' lang='lat' dir='ltr'>hoc</span> 
     </span>
     <span class='ocr_line' id='line_1_69' title="bbox 912 1042 1306 1084; baseline 0.01 -13"><span class='ocrx_word' id='word_1_373' title='bbox 912 1042 1121 1074; x_wconf 82' lang='lat' dir='ltr'>inhumanior</span> <span class='ocrx_word' id='word_1_374' title='bbox 1137 1049 1306 1084; x_wconf 85' lang='lat' dir='ltr'>patronus.</span> 
     </span>
    </p>

    <p class='ocr_par' dir='ltr' id='par_1_18' title="bbox 910 1093 1615 1539">
     <span class='ocr_line' id='line_1_70' title="bbox 957 1093 1612 1138; baseline 0.008 -15"><span class='ocrx_word' id='word_1_375' title='bbox 957 1095 995 1123; x_wconf 80' lang='lat'>14</span> <span class='ocrx_word' id='word_1_376' title='bbox 1022 1093 1105 1133; x_wconf 76' lang='lat' dir='ltr'>Rex,</span> <span class='ocrx_word' id='word_1_377' title='bbox 1121 1095 1183 1124; x_wconf 74' lang='lat' dir='ltr'>nisi</span> <span class='ocrx_word' id='word_1_378' title='bbox 1198 1096 1371 1133; x_wconf 80' lang='lat' dir='ltr'>dormieris,</span> <span class='ocrx_word' id='word_1_379' title='bbox 1386 1097 1455 1137; x_wconf 47' lang='grc' dir='ltr'>ἔξω]</span> <span class='ocrx_word' id='word_1_380' title='bbox 1476 1097 1511 1128; x_wconf 88' lang='lat' dir='ltr'>Si</span> <span class='ocrx_word' id='word_1_381' title='bbox 1529 1107 1612 1138; x_wconf 84' lang='lat' dir='ltr'>ergo</span> 
     </span>
     <span class='ocr_line' id='line_1_71' title="bbox 912 1143 1615 1186; baseline 0.007 -13"><span class='ocrx_word' id='word_1_382' title='bbox 912 1143 1008 1183; x_wconf 85' lang='lat' dir='ltr'>cupis</span> <span class='ocrx_word' id='word_1_383' title='bbox 1038 1154 1114 1175; x_wconf 86' lang='lat' dir='ltr'>esse</span> <span class='ocrx_word' id='word_1_384' title='bbox 1139 1155 1246 1184; x_wconf 86' lang='lat' dir='ltr'>meus,</span> <span class='ocrx_word' id='word_1_385' title='bbox 1272 1156 1331 1177; x_wconf 88' lang='lat' dir='ltr'>seu</span> <span class='ocrx_word' id='word_1_386' title='bbox 1360 1146 1530 1186; x_wconf 89' lang='lat' dir='ltr'>dominus,</span> <span class='ocrx_word' id='word_1_387' title='bbox 1555 1157 1615 1178; x_wconf 63' lang='lat' dir='ltr'>¹seu</span> 
     </span>
     <span class='ocr_line' id='line_1_72' title="bbox 914 1196 1615 1239; baseline 0.009 -15"><span class='ocrx_word' id='word_1_388' title='bbox 914 1199 1089 1235; x_wconf 86' lang='lat' dir='ltr'>patronus,</span> <span class='ocrx_word' id='word_1_389' title='bbox 1112 1196 1221 1228; x_wconf 86' lang='lat' dir='ltr'>dormi</span> <span class='ocrx_word' id='word_1_390' title='bbox 1246 1199 1426 1239; x_wconf 84' lang='lat' dir='ltr'>tantisper,</span> <span class='ocrx_word' id='word_1_391' title='bbox 1442 1199 1552 1229; x_wconf 80' lang='lat' dir='ltr'>donec</span> <span class='ocrx_word' id='word_1_392' title='bbox 1565 1209 1615 1230; x_wconf 84' lang='lat' dir='ltr'>sa-</span> 
     </span>
     <span class='ocr_line' id='line_1_73' title="bbox 913 1245 1615 1288; baseline 0.009 -13"><span class='ocrx_word' id='word_1_393' title='bbox 913 1245 1056 1277; x_wconf 86' lang='lat' dir='ltr'>lutatum</span> <span class='ocrx_word' id='word_1_394' title='bbox 1074 1252 1108 1278; x_wconf 85' lang='lat' dir='ltr'>te</span> <span class='ocrx_word' id='word_1_395' title='bbox 1132 1248 1278 1288; x_wconf 82' lang='lat' dir='ltr'>veniam,</span> <span class='ocrx_word' id='word_1_396' title='bbox 1298 1254 1335 1280; x_wconf 79' lang='lat' dir='ltr'>ut</span> <span class='ocrx_word' id='word_1_397' title='bbox 1355 1254 1389 1280; x_wconf 90' lang='lat' dir='ltr'>te</span> <span class='ocrx_word' id='word_1_398' title='bbox 1406 1249 1495 1280; x_wconf 88' lang='lat' dir='ltr'>domi</span> <span class='ocrx_word' id='word_1_399' title='bbox 1509 1249 1615 1281; x_wconf 84' lang='lat' dir='ltr'>offen-</span> 
     </span>
     <span class='ocr_line' id='line_1_74' title="bbox 911 1294 1615 1339; baseline 0.007 -14"><span class='ocrx_word' id='word_1_400' title='bbox 911 1294 999 1326; x_wconf 87' lang='lat' dir='ltr'>dam.</span> <span class='ocrx_word' id='word_1_401' title='bbox 1037 1296 1127 1337; x_wconf 85' lang='lat' dir='ltr'>Ergo</span> <span class='ocrx_word' id='word_1_402' title='bbox 1156 1303 1214 1329; x_wconf 84' lang='lat' dir='ltr'>ant</span> <span class='ocrx_word' id='word_1_403' title='bbox 1243 1298 1334 1330; x_wconf 87' lang='lat' dir='ltr'>domi</span> <span class='ocrx_word' id='word_1_404' title='bbox 1356 1309 1452 1330; x_wconf 88' lang='lat' dir='ltr'>mane</span> <span class='ocrx_word' id='word_1_405' title='bbox 1483 1300 1539 1339; x_wconf 86' lang='lat' dir='ltr'>sis,</span> <span class='ocrx_word' id='word_1_406' title='bbox 1555 1304 1615 1330; x_wconf 88' lang='lat' dir='ltr'>aut</span> 
     </span>
     <span class='ocr_line' id='line_1_75' title="bbox 911 1347 1615 1385; baseline 0.009 -10"><span class='ocrx_word' id='word_1_407' title='bbox 911 1354 974 1385; x_wconf 84' lang='lat' dir='ltr'>ego</span> <span class='ocrx_word' id='word_1_408' title='bbox 990 1355 1056 1376; x_wconf 91' lang='lat' dir='ltr'>non</span> <span class='ocrx_word' id='word_1_409' title='bbox 1071 1347 1191 1378; x_wconf 86' lang='lat' dir='ltr'>subibo</span> <span class='ocrx_word' id='word_1_410' title='bbox 1209 1352 1322 1380; x_wconf 83' lang='lat' dir='ltr'>tantas</span> <span class='ocrx_word' id='word_1_411' title='bbox 1347 1349 1481 1381; x_wconf 82' lang='lat' dir='ltr'>itineris</span> <span class='ocrx_word' id='word_1_412' title='bbox 1498 1351 1615 1381; x_wconf 87' lang='lat' dir='ltr'>moles-</span> 
     </span>
     <span class='ocr_line' id='line_1_76' title="bbox 912 1395 1614 1438; baseline 0.007 -13"><span class='ocrx_word' id='word_1_413' title='bbox 912 1395 975 1426; x_wconf 84' lang='lat' dir='ltr'>tias</span> <span class='ocrx_word' id='word_1_414' title='bbox 992 1396 1038 1426; x_wconf 84' lang='lat' dir='ltr'>tui</span> <span class='ocrx_word' id='word_1_415' title='bbox 1063 1397 1232 1428; x_wconf 81' lang='lat' dir='ltr'>salutandi</span> <span class='ocrx_word' id='word_1_416' title='bbox 1259 1399 1380 1438; x_wconf 78' lang='lat' dir='ltr'>gratia.</span> <span class='ocrx_word' id='word_1_417' title='bbox 1425 1399 1542 1430; x_wconf 87' lang='lat' dir='ltr'>Iunuit</span> <span class='ocrx_word' id='word_1_418' title='bbox 1558 1410 1614 1430; x_wconf 86' lang='lat' dir='ltr'>au-</span> 
     </span>
     <span class='ocr_line' id='line_1_77' title="bbox 911 1446 1614 1490; baseline 0.007 -14"><span class='ocrx_word' id='word_1_419' title='bbox 911 1451 980 1477; x_wconf 87' lang='lat' dir='ltr'>tem</span> <span class='ocrx_word' id='word_1_420' title='bbox 997 1446 1140 1478; x_wconf 87' lang='lat' dir='ltr'>Paulum</span> <span class='ocrx_word' id='word_1_421' title='bbox 1167 1449 1261 1480; x_wconf 80' lang='lat' dir='ltr'>exire</span> <span class='ocrx_word' id='word_1_422' title='bbox 1288 1455 1323 1481; x_wconf 77' lang='lat' dir='ltr'>et</span> <span class='ocrx_word' id='word_1_423' title='bbox 1340 1450 1447 1490; x_wconf 88' lang='lat' dir='ltr'>ipsum</span> <span class='ocrx_word' id='word_1_424' title='bbox 1465 1451 1547 1481; x_wconf 84' lang='lat' dir='ltr'>alios</span> <span class='ocrx_word' id='word_1_425' title='bbox 1564 1461 1614 1481; x_wconf 89' lang='lat' dir='ltr'>sa-</span> 
     </span>
     <span class='ocr_line' id='line_1_78' title="bbox 910 1495 1591 1539; baseline 0.007 -13"><span class='ocrx_word' id='word_1_426' title='bbox 910 1495 1115 1536; x_wconf 78' lang='lat' dir='ltr'>lutatum,ut</span> <span class='ocrx_word' id='word_1_427' title='bbox 1133 1498 1250 1539; x_wconf 83' lang='lat' dir='ltr'>Epigr.</span> <span class='ocrx_word' id='word_1_428' title='bbox 1267 1502 1318 1530; x_wconf 85' lang='lat'>18.</span> <span class='ocrx_word' id='word_1_429' title='bbox 1336 1500 1393 1530; x_wconf 89' lang='lat' dir='ltr'>lib.</span> <span class='ocrx_word' id='word_1_430' title='bbox 1409 1503 1440 1531; x_wconf 86' lang='lat'>2.</span> <span class='ocrx_word' id='word_1_431' title='bbox 1456 1509 1546 1531; x_wconf 86' lang='lat' dir='ltr'>vers.</span> <span class='ocrx_word' id='word_1_432' title='bbox 1562 1503 1591 1531; x_wconf 92' lang='lat' dir='ltr'>l.</span> 
     </span>
    </p>

    <p class='ocr_par' dir='ltr' id='par_1_19' title="bbox 907 1547 1614 2441">
     <span class='ocr_line' id='line_1_79' title="bbox 951 1547 1613 1590; baseline 0.006 -13"><span class='ocrx_word' id='word_1_433' title='bbox 951 1547 1056 1578; x_wconf 77' lang='lat' dir='ltr'>Epm.</span> <span class='ocrx_word' id='word_1_434' title='bbox 1075 1556 1185 1579; x_wconf 76' lang='lat' dir='ltr'>xxiii.</span> <span class='ocrx_word' id='word_1_435' title='bbox 1219 1552 1233 1579; x_wconf 90' lang='lat' dir='ltr'>l</span> <span class='ocrx_word' id='word_1_436' title='bbox 1253 1549 1442 1590; x_wconf 76' lang='lat' dir='ltr'>Herbarum,</span> <span class='ocrx_word' id='word_1_437' title='bbox 1459 1549 1526 1590; x_wconf 61' lang='lat' dir='ltr'>ssa]</span> <span class='ocrx_word' id='word_1_438' title='bbox 1552 1551 1613 1581; x_wconf 89' lang='lat' dir='ltr'>La-</span> 
     </span>
     <span class='ocr_line' id='line_1_80' title="bbox 909 1598 1613 1639; baseline 0.009 -14"><span class='ocrx_word' id='word_1_439' title='bbox 909 1605 1029 1627; x_wconf 86' lang='lat' dir='ltr'>cernas</span> <span class='ocrx_word' id='word_1_440' title='bbox 1048 1598 1172 1629; x_wconf 84' lang='lat' dir='ltr'>virides</span> <span class='ocrx_word' id='word_1_441' title='bbox 1202 1609 1261 1630; x_wconf 84' lang='lat' dir='ltr'>seu</span> <span class='ocrx_word' id='word_1_442' title='bbox 1283 1600 1477 1639; x_wconf 81' lang='lat' dir='ltr'>galbaneas.</span> <span class='ocrx_word' id='word_1_443' title='bbox 1522 1599 1613 1631; x_wconf 90' lang='lat' dir='ltr'>Ante</span> 
     </span>
     <span class='ocr_line' id='line_1_81' title="bbox 909 1646 1614 1690; baseline 0.007 -15"><span class='ocrx_word' id='word_1_444' title='bbox 909 1646 997 1676; x_wconf 82' lang='lat' dir='ltr'>enim</span> <span class='ocrx_word' id='word_1_445' title='bbox 1015 1647 1124 1685; x_wconf 81' lang='lat' dir='ltr'>legem</span> <span class='ocrx_word' id='word_1_446' title='bbox 1136 1648 1338 1679; x_wconf 84' lang='lat' dir='ltr'>theatralem</span> <span class='ocrx_word' id='word_1_447' title='bbox 1353 1650 1614 1690; x_wconf 85' lang='lat' dir='ltr'>promulgatam,</span> 
     </span>
     <span class='ocr_line' id='line_1_82' title="bbox 910 1698 1612 1737; baseline 0.006 -11"><span class='ocrx_word' id='word_1_448' title='bbox 910 1705 967 1726; x_wconf 83' lang='lat' dir='ltr'>seu</span> <span class='ocrx_word' id='word_1_449' title='bbox 983 1702 1193 1737; x_wconf 87' lang='lat' dir='ltr'>revocatam,</span> <span class='ocrx_word' id='word_1_450' title='bbox 1219 1698 1362 1729; x_wconf 85' lang='lat' dir='ltr'>sedebas</span> <span class='ocrx_word' id='word_1_451' title='bbox 1386 1699 1443 1729; x_wconf 92' lang='lat' dir='ltr'>ubi</span> <span class='ocrx_word' id='word_1_452' title='bbox 1468 1699 1612 1737; x_wconf 84' lang='lat' dir='ltr'>libebat,</span> 
     </span>
     <span class='ocr_line' id='line_1_83' title="bbox 910 1746 1614 1790; baseline 0.004 -13"><span class='ocrx_word' id='word_1_453' title='bbox 910 1746 1000 1778; x_wconf 88' lang='lat' dir='ltr'>inter</span> <span class='ocrx_word' id='word_1_454' title='bbox 1015 1747 1158 1788; x_wconf 78' lang='lat' dir='ltr'>equites,</span> <span class='ocrx_word' id='word_1_455' title='bbox 1176 1749 1329 1789; x_wconf 86' lang='lat' dir='ltr'>quamvis</span> <span class='ocrx_word' id='word_1_456' title='bbox 1346 1758 1410 1780; x_wconf 89' lang='lat' dir='ltr'>non</span> <span class='ocrx_word' id='word_1_457' title='bbox 1426 1759 1552 1790; x_wconf 88' lang='lat' dir='ltr'>eques;</span> <span class='ocrx_word' id='word_1_458' title='bbox 1578 1755 1614 1781; x_wconf 88' lang='lat' dir='ltr'>et</span> 
     </span>
     <span class='ocr_line' id='line_1_84' title="bbox 911 1797 1612 1840; baseline 0.004 -13"><span class='ocrx_word' id='word_1_459' title='bbox 911 1797 1049 1837; x_wconf 86' lang='lat' dir='ltr'>virides,</span> <span class='ocrx_word' id='word_1_460' title='bbox 1064 1797 1126 1828; x_wconf 91' lang='lat' dir='ltr'>hoc</span> <span class='ocrx_word' id='word_1_461' title='bbox 1144 1804 1207 1838; x_wconf 84' lang='lat' dir='ltr'>est,</span> <span class='ocrx_word' id='word_1_462' title='bbox 1223 1799 1306 1829; x_wconf 90' lang='lat' dir='ltr'>viles</span> <span class='ocrx_word' id='word_1_463' title='bbox 1323 1804 1356 1829; x_wconf 88' lang='lat' dir='ltr'>et</span> <span class='ocrx_word' id='word_1_464' title='bbox 1372 1799 1527 1838; x_wconf 84' lang='lat' dir='ltr'>abjectas</span> <span class='ocrx_word' id='word_1_465' title='bbox 1539 1809 1612 1840; x_wconf 83' lang='lat' dir='ltr'>ges-</span> 
     </span>
     <span class='ocr_line' id='line_1_85' title="bbox 910 1847 1612 1891; baseline 0.007 -14"><span class='ocrx_word' id='word_1_466' title='bbox 910 1847 1007 1878; x_wconf 84' lang='lat' dir='ltr'>tabas</span> <span class='ocrx_word' id='word_1_467' title='bbox 1025 1853 1154 1888; x_wconf 82' lang='lat' dir='ltr'>vestes;</span> <span class='ocrx_word' id='word_1_468' title='bbox 1171 1859 1234 1879; x_wconf 86' lang='lat' dir='ltr'>nec</span> <span class='ocrx_word' id='word_1_469' title='bbox 1251 1849 1422 1880; x_wconf 84' lang='lat' dir='ltr'>arcebaris</span> <span class='ocrx_word' id='word_1_470' title='bbox 1438 1860 1456 1881; x_wconf 91' lang='lat' dir='ltr'>a</span> <span class='ocrx_word' id='word_1_471' title='bbox 1473 1853 1522 1882; x_wconf 79' lang='lat'>14.</span> <span class='ocrx_word' id='word_1_472' title='bbox 1539 1860 1612 1891; x_wconf 87' lang='lat' dir='ltr'>gra-</span> 
     </span>
     <span class='ocr_line' id='line_1_86' title="bbox 909 1897 1612 1941; baseline 0.006 -13"><span class='ocrx_word' id='word_1_473' title='bbox 909 1897 1018 1929; x_wconf 91' lang='lat' dir='ltr'>dibus.</span> <span class='ocrx_word' id='word_1_474' title='bbox 1077 1898 1138 1939; x_wconf 88' lang='lat' dir='ltr'>At,</span> <span class='ocrx_word' id='word_1_475' title='bbox 1172 1905 1350 1941; x_wconf 84' lang='lat' dir='ltr'>postquam</span> <span class='ocrx_word' id='word_1_476' title='bbox 1395 1901 1612 1932; x_wconf 84' lang='lat' dir='ltr'>Domitianus</span> 
     </span>
     <span class='ocr_line' id='line_1_87' title="bbox 909 1947 1611 1991; baseline 0.006 -13"><span class='ocrx_word' id='word_1_477' title='bbox 909 1947 1102 1988; x_wconf 78' lang='lat' dir='ltr'>Imperator</span> <span class='ocrx_word' id='word_1_478' title='bbox 1116 1949 1224 1989; x_wconf 84' lang='lat' dir='ltr'>legem</span> <span class='ocrx_word' id='word_1_479' title='bbox 1242 1950 1433 1991; x_wconf 85' lang='lat' dir='ltr'>revocavit,</span> <span class='ocrx_word' id='word_1_480' title='bbox 1447 1955 1483 1982; x_wconf 88' lang='lat' dir='ltr'>et</span> <span class='ocrx_word' id='word_1_481' title='bbox 1500 1951 1611 1983; x_wconf 88' lang='lat' dir='ltr'>Ocea-</span> 
     </span>
     <span class='ocr_line' id='line_1_88' title="bbox 908 1998 1612 2043; baseline 0.007 -15"><span class='ocrx_word' id='word_1_482' title='bbox 908 2008 969 2028; x_wconf 88' lang='lat' dir='ltr'>nus</span> <span class='ocrx_word' id='word_1_483' title='bbox 996 1998 1192 2040; x_wconf 84' lang='lat' dir='ltr'>designator</span> <span class='ocrx_word' id='word_1_484' title='bbox 1225 1999 1323 2031; x_wconf 86' lang='lat' dir='ltr'>fictos</span> <span class='ocrx_word' id='word_1_485' title='bbox 1360 2002 1491 2043; x_wconf 88' lang='lat' dir='ltr'>equites</span> <span class='ocrx_word' id='word_1_486' title='bbox 1510 2002 1612 2042; x_wconf 86' lang='lat' dir='ltr'>jubet</span> 
     </span>
     <span class='ocr_line' id='line_1_89' title="bbox 909 2053 1612 2093; baseline 0.006 -13"><span class='ocrx_word' id='word_1_487' title='bbox 909 2059 1065 2090; x_wconf 83' lang='lat' dir='ltr'>surgere;</span> <span class='ocrx_word' id='word_1_488' title='bbox 1089 2056 1124 2082; x_wconf 87' lang='lat' dir='ltr'>tu</span> <span class='ocrx_word' id='word_1_489' title='bbox 1139 2061 1320 2092; x_wconf 87' lang='lat' dir='ltr'>purpuram</span> <span class='ocrx_word' id='word_1_490' title='bbox 1334 2057 1370 2084; x_wconf 90' lang='lat' dir='ltr'>et</span> <span class='ocrx_word' id='word_1_491' title='bbox 1381 2053 1525 2084; x_wconf 90' lang='lat' dir='ltr'>coccina</span> <span class='ocrx_word' id='word_1_492' title='bbox 1540 2062 1612 2093; x_wconf 80' lang='lat' dir='ltr'>ges-</span> 
     </span>
     <span class='ocr_line' id='line_1_90' title="bbox 909 2101 1611 2143; baseline 0.006 -12"><span class='ocrx_word' id='word_1_493' title='bbox 909 2105 977 2140; x_wconf 86' lang='lat' dir='ltr'>tas,</span> <span class='ocrx_word' id='word_1_494' title='bbox 990 2111 1055 2141; x_wconf 91' lang='lat' dir='ltr'>quo</span> <span class='ocrx_word' id='word_1_495' title='bbox 1072 2101 1218 2133; x_wconf 86' lang='lat' dir='ltr'>videaris</span> <span class='ocrx_word' id='word_1_496' title='bbox 1230 2112 1347 2143; x_wconf 86' lang='lat' dir='ltr'>eques,</span> <span class='ocrx_word' id='word_1_497' title='bbox 1357 2113 1421 2135; x_wconf 88' lang='lat' dir='ltr'>nec</span> <span class='ocrx_word' id='word_1_498' title='bbox 1439 2103 1483 2135; x_wconf 88' lang='lat' dir='ltr'>ab</span> <span class='ocrx_word' id='word_1_499' title='bbox 1501 2103 1611 2135; x_wconf 86' lang='lat' dir='ltr'>Ocea-</span> 
     </span>
     <span class='ocr_line' id='line_1_91' title="bbox 907 2151 1613 2193; baseline 0.004 -12"><span class='ocrx_word' id='word_1_500' title='bbox 907 2161 950 2182; x_wconf 94' lang='lat' dir='ltr'>no</span> <span class='ocrx_word' id='word_1_501' title='bbox 969 2151 1154 2183; x_wconf 81' lang='lat' dir='ltr'>susciteris.</span> <span class='ocrx_word' id='word_1_502' title='bbox 1201 2153 1329 2184; x_wconf 84' lang='lat' dir='ltr'>Viridis</span> <span class='ocrx_word' id='word_1_503' title='bbox 1347 2162 1428 2193; x_wconf 86' lang='lat' dir='ltr'>ergo</span> <span class='ocrx_word' id='word_1_504' title='bbox 1445 2153 1538 2184; x_wconf 92' lang='lat' dir='ltr'>color</span> <span class='ocrx_word' id='word_1_505' title='bbox 1554 2152 1613 2183; x_wconf 78' lang='lat' dir='ltr'>fae-</span> 
     </span>
     <span class='ocr_line' id='line_1_92' title="bbox 907 2203 1610 2244; baseline 0 -11"><span class='ocrx_word' id='word_1_506' title='bbox 907 2203 1049 2240; x_wconf 64' lang='lat' dir='ltr'>minem,</span> <span class='ocrx_word' id='word_1_507' title='bbox 1066 2206 1104 2232; x_wconf 86' lang='lat' dir='ltr'>ut</span> <span class='ocrx_word' id='word_1_508' title='bbox 1118 2212 1160 2233; x_wconf 84' lang='lat' dir='ltr'>ex</span> <span class='ocrx_word' id='word_1_509' title='bbox 1175 2203 1344 2235; x_wconf 80' lang='lat' dir='ltr'>Juvenale</span> <span class='ocrx_word' id='word_1_510' title='bbox 1359 2204 1461 2235; x_wconf 89' lang='lat' dir='ltr'>docet</span> <span class='ocrx_word' id='word_1_511' title='bbox 1477 2203 1610 2244; x_wconf 89' lang='lat' dir='ltr'>Lipsius</span> 
     </span>
     <span class='ocr_line' id='line_1_93' title="bbox 907 2252 1610 2293; baseline 0.004 -11"><span class='ocrx_word' id='word_1_512' title='bbox 907 2252 963 2283; x_wconf 89' lang='lat' dir='ltr'>lib.</span> <span class='ocrx_word' id='word_1_513' title='bbox 979 2255 1008 2283; x_wconf 94' lang='lat' dir='ltr'>l.</span> <span class='ocrx_word' id='word_1_514' title='bbox 1027 2252 1136 2283; x_wconf 88' lang='lat' dir='ltr'>Elect.</span> <span class='ocrx_word' id='word_1_515' title='bbox 1153 2262 1229 2293; x_wconf 86' lang='lat' dir='ltr'>cap.</span> <span class='ocrx_word' id='word_1_516' title='bbox 1246 2256 1295 2286; x_wconf 88' lang='grc'>13.</span> <span class='ocrx_word' id='word_1_517' title='bbox 1341 2254 1473 2286; x_wconf 80' lang='lat' dir='ltr'>Graecis</span> <span class='ocrx_word' id='word_1_518' title='bbox 1489 2253 1610 2293; x_wconf 72' lang='grc' dir='ltr'>χλωρὸς</span> 
     </span>
     <span class='ocr_line' id='line_1_94' title="bbox 907 2303 1611 2345; baseline 0.003 -11"><span class='ocrx_word' id='word_1_519' title='bbox 907 2303 1046 2343; x_wconf 88' lang='lat' dir='ltr'>dicitur,</span> <span class='ocrx_word' id='word_1_520' title='bbox 1063 2303 1203 2334; x_wconf 85' lang='lat' dir='ltr'>Latinus</span> <span class='ocrx_word' id='word_1_521' title='bbox 1218 2304 1320 2335; x_wconf 87' lang='lat' dir='ltr'>etiam</span> <span class='ocrx_word' id='word_1_522' title='bbox 1336 2304 1477 2344; x_wconf 85' lang='lat' dir='ltr'>galbeus</span> <span class='ocrx_word' id='word_1_523' title='bbox 1490 2309 1525 2335; x_wconf 93' lang='lat' dir='ltr'>et</span> <span class='ocrx_word' id='word_1_524' title='bbox 1540 2306 1611 2345; x_wconf 81' lang='lat' dir='ltr'>gal—</span> 
     </span>
     <span class='ocr_line' id='line_1_95' title="bbox 908 2352 1612 2395; baseline 0.003 -12"><span class='ocrx_word' id='word_1_525' title='bbox 908 2353 1033 2384; x_wconf 80' lang='lat' dir='ltr'>banus:</span> <span class='ocrx_word' id='word_1_526' title='bbox 1059 2352 1138 2384; x_wconf 86' lang='lat' dir='ltr'>inde</span> <span class='ocrx_word' id='word_1_527' title='bbox 1153 2354 1162 2369; x_wconf 94' lang='lat'>‘</span> <span class='ocrx_word' id='word_1_528' title='bbox 1177 2353 1339 2394; x_wconf 81' lang='lat' dir='ltr'>galbanos</span> <span class='ocrx_word' id='word_1_529' title='bbox 1354 2353 1484 2394; x_wconf 82' lang='lat' dir='ltr'>mores,’</span> <span class='ocrx_word' id='word_1_530' title='bbox 1497 2354 1529 2385; x_wconf 88' lang='lat' dir='ltr'>id</span> <span class='ocrx_word' id='word_1_531' title='bbox 1546 2359 1612 2395; x_wconf 83' lang='lat' dir='ltr'>est,</span> 
     </span>
     <span class='ocr_line' id='line_1_96' title="bbox 907 2403 1346 2441; baseline 0.005 -7"><span class='ocrx_word' id='word_1_532' title='bbox 907 2404 1036 2441; x_wconf 87' lang='lat' dir='ltr'>molles,</span> <span class='ocrx_word' id='word_1_533' title='bbox 1051 2403 1237 2434; x_wconf 73' lang='lat' dir='ltr'>faemiueos.</span> <span class='ocrx_word' id='word_1_534' title='bbox 1263 2405 1346 2436; x_wconf 69' lang='lat' dir='ltr'>lead.</span> 
     </span>
    </p>

    <p class='ocr_par' dir='ltr' id='par_1_20' title="bbox 907 2454 1609 2544">
     <span class='ocr_line' id='line_1_97' title="bbox 947 2454 1609 2495; baseline 0.005 -11"><span class='ocrx_word' id='word_1_535' title='bbox 947 2456 968 2484; x_wconf 87' lang='grc'>2</span> <span class='ocrx_word' id='word_1_536' title='bbox 989 2455 1071 2484; x_wconf 84' lang='lat' dir='ltr'>Juru</span> <span class='ocrx_word' id='word_1_537' title='bbox 1087 2454 1261 2491; x_wconf 73' lang='lat' dir='ltr'>theatralis,</span> <span class='ocrx_word' id='word_1_538' title='bbox 1276 2455 1347 2495; x_wconf 57' lang='grc' dir='ltr'>ἐξα]</span> <span class='ocrx_word' id='word_1_539' title='bbox 1384 2456 1453 2486; x_wconf 90' lang='lat' dir='ltr'>Lex</span> <span class='ocrx_word' id='word_1_540' title='bbox 1484 2455 1609 2488; x_wconf 84' lang='lat' dir='ltr'>Roscia</span> 
     </span>
     <span class='ocr_line' id='line_1_98' title="bbox 907 2504 1330 2544; baseline 0.002 -11"><span class='ocrx_word' id='word_1_541' title='bbox 907 2512 1024 2542; x_wconf 85' lang='lat' dir='ltr'>supra,</span> <span class='ocrx_word' id='word_1_542' title='bbox 1042 2504 1160 2544; x_wconf 87' lang='lat' dir='ltr'>Epigr.</span> <span class='ocrx_word' id='word_1_543' title='bbox 1179 2507 1210 2534; x_wconf 77' lang='lat'>8.</span> <span class='ocrx_word' id='word_1_544' title='bbox 1227 2509 1262 2535; x_wconf 89' lang='lat' dir='ltr'>et</span> <span class='ocrx_word' id='word_1_545' title='bbox 1282 2507 1330 2536; x_wconf 88' lang='grc'>14.</span> 
     </span>
    </p>

    <p class='ocr_par' dir='ltr' id='par_1_21' title="bbox 907 2554 1608 2797">
     <span class='ocr_line' id='line_1_99' title="bbox 949 2554 1607 2597; baseline 0.008 -15"><span class='ocrx_word' id='word_1_546' title='bbox 949 2556 968 2583; x_wconf 83' lang='lat'><strong>3</strong></span> <span class='ocrx_word' id='word_1_547' title='bbox 994 2554 1072 2588; x_wconf 83' lang='lat' dir='ltr'>Quoe</span> <span class='ocrx_word' id='word_1_548' title='bbox 1113 2554 1289 2594; x_wconf 79' lang='lat' dir='ltr'>postquam]</span> <span class='ocrx_word' id='word_1_549' title='bbox 1338 2554 1398 2593; x_wconf 90' lang='lat' dir='ltr'>At,</span> <span class='ocrx_word' id='word_1_550' title='bbox 1428 2560 1607 2597; x_wconf 87' lang='lat' dir='ltr'>postquam</span> 
     </span>
     <span class='ocr_line' id='line_1_100' title="bbox 908 2603 1608 2646; baseline 0.004 -12"><span class='ocrx_word' id='word_1_551' title='bbox 908 2603 1129 2634; x_wconf 87' lang='lat' dir='ltr'>Domitianus</span> <span class='ocrx_word' id='word_1_552' title='bbox 1158 2603 1246 2644; x_wconf 85' lang='lat' dir='ltr'>Imp.</span> <span class='ocrx_word' id='word_1_553' title='bbox 1271 2610 1443 2646; x_wconf 83' lang='lat' dir='ltr'>assumpta</span> <span class='ocrx_word' id='word_1_554' title='bbox 1465 2615 1608 2637; x_wconf 86' lang='lat' dir='ltr'>censura</span> 
     </span>
     <span class='ocr_line' id='line_1_101' title="bbox 907 2653 1607 2694; baseline 0.007 -11"><span class='ocrx_word' id='word_1_555' title='bbox 907 2654 1081 2685; x_wconf 87' lang='lat' dir='ltr'>revocavit</span> <span class='ocrx_word' id='word_1_556' title='bbox 1112 2653 1222 2694; x_wconf 83' lang='lat' dir='ltr'>legem</span> <span class='ocrx_word' id='word_1_557' title='bbox 1252 2655 1423 2686; x_wconf 80' lang='lat' dir='ltr'>Rosciam.</span> <span class='ocrx_word' id='word_1_558' title='bbox 1462 2656 1550 2687; x_wconf 87' lang='lat' dir='ltr'>Ibid.</span> <span class='ocrx_word' id='word_1_559' title='bbox 1575 2659 1607 2688; x_wconf 90' lang='grc'>8.</span> 
     </span>
     <span class='ocr_line' id='line_1_102' title="bbox 907 2703 1605 2744; baseline 0.003 -11"><span class='ocrx_word' id='word_1_560' title='bbox 907 2713 1018 2744; x_wconf 86' lang='lat' dir='ltr'>supra.</span> <span class='ocrx_word' id='word_1_561' title='bbox 1065 2703 1190 2734; x_wconf 79' lang='lat' dir='ltr'>Placidi</span> <span class='ocrx_word' id='word_1_562' title='bbox 1205 2704 1354 2744; x_wconf 80' lang='lat' dir='ltr'>censoris]</span> <span class='ocrx_word' id='word_1_563' title='bbox 1394 2706 1605 2737; x_wconf 79' lang='lat' dir='ltr'>Domitianus</span> 
     </span>
     <span class='ocr_line' id='line_1_103' title="bbox 907 2754 1605 2797; baseline 0.003 -13"><span class='ocrx_word' id='word_1_564' title='bbox 907 2755 995 2785; x_wconf 86' lang='lat' dir='ltr'>enim</span> <span class='ocrx_word' id='word_1_565' title='bbox 1026 2763 1154 2786; x_wconf 89' lang='lat' dir='ltr'>morum</span> <span class='ocrx_word' id='word_1_566' title='bbox 1184 2754 1421 2795; x_wconf 71' lang='lat' dir='ltr'>praefecturam</span> <span class='ocrx_word' id='word_1_567' title='bbox 1451 2766 1605 2797; x_wconf 77' lang='lat' dir='ltr'>suscepe-</span> 
     </span>
    </p>
   </div>
  </div>
 </body>
</html>
