1866 3131
394 176 442 204 M.
477 176 586 204 VM..

130 268 276 301 officinm
293 280 388 301 suum
415 270 641 301 intermissum
661 281 670 308 ;
694 275 726 301 et
746 269 832 301 affir-

128 326 209 357 mat,
223 330 241 350 a
256 330 291 351 se
307 330 372 351 uon
386 322 494 352 minus
506 321 610 351 amari
624 322 832 359 Frontinum,

129 371 281 410 quamvis
309 381 374 402 non
404 372 505 402 toties
533 371 831 409 revisum‚saluta-

130 426 258 458 tum,et
274 423 486 461 comitatum,
500 432 597 463 quam
613 423 656 452 ab
673 421 830 452 officiosis

130 474 202 504 aliis
218 475 409 514 clientibus,
425 476 480 516 qui
498 476 567 505 dies
589 481 775 516 noctesque
792 475 830 506 il-

130 524 194 553 lius
223 525 337 555 limina
362 531 501 556 terunt:
531 526 714 556 amicitiam
742 526 830 556 enim

130 579 165 604 et
182 584 328 606 amorem
346 586 412 606 non
431 577 463 606 in
485 582 652 614 extremo,
675 576 735 607 sed
755 577 833 607 inti-

130 633 184 654 mo
202 626 370 664 penetrali
384 627 580 656 consistere.
607 626 689 657 Rud.

173 677 212 705 12
238 676 304 706 Nec
332 678 442 716 vatem,
467 676 535 715 ᾅ·ε.]
574 676 639 716 Ep.
663 678 717 708 71.
746 676 770 707 l.
800 679 833 709 1.

132 734 223 757 vers.
242 729 294 757 15.

174 779 213 807 14
231 777 273 807 Et
284 787 342 807 non
357 778 507 818 officiosus
517 776 600 816 amo]
617 776 701 807 Amo
713 776 833 816 te,eti-

131 827 212 858 amsi
232 835 299 858 non
316 828 528 858 caeremoniis
552 837 701 858 amorem
727 837 831 868 usque

130 886 199 917 prae
217 886 270 907 me
287 876 408 908 feram.

175 927 279 958 Eme..
298 936 371 958 mx.
397 929 550 959 Excusat
573 927 726 967 longiora
753 927 834 968 Epi-

129 982 330 1017 grammata.

175 1032 190 1059 1
217 1030 415 1071 Consumpta,
441 1031 509 1071 ἐξα]
554 1031 590 1063 Si
619 1040 720 1062 unum
752 1031 832 1071 Epi-

131 1089 280 1119 gramma
294 1086 361 1111 tam
384 1082 518 1122 longum
541 1083 597 1121 sit,
621 1088 659 1113 ut
677 1083 833 1122 paginam

131 1136 237 1162 totam
263 1131 415 1171 impleat.
471 1133 610 1163 Lemma
634 1138 745 1163 autem
780 1137 833 1163 est

130 1183 248 1214 titulus
259 1189 294 1214 et
310 1184 485 1224 inscriptio
502 1184 776 1225 EpigrammatIS.

173 1236 191 1264 3
216 1234 323 1269 Dives,
339 1238 369 1264 et
384 1244 424 1264 ea:
439 1235 534 1273 omni,
544 1235 614 1275 Era]
628 1240 632 1242 ’
648 1235 831 1274 Comparat

130 1283 248 1323 Epigr.
261 1294 321 1315 sua
337 1286 598 1324 apparatissimo
615 1285 784 1324 convivio,
799 1285 831 1315 in

131 1343 197 1375 quo
223 1343 289 1364 non
307 1335 403 1365 unius
427 1336 560 1375 generis
584 1335 755 1375 cupediae,
771 1335 832 1365 sed

130 1394 245 1416 omnes
277 1385 420 1416 lautitiae
443 1391 478 1416 et
499 1387 588 1427 gulae
620 1386 833 1417 irritamenta

130 1441 221 1467 sunt.
253 1436 401 1476 Macella]
460 1438 644 1468 Macellum
673 1437 833 1476 generale

133 1487 288 1527 primum.
333 1487 400 1518 Sed
433 1492 552 1528 postea
581 1487 613 1517 in
638 1488 781 1518 macello
799 1491 834 1518 et

133 1538 346 1576 delicatiora,
380 1539 662 1580 quemadmodum
710 1540 835 1579 pisces,

133 1588 385 1620 vendebantur.
445 1591 490 1621 Et
537 1600 618 1620 sane
656 1591 834 1620 macellum

133 1639 354 1678 ἱχθυοπωλεῖον
364 1642 489 1682 potius,
505 1651 603 1683 quam
616 1643 835 1682 κρεωπωλεῖον.

133 1692 176 1721 131
194 1692 302 1730 pisces
320 1692 538 1731 peculiariter
554 1691 624 1731 ὄψα.
649 1692 783 1723 Herum.

176 1745 194 1773 4
211 1743 348 1773 ’Μαι-μη
363 1743 427 1773 sola
445 1742 574 1781 juvant]
613 1742 776 1782 Cupediae
801 1747 836 1773 et

134 1792 320 1824 dulciaria:
359 1793 525 1824 Athenaeo
557 1792 642 1823 libro
678 1795 728 1823 14.
758 1802 835 1833 cap.

133 1848 186 1875 23.
203 1854 307 1875 maza.
328 1843 462 1875 Farnab.
486 1844 631 1882 Mattea,
647 1853 723 1883 qua:
741 1843 836 1874 Grae-

136 1895 183 1924 cis
208 1893 329 1931 ματτύα
345 1895 396 1924 vel
412 1892 545 1931 ματτύη,
561 1893 718 1929 laufissae,
733 1902 834 1933 cupe-

134 1944 211 1974 diae.
237 1944 421 1974 Athenaeus
439 1944 524 1973 libro
546 1945 596 1973 14.
619 1941 758 1980 ματτύην
780 1952 836 1973 ex-

134 1996 229 2036 ponit
239 1997 300 2026 πᾶν
313 1995 351 2025 τὸ
365 1994 536 2026 πολυτελὲς
550 1993 672 2033 ἔδεσμα,
683 1995 753 2025 sive
767 1995 836 2025 sint

134 2049 243 2087 pisces
260 2048 401 2089 opipare
418 2048 538 2088 parati,
557 2048 626 2078 sive
650 2057 740 2086 aves,
765 2047 835 2078 sive

135 2098 225 2129 olera
249 2103 307 2129 aut
324 2099 402 2137 alia,
418 2109 490 2139 quae
506 2099 697 2129 minutatim
725 2099 836 2128 conci-

136 2159 171 2179 sa
199 2150 358 2180 aromatis
385 2149 606 2180 condiuntur:
633 2154 668 2179 ct
692 2159 731 2179 ea
760 2159 835 2190 qum

135 2198 327 2237 λιχνεύματα
343 2200 572 2240 appellantur.

179 2253 196 2279 5
225 2250 296 2280 Νοη
321 2259 405 2290 opus,
437 2249 508 2289 ἔξω]
554 2249 643 2281 Nolo
673 2249 835 2280 lectorem

137 2301 191 2341 qui
212 2300 364 2340 jocorum
396 2306 430 2331 et
465 2301 655 2331 acuminum
684 2300 838 2340 cupediis

137 2351 283 2382 saturari
298 2351 393 2390 velit,
408 2351 466 2381 sed
484 2352 539 2392 qui
554 2351 659 2381 solida
676 2356 838 2391 expectat

137 2401 286 2431 carmina
303 2407 337 2430 et
353 2401 479 2439 gravia,
496 2400 588 2440 qnasi
602 2406 706 2440 caput
726 2401 838 2431 convi-

138 2452 192 2482 vii.
240 2451 306 2481 Alii
329 2451 462 2491 legunt,
481 2461 567 2491 pene,
582 2456 617 2481 et
644 2451 840 2491 intelligunt

139 2500 282 2531 caudam
311 2511 368 2531 seu
390 2499 511 2531 finem:
537 2501 661 2541 placet.
705 2500 763 2541 [In
780 2501 840 2531 mi-

140 2562 212 2582 rum
229 2552 362 2582 modum
380 2552 489 2582 Notas
507 2551 663 2582 Farnabii
681 2561 755 2582 cum
772 2552 840 2581 suis

142 2602 311 2642 Notisqne
340 2603 480 2632 aliorum
512 2601 689 2632 confundit
717 2600 838 2632 Schre-

139 2652 257 2683 vellus.
301 2652 368 2683 Hic
386 2661 476 2683 suam
493 2652 616 2682 Notam
631 2650 704 2682 finit
721 2652 839 2682 Farna-

141 2701 240 2740 bius;
275 2703 331 2744 qui
349 2712 410 2742 pro
437 2704 445 2719 ‘
470 2701 603 2742 placet'
627 2702 727 2732 habet
751 2703 838 2732 ‘non

141 2752 294 2794 placen]
337 2752 404 2783 Alii
431 2753 617 2793 leg.penne,
641 2761 745 2792 genus
761 2752 840 2792 cibi,

619 176 895 206 MAR'HAMS
933 177 1091 208 lil'lGR.

1129 180 1221 208 mu.
1256 179 1303 207 x.
1472 166 1584 207 1:375

885 281 947 302 nec
962 272 1107 312 vulgaris
1124 272 1316 312 admodum,
1342 282 1403 303 nec
1433 271 1582 304 delicati.

884 323 986 353 Grut.

926 373 1028 404 EmG.
1047 382 1101 404 Lx.
1127 373 1166 404 In
1185 374 1342 404 miserum
1359 373 1585 411 literatorem,

883 424 952 465 qui,
979 434 1053 455 cum
1082 435 1146 455 non
1166 425 1305 455 liaberet
1330 428 1360 456 3.
1389 425 1587 464 discipulos,

883 474 983 514 petiit
1009 484 1027 504 a
1050 475 1260 515 Caesare'jus
1286 476 1385 506 trium
1405 475 1587 515 discipulo-

883 534 966 556 rum.
1010 525 1115 556 Jocns
1140 525 1267 564 petitus
1297 535 1316 555 a
1335 525 1413 565 jure
1430 526 1530 556 trium
1549 525 1587 554 li-

883 575 1056 614 berorum,
1071 575 1113 605 de
1130 585 1196 616 quo
1210 576 1463 615 Epigrammate
1476 578 1528 606 ¹31.
1550 580 1586 606 et

883 625 1137 665 Epigrammate
1152 628 1207 656 92.
1223 625 1281 656 lib.
1297 629 1330 656 2.

926 676 1032 707 Eme.
1047 683 1120 706 th.
1155 677 1375 706 Discessurns
1392 675 1424 705 in
1442 675 1585 715 patriam

884 726 1055 757 Martialis
1085 725 1303 757 commendat
1337 724 1454 756 futuro
1485 725 1587 764 agelli

883 776 1018 808 domino
1044 778 1211 808 tumulum
1236 777 1356 817 Erotii‚
1373 776 1494 817 puellae
1513 786 1585 806 ver-

882 827 986 858 nulae.

929 882 944 909 l
971 878 1128 918 112c‚250.]
1166 878 1255 909 Vide
1273 878 1373 918 Epig.
1403 881 1456 909 35.
1485 883 1519 908 et
1534 880 1587 909 38.

884 929 906 960 l.
924 933 954 959 5.
980 929 1069 960 unde
1096 930 1172 961 huic
1196 930 1265 960 lux.
1312 928 1488 967 Festinata,
1515 927 1586 968 ssa]

884 980 1081 1021 luminatum,
1097 990 1330 1021 praepropera.

926 1034 945 1062 2
969 1032 1070 1062 Sexta
1093 1031 1212 1072 hyems]
1246 1030 1405 1062 Nondum
1433 1029 1584 1060 absolve-

884 1088 936 1112 rat
951 1087 1086 1113 sextnm
1102 1091 1239 1113 annum.
1273 1081 1392 1121 Epigr.
1409 1083 1461 1112 35.
1478 1079 1536 1111 lib.
1553 1083 1585 1111 5.

883 1143 974 1164 vers.
991 1137 1021 1163 5.

926 1186 944 1214 3
969 1184 1132 1223 Regnator
1157 1183 1270 1223 agelli]
1319 1183 1485 1214 Dominus
1515 1182 1587 1223 agri

882 1233 993 1274 hujus,
1021 1239 1099 1274 post
1125 1234 1310 1264 discessum
1337 1243 1446 1264 meum
1478 1232 1512 1263 in
1529 1242 1588 1273 pa-

884 1284 994 1323 triam,
1008 1293 1065 1314 sen
1084 1288 1240 1315 mortem.

924 1337 945 1366 4
971 1335 1120 1366 Manibus
1132 1335 1271 1376 exiguis]
1302 1334 1440 1366 Umbrae
1465 1334 1589 1365 Erotii.

883 1387 1092 1426 Annuojusca
1107 1386 1195 1426 dato]
1220 1385 1460 1416 Anniversaria
1481 1394 1590 1423 sacra,

883 1436 1013 1474 feralia,
1049 1436 1254 1477 parentalia,
1285 1435 1327 1466 ad
1358 1435 1587 1475 sepulchrum.

884 1488 1030 1528 Pythag.
1053 1486 1130 1518 Τούς
1143 1499 1178 1517 τε
1193 1485 1412 1526 καταχθονίους
1429 1484 1504 1520 σέβε
1522 1484 1583 1514 δαί-

883 1549 989 1576 μονας,
1006 1536 1114 1576 ἔννομα
1130 1536 1237 1576 ῥέζων.
1276 1537 1361 1567 Nam
1379 1537 1523 1575 φθαρτοῖς
1538 1534 1589 1565 καὶ

877 1588 1014 1629 ιἭρωσιν
1029 1587 1184 1628 ἐναγίζειν
1195 1587 1264 1628 ἔδει,
1273 1588 1337 1618 τοῖς
1353 1585 1385 1617 δὲ
1400 1587 1487 1618 Θεοῖς
1499 1585 1588 1625 θύειν,

887 1647 925 1672 ut
939 1646 1035 1672 notat
1054 1641 1224 1671 Herodot.
1268 1639 1308 1669 In
1324 1639 1374 1669 his
1391 1638 1489 1678 nugis
1506 1638 1590 1668 liba-

886 1692 997 1721 tiones
1029 1690 1184 1732 qnaedam
1212 1687 1488 1727 effundebantur,
1515 1687 1590 1727 χοαὶ

886 1741 1026 1781 ἐχέοντο,
1041 1742 1083 1773 ad
1102 1752 1185 1782 quas
1199 1750 1315 1773 manes
1332 1739 1488 1771 defuncti
1505 1740 1589 1771 invi-

888 1794 1058 1825 tabantur.
1105 1792 1242 1830 Vinum,
1261 1792 1417 1831 mulsum,
1434 1796 1470 1822 et
1487 1797 1589 1822 caete-

886 1853 938 1874 ras
963 1844 1142 1874 libationes
1167 1842 1401 1881 defodiebant,
1427 1846 1462 1873 et
1490 1852 1590 1883 qnos-

886 1895 962 1925 dam
979 1894 1070 1924 cibos
1088 1892 1298 1924 cremabant.
1337 1892 1589 1923 Existimabant

886 1945 974 1974 enirn
1000 1942 1240 1974 defunctorum
1268 1943 1396 1974 animas
1421 1942 1462 1973 ad
1478 1943 1535 1975 bas
1552 1944 1590 1973 li·

885 1995 1039 2025 bationes
1066 1994 1225 2033 excitari,
1247 2003 1372 2036 easque
1396 1993 1495 2024 avide
1521 2004 1589 2025 sor·

887 2046 979 2084 bere,
992 2050 1026 2077 et
1041 2045 1134 2076 cibos
1150 2055 1282 2076 vorare.

928 2101 946 2128 5
971 2096 1025 2127 Sic
1040 2097 1121 2126 Lare
1143 2098 1302 2135 perpetuo,
1324 2093 1394 2134 ssa]
1429 2095 1485 2125 Sic
1506 2093 1590 2125 faci-

887 2146 958 2177 enti
977 2155 1099 2186 precor
1117 2145 1178 2176 tibi
1207 2145 1340 2176 domum
1366 2155 1440 2175 cum
1462 2143 1589 2175 familia

888 2198 1104 2233 incolumem,
1122 2205 1183 2226 nec
1210 2196 1331 2225 habeas
1357 2195 1457 2225 alium
1476 2203 1589 2234 quem-

889 2249 977 2288 piam
1001 2257 1019 2277 e
1047 2247 1113 2277 tuis
1142 2254 1240 2286 quem
1268 2245 1360 2276 fleas.
1404 2246 1462 2276 Sic
1487 2244 1587 2285 Epig.

888 2301 941 2330 28³.
959 2298 981 2327 1.
998 2300 1027 2328 6.
1043 2306 1132 2327 vers.
1150 2298 1200 2326 10.

932 2349 1034 2378 Eme.
1072 2354 1160 2377 an.
1204 2344 1350 2376 AEstivas
1393 2344 1588 2376 vacationes

891 2400 1000 2430 Poeta
1016 2399 1218 2439 proclamat,
1239 2402 1420 2437 monetque
1436 2396 1504 2427 ludi
1518 2406 1587 2427 mo-

889 2450 1075 2487 deratores,
1092 2452 1127 2478 ut
1143 2447 1300 2477 desinant
1320 2448 1452 2478 saevire.
1500 2447 1587 2477 Nam

890 2511 909 2531 a
928 2500 1021 2532 Julio
1045 2498 1086 2529 ad
1116 2497 1303 2529 Octobrem
1333 2508 1435 2539 nsque
1463 2498 1587 2528 scholae

890 2550 1081 2588 cessabant,
1094 2548 1143 2579 uti
1160 2551 1196 2578 et
1211 2548 1445 2579 Saturnalibus
1463 2548 1588 2578 Miner-

892 2601 1036 2639 valibus,
1069 2604 1104 2630 et
1136 2597 1208 2629 aliis
1239 2608 1300 2639 per
1328 2608 1450 2629 annum
1480 2597 1586 2630 feriis.

892 2651 976 2682 Rad.

932 2705 951 2732 2
977 2700 1031 2732 Sic
1046 2699 1275 2740 lefrequentes,
1290 2697 1357 2738 ἐξα]
1387 2697 1441 2728 Sic
1462 2698 1586 2729 multos

889 2751 1011 2782 habeas
1041 2750 1225 2791 discipulos
1248 2750 1421 2790 ingenuos,
1445 2749 1588 2789 nobiles,
