1866 3131
260 190 372 231 1308

260 294 433 334 Calendis,
457 292 669 334 pecuniolam
684 295 829 337 aliquam
850 296 957 337 porri-

257 345 394 386 gebant.
447 345 547 376 Ratio
577 345 676 386 hujus
706 348 959 387 superstitionis

258 400 324 432 est,
343 396 419 436 quia
435 395 603 426 calendas
619 400 654 427 et
682 406 843 427 annornm
871 398 959 437 priu-

258 447 349 486 cipia
365 447 521 486 religiose
548 447 789 478 observabant.
835 449 880 480 Et
895 458 959 478 uon

258 496 397 527 Etlmici
414 497 535 535 solum,
551 506 666 527 verum
683 503 718 528 et
731 507 772 528 ex
789 498 858 529 Dei
875 508 960 538 prte-

258 552 360 586 cepto
376 546 541 578 Israelitae
554 547 653 578 initia
668 548 833 579 mensium
845 549 961 579 obser-

258 597 397 636 vabant,
437 602 472 628 et
512 597 685 629 sacrificiis
727 598 961 630 celebrabant.

264 647 431 678 Heraldus.
481 648 630 690 Caryota]
663 649 793 680 Palmae
812 648 960 688 fructus;

260 696 379 737 Epigr.
396 700 449 729 27.
465 697 487 727 l.
504 700 552 728 13.

304 752 343 781 13
359 750 600 790 Colocasiafilo]
619 749 721 780 Fabae
738 749 963 789 AEgypfiacae,

260 810 334 842 quae
347 806 456 831 coctae
473 801 526 831 vel
544 800 757 831 manducatae
776 800 963 831 tenduntur

260 856 297 881 ut
313 851 386 881 fila:
413 851 528 892 Epigr.
545 854 596 882 57.
613 850 669 881 lib.
687 854 738 881 13.

306 904 345 933 14
361 902 461 932 Plena
477 901 588 941 magis,
603 901 668 941 Cym]
693 901 788 932 Folia
803 901 964 941 liliorum,

263 952 306 983 ab
336 953 457 983 ardore
485 953 573 984 Solis
607 952 853 993 decidentium,
884 958 964 985 sunt

262 1004 431 1035 crassiora
445 1013 543 1044 qnam
561 1009 620 1034 tua
636 1003 758 1043 phiala.

306 1056 344 1084 15
371 1053 439 1085 Nec
461 1063 554 1093 ruga,
580 1053 650 1094 ἔξω]
689 1053 900 1084 Aranearum
928 1059 963 1086 et

262 1103 466 1145 bombycum
493 1105 573 1136 telae
598 1114 665 1136 non
690 1110 771 1136 sunt
786 1105 872 1136 adeo
889 1105 964 1136 sub·

262 1155 353 1186 tiles.

308 1208 347 1235 17
373 1205 531 1244 Crassior,
547 1204 614 1245 ἔξω]
636 1205 746 1237 Fucus
764 1215 821 1237 seu
839 1207 965 1238 incrus-

263 1262 450 1289 tamentum
477 1258 579 1289 faciei
602 1263 838 1299 supertectum
855 1268 873 1289 e
890 1268 964 1290 cre·

264 1313 300 1339 ta
316 1308 400 1339 Chia
416 1308 466 1338 vel
478 1309 664 1339 Selinusia.

309 1362 348 1391 lS
375 1359 524 1400 Offensae,
546 1358 616 1399 Qu]
649 1359 843 1399 Percussae,
858 1358 964 1400 agita-

267 1415 323 1451 tae,
338 1411 428 1442 unde
446 1410 553 1441 oritur
570 1410 674 1441 bulla.

310 1465 350 1494 19
370 1462 478 1493 Vesica
489 1461 630 1502 capillos]
655 1460 847 1491 Reticulum
865 1464 967 1491 tenue

266 1514 372 1545 instar
388 1513 531 1543 vesicae:
554 1523 572 1542 a
585 1512 664 1542 canl.

309 1567 351 1595 20
376 1564 420 1594 Et
436 1566 548 1599 mutat,
571 1561 640 1602 isa]
667 1562 742 1593 Nec
759 1562 902 1594 crassior
916 1567 970 1593 est

267 1615 393 1655 phiala,
419 1623 520 1654 quam
547 1622 665 1653 spuma
695 1613 888 1653 smegmatis
912 1623 971 1643 seu

268 1665 386 1705 lixivii,
402 1675 467 1706 quo
486 1664 649 1696 Germani
666 1662 835 1694 ruffabant
848 1664 972 1701 crines,

268 1721 305 1747 et
326 1716 368 1747 ab
395 1716 444 1747 his
472 1714 562 1746 idem
587 1714 698 1745 doctae
726 1713 890 1745 Romanae
912 1713 972 1745 foe·

269 1767 385 1798 minae.

311 1820 351 1848 21
376 1817 450 1847 Hac
471 1820 553 1855 cute,
569 1815 637 1855 esa]
677 1816 754 1847 Ova
771 1825 900 1857 cygnea
916 1816 972 1846 ha-

272 1868 356 1899 beut
370 1867 475 1898 cutim
488 1876 584 1907 aeque
599 1866 747 1896 densam.

313 1921 354 1949 22
380 1918 469 1948 Talia
485 1918 603 1955 lunata,
629 1917 697 1956 ἐξα]
732 1916 882 1956 Splenia‚
907 1927 974 1948 em-

272 1970 413 2010 plastra,
426 1978 501 2010 quae
515 1968 556 1998 ad
578 1967 702 2007 splenis
726 1965 865 1997 formam
881 1968 975 1998 adhi-

272 2020 398 2051 bentur
443 2017 563 2056 fronti,
603 2021 683 2047 sunt
722 2025 818 2057 aeque
855 2017 974 2057 spissa.

273 2070 374 2110 Epig.
387 2071 440 2100 29.
457 2068 518 2099 lib.
529 2071 561 2099 2.
575 2077 662 2098 vers.
678 2069 708 2097 9.
752 2066 894 2106 Lunata]
912 2068 976 2098 Ln-

273 2125 355 2151 nata
377 2119 468 2150 frons
495 2118 632 2157 dicitur,
654 2118 744 2159 quod
768 2118 977 2159 hemicyclon

275 2180 294 2201 a
311 2170 452 2211 geminis
469 2168 679 2209 temporibus
697 2168 835 2201 efficiat.

318 2223 359 2252 23
383 2219 541 2259 Ligulam,
568 2217 638 2258 ὅπη]
670 2219 877 2258 Gladiolum‚
903 2228 978 2259 spa-

277 2271 422 2311 tliulam,
439 2270 491 2301 vel
508 2279 646 2310 parvam
662 2269 828 2310 quandam
847 2279 978 2300 mensu-

276 2332 346 2353 ram
364 2331 406 2352 ex
424 2326 579 2361 argento.
625 2320 879 2360 Epigramniate
906 2322 978 2351 120.

278 2373 366 2404 libro
384 2374 435 2404 14.

321 2426 362 2454 24
379 2423 544 2453 Cochleare
555 2446 561 2452 .
573 2421 739 2453 ,cochleam
752 2420 875 2460 ..nihifl
891 2421 978 2452 Gra-

278 2473 383 2504 (latim
409 2471 651 2504 descendendo
677 2478 841 2503 extenuat
868 2472 978 2502 Paulli

278 2534 412 2555 munus.

324 2575 427 2605 Eme.
440 2581 577 2604 xxx1v.
593 2575 610 2603 1
624 2571 849 2613 Archetypum]
862 2573 978 2613 Epigr.

281 2627 313 2656 6.
329 2633 444 2664 supra,
458 2632 546 2654 verS.
564 2625 595 2653 l.
639 2624 746 2664 Myos,
761 2623 831 2663 εμπ]
862 2624 980 2664 Sculp-

281 2675 366 2705 toris
383 2679 419 2704 et
435 2673 574 2704 artificis
591 2672 724 2704 nobilis.

325 2727 346 2755 2
371 2725 460 2759 Quod
483 2725 563 2763 sine,
585 2723 654 2764 aisa]
697 2724 733 2755 Si
759 2729 796 2756 tu
820 2725 981 2756 molestus

281 2780 473 2806 ostentator
499 2774 601 2815 absis,
622 2775 734 2816 inquit
756 2776 904 2808 Turneb.
922 2777 979 2809 lib.

726 201 866 231 NOTAE
904 202 960 231 ΨΑ
972 201 1162 231 itionum
1201 201 1247 230 IN

1008 298 1059 327 21.
1075 305 1150 336 cap.
1163 298 1217 326 24.
1235 296 1300 333 vel,
1316 295 1403 337 quod
1422 296 1548 327 factum
1566 300 1709 328 estante

1009 350 1043 377 te
1059 352 1188 384 natum,
1201 346 1256 376 vel
1278 355 1297 376 a
1313 346 1430 386 quovis
1455 346 1531 386 alio,
1556 351 1591 377 et
1606 355 1673 377 non
1691 357 1709 378 a

1010 401 1057 434 te,
1072 396 1160 436 quod
1178 397 1279 435 soles,
1296 397 1542 428 adulteratum.

1054 448 1158 477 Epio.
1187 455 1299 477 xxxv.
1345 447 1428 477 Cum
1465 448 1642 486 plurimum
1668 447 1710 478 ad

1011 506 1157 527 amorem
1177 499 1287 528 valeat
1299 506 1426 528 morum
1444 497 1641 537 similitudo,
1658 499 1712 528 vel

1011 547 1099 578 inter
1114 548 1230 578 malos.

1055 599 1159 629 Epm.
1177 607 1305 629 xxva.
1330 597 1457 628 Domus
1473 597 1544 628 haec
1559 597 1714 628 Palatina

1013 648 1157 680 Caesaris
1175 649 1276 689 digna
1292 655 1365 679 erat
1382 654 1560 689 spectatum
1585 653 1622 679 ut
1638 658 1712 688 quae

1012 699 1100 730 inter
1116 700 1298 730 nobiliores
1322 699 1412 730 orbis
1430 699 1575 730 fabricas
1593 697 1715 729 referri

1013 756 1148 790 posset;
1192 761 1290 790 quain
1326 750 1437 781 Poeta
1475 749 1714 790 Pyramidibus

1013 801 1165 840 aulisque
1184 800 1324 840 AEgypti
1348 801 1536 839 anteponit,
1551 806 1652 841 atque
1669 800 1716 830 al·

1014 851 1161 882 titudine
1199 853 1301 881 etiam
1333 852 1504 882 altissimis
1531 851 1716 882 Thessaliae

1013 901 1182 933 montibus
1199 899 1349 941 praefert.
1394 902 1574 932 Postremo
1597 907 1718 941 argute

1014 951 1211 990 concludit3
1261 961 1464 992 quamquam
1507 957 1574 982 tam
1613 957 1720 991 vasta,

1016 1000 1140 1041 ampla,
1156 1006 1190 1032 et
1217 1001 1354 1032 excelsa
1379 1006 1432 1032 est
1454 1000 1584 1039 domus,
1605 1006 1718 1032 tamen

1016 1057 1067 1083 est
1084 1052 1192 1082 minor
1210 1052 1358 1082 Domino
1374 1052 1524 1083 Caesare.
1548 1052 1631 1082 Rud.

1059 1106 1075 1133 l
1102 1103 1205 1142 Regia
1230 1103 1441 1143 pyramidum]
1485 1103 1586 1135 Quod
1619 1112 1718 1142 reges

1015 1154 1152 1194 AEgypti
1168 1154 1359 1194 pyramidas
1377 1153 1606 1185 condiderint.
1641 1154 1722 1194 Epi·

1016 1213 1155 1243 graium.
1189 1207 1216 1235 l.
1246 1204 1334 1234 libro
1372 1204 1530 1244 Spectac.
1570 1213 1657 1235 vers.
1689 1206 1719 1235 1.

1016 1254 1115 1294 Ride]
1139 1254 1215 1285 Prae
1235 1255 1299 1285 tuis
1318 1260 1511 1286 contemne.

1059 1306 1078 1334 2
1103 1305 1203 1335 Eoum
1218 1304 1363 1344 barbara]
1398 1305 1438 1336 In
1462 1305 1623 1346 AEgypto,
1646 1315 1720 1346 quae

1018 1354 1198 1386 Orientem
1222 1364 1241 1385 a
1266 1355 1413 1386 Meridie
1432 1361 1578 1396 spectat.
1622 1357 1723 1386 Mem-

1016 1405 1088 1446 phis
1102 1405 1189 1445 opus]
1231 1405 1450 1436 Nobilissima
1474 1406 1611 1446 AEgypti
1639 1406 1722 1436 civi-

1020 1463 1086 1496 tas,
1100 1456 1331 1497 pyramidibus
1347 1457 1460 1489 clara:
1484 1457 1602 1498 Epigr.
1618 1461 1648 1489 1.
1663 1457 1722 1487 lib.

1020 1508 1139 1548 Spect.

1065 1561 1083 1589 3
1107 1559 1192 1590 Pars
1216 1558 1323 1599 quota]
1360 1559 1466 1592 Quasi
1495 1558 1722 1598 dicat‚Nihil‚

1022 1614 1080 1639 aut
1095 1609 1231 1640 minima
1248 1619 1338 1650 pars,
1350 1610 1376 1639 si
1393 1610 1435 1640 ad
1449 1615 1543 1641 tuum
1561 1610 1723 1650 palatium

1023 1658 1229 1692 conferatur.
1274 1661 1456 1692 Parrhasia>
1475 1661 1560 1693 labor
1574 1661 1634 1701 est]
1658 1661 1723 1692 Pa-

1023 1711 1161 1742 latinae:
1197 1711 1256 1743 lib.
1281 1715 1312 1743 7.
1343 1712 1463 1753 Epigr.
1495 1717 1548 1743 55.
1574 1723 1661 1744 vers.
1692 1715 1723 1744 2.

1025 1761 1214 1792 Mareoticus
1237 1762 1332 1803 aulae]
1364 1763 1598 1805 AEgypfiacm,
1623 1773 1642 1795 a
1670 1773 1725 1804 pa-

1023 1812 1102 1843 lude
1120 1813 1326 1844 Mareotide.

1067 1866 1085 1892 5
1110 1863 1271 1903 Septenos,
1285 1864 1352 1904 ἐγὼ]
1379 1864 1521 1905 Septem
1539 1870 1649 1896 turres
1666 1875 1725 1906 pa-

1025 1913 1098 1944 latii
1114 1919 1266 1953 evectaS,
1280 1914 1388 1945 instar
1403 1916 1566 1947 montium
1582 1917 1725 1953 illorum,

1026 1974 1107 2004 quos
1134 1969 1313 2004 congestos
1329 1964 1486 1997 feruntur
1510 1966 1666 2006 gigantes
1692 1967 1725 1997 in

1026 2014 1146 2045 coelum
1164 2015 1340 2046 struxisse.

1069 2067 1087 2095 7
1112 2065 1338 2105 AEchera‚8,·c,]
1374 2066 1429 2097 Ita
1456 2067 1532 2097 aula
1559 2077 1725 2098 summum

1027 2120 1131 2154 caput
1149 2114 1237 2145 inter
1259 2116 1376 2146 nubila
1399 2117 1528 2157 condit,
1548 2122 1584 2148 et
1608 2118 1670 2148 sub
1691 2128 1726 2149 se

1028 2165 1123 2196 videt
1147 2165 1268 2197 Jovem
1301 2172 1474 2198 tonantem
1501 2172 1536 2199 et
1574 2174 1727 2200 meteora

1028 2216 1147 2247 mediae
1165 2217 1311 2257 regionis
1329 2218 1426 2250 aeris.
1451 2219 1573 2259 Intrat]
1597 2220 1637 2250 ld
1655 2227 1725 2252 est:

1029 2266 1083 2297 Ad
1105 2267 1225 2298 coelum
1241 2277 1347 2308 usque
1364 2268 1437 2308 ejus
1456 2279 1543 2310 apex
1557 2271 1728 2311 pertinet;

1029 2321 1077 2351 ita
1095 2324 1131 2350 ut
1147 2319 1252 2350 nubes
1270 2325 1305 2350 et
1324 2322 1473 2351 tonitrua
1494 2321 1657 2352 iuferiora
1672 2323 1728 2353 ha-

1031 2372 1121 2401 beut.
1165 2371 1221 2401 Sic
1246 2370 1374 2401 dictum
1393 2372 1539 2412 utillud,
1563 2374 1572 2390 ‘
1585 2373 1656 2404 Sub
1674 2384 1729 2414 pe-

1029 2422 1194 2462 dibusque
1211 2422 1303 2452 videt
1320 2422 1426 2452 nubes
1439 2428 1472 2452 et
1487 2423 1598 2454 sidera
1615 2424 1729 2463 Daph-

1029 2472 1104 2504 uis?
1149 2473 1217 2503 Sed
1247 2473 1321 2502 lieic
1352 2472 1517 2515 ὑπερβολή.
1564 2475 1647 2505 Cum
1669 2475 1729 2514 igi-

1031 2529 1086 2554 tur
1100 2524 1210 2554 onmia
1223 2523 1311 2554 infra
1329 2524 1530 2565 quaudoque
1549 2525 1730 2555 turbentur

1031 2579 1065 2604 et
1093 2572 1288 2604 fulminibus
1316 2578 1520 2614 terreantur,
1556 2575 1728 2615 fastigium

1032 2629 1144 2655 tamen
1163 2624 1278 2655 domus
1296 2630 1364 2655 tam
1388 2626 1532 2656 excelsae
1556 2626 1729 2656 immotum

1031 2680 1158 2713 manet,
1174 2681 1209 2706 ct
1222 2681 1320 2706 extra
1332 2678 1545 2718 tempestatis
1559 2677 1731 2718 impetum.

1034 2725 1163 2757 HeraId.

1075 2779 1095 2806 9
1119 2777 1162 2806 Et
1181 2776 1285 2817 prius]
1319 2777 1364 2808 Et
1390 2776 1561 2816 fastigium
1592 2779 1675 2810 aulae
1694 2779 1731 2809 il-
