1866 3131
422 166 470 193 M.
505 166 614 195 VAL.
648 164 922 196 MAR'rtALtS
956 165 1117 197 EPIGR.

172 258 292 290 codem
310 259 388 290 ludo
410 271 546 292 scaccum
561 264 691 292 maltum
714 259 870 298 dicimus,

170 309 202 339 id
220 316 282 349 est,
294 311 476 342 contritum
492 317 526 342 et
539 312 734 343 subactum:
761 313 770 328 ⁴
785 317 869 341 mat-

172 366 227 391 tus
242 360 250 373 '
273 361 412 403 antiqua
438 372 501 393 vox
526 367 562 393 et
589 363 723 401 Latina,
745 371 820 403 quae
836 370 868 391 e-

171 412 351 452 mollitum,
375 414 567 452 subactum,
597 420 633 446 et
661 419 868 445 maceratum

170 463 362 503 siguificat:
399 465 479 495 inde
501 466 641 495 verbum
675 466 683 481 ‘
700 463 870 502 mattare‚'

168 524 230 554 pro
244 514 422 554 domitare,
438 515 608 555 subigere,
624 520 659 546 et
676 524 866 546 macerare:

168 564 246 595 hinc
269 566 277 581 ‘
292 565 343 595 via
360 564 486 596 matta'
508 566 677 603 Ciceroni,
689 566 741 596 via
756 565 867 595 lutosa

169 620 203 645 et
217 615 397 646 humecta:
424 616 479 647 lib.
506 616 617 656 Epist.
644 615 687 647 ad
710 616 865 648 Atticum

169 674 245 696 xw.
262 666 370 705 Epist.
388 669 436 697 12.
463 667 560 705 vulgo
572 666 766 705 excuditur,
789 668 798 684 ‘
816 667 868 698 via

168 716 307 757 inepta,'
332 718 415 748 satis
440 718 577 758 inepte:
604 718 682 748 iude
712 728 772 758 per
793 719 866 749 Me-

169 768 262 808 taph.
280 768 377 798 liomo
394 769 513 807 tristis,
533 769 542 785 ‘
556 774 682 800 mattus
694 768 702 781 '
730 769 867 800 diceba-

169 823 234 849 tur.
266 819 399 850 Salmas.
460 819 566 851 Vitreo
593 821 710 850 latrone
735 820 868 861 clausos]

169 868 385 900 Latrunculis
401 878 419 900 e
438 870 527 900 vitro
549 870 721 908 discolori,
745 871 785 901 ad
803 871 868 902 (lis-

168 918 371 958 tinguendas
387 919 537 950 diversas
551 926 678 961 partes,
694 922 867 963 Epigram.

168 972 219 1000 17.
236 972 483 1002 e120.1ib.14.

211 1022 231 1050 9
256 1021 310 1050 Sic
322 1023 472 1060 palmam,
497 1022 564 1062 dc]
587 1023 644 1053 Sic
669 1023 731 1054 tibi
761 1024 866 1055 victo-

166 1069 250 1100 riam
267 1070 300 1100 in
326 1071 405 1101 ludo
434 1072 611 1112 trigonalis
638 1073 716 1112 pilae
735 1073 867 1114 adjudi-

165 1126 245 1152 cent
272 1121 365 1152 uncti
387 1127 586 1163 gymnastae.
631 1123 719 1154 Vide
745 1124 867 1164 Epigr.

166 1174 216 1203 19.
240 1171 300 1202 lib.
324 1175 356 1203 4.
402 1174 504 1212 Nudo,
520 1174 589 1213 ξω]
612 1175 720 1206 Quem
752 1175 866 1206 ludum

164 1222 247 1254 nudi
263 1223 422 1264 unctique
439 1224 659 1256 exercebant.

210 1276 247 1304 ll
274 1273 402 1314 Polybi]
427 1275 562 1305 Lusoris
586 1276 726 1316 alicujus
753 1277 867 1317 periti.

164 1324 288 1365 BIagz's]
313 1326 424 1357 Quam
441 1329 546 1356 tuam.
592 1326 763 1366 sinistras]
786 1326 867 1368 Agi-

162 1375 295 1407 litatem
316 1386 434 1407 manus
446 1377 678 1419 sinistrae,qua
693 1378 723 1408 in
735 1379 865 1419 jacien-

164 1426 207 1457 da
224 1427 494 1468 excipiendaque
508 1429 577 1467 pila
593 1438 656 1458 non
671 1429 778 1459 minus
793 1434 865 1460 ute-

163 1477 290 1508 bantur
314 1487 415 1518 quain
440 1477 573 1510 dextra.
619 1479 792 1520 Epigram.
814 1483 866 1511 84.

163 1527 222 1558 lib.
241 1530 292 1558 12.

213 1581 249 1609 12
279 1578 317 1609 Si
346 1579 516 1619 qnisquam,
544 1579 613 1619 &NJ
652 1581 711 1619 Ut,
737 1581 762 1611 si
792 1581 866 1622 quis

163 1628 294 1659 famosa
309 1635 345 1660 et
362 1629 526 1660 maledica
542 1631 700 1661 Carmina
713 1631 775 1662 sub
792 1642 867 1665 meo

164 1679 299 1710 nomine
316 1679 464 1710 ediderit
480 1680 627 1721 mihique
640 1682 868 1724 rescripserit,

167 1729 394 1768 patrocineris
437 1730 532 1767 milii,
566 1739 688 1772 meque
724 1742 866 1764 asseras.

163 1780 253 1810 Yitle
273 1780 390 1821 Epigr.
409 1783 458 1811 11.
475 1790 587 1820 supra.

209 1831 317 1861 Eme.
345 1839 476 1861 nxxm.
510 1831 549 1860 In
569 1831 754 1863 Maximum
779 1833 868 1865 ludit

165 1880 317 1920 pluribus
335 1880 367 1909 iu
385 1880 466 1910 locis
482 1879 700 1912 habitantem.

212 1933 224 1960 1
252 1930 336 1960 Colle
351 1929 479 1970 Dz'anoe]
506 1930 543 1960 In
557 1936 671 1962 monte
682 1931 866 1973 Aveutvinm

163 1980 257 2020 cujus
282 1980 455 2011 summitas
482 1981 587 2012 habet
614 1983 778 2023 templum
807 1984 865 2015 Di-

163 2040 246 2061 anae.
273 2031 390 2071 Epigr.
405 2034 457 2062 64.
476 2031 534 2062 lib.
553 2033 585 2063 6.
602 2041 689 2063 vers.
708 2036 759 2065 13.

206 2083 226 2112 2
249 2082 293 2112 Et
323 2084 378 2112 tua
404 2082 569 2121 patricius,
598 2082 668 2123 ὅπη]
713 2084 867 2126 Suntque

164 2131 227 2162 tibi
244 2132 336 2162 aedes
363 2132 396 2162 in
422 2132 498 2163 vico
525 2133 587 2164 sub
613 2134 793 2175 Exquiliis,
809 2136 864 2167 ubi

164 2180 302 2212 Servius
318 2181 447 2212 Tullius
469 2183 573 2223 jussit
600 2185 760 2224 patricios
774 2186 864 2218 liabi-

163 2236 246 2262 tare.

207 2283 226 2311 4
251 2281 338 2312 Hinc
352 2282 467 2322 viduae,
479 2283 546 2323 Sym]
570 2284 624 2316 Ex
641 2284 739 2317 domo
757 2292 815 2318 tua
832 2287 864 2318 in

166 2332 332 2372 Exquiliis
347 2333 389 2363 ab
407 2333 515 2364 altera
529 2340 628 2372 parte
643 2336 738 2367 vides
757 2338 865 2369 aedem

164 2382 282 2412 Vestae
300 2388 335 2412 et
351 2384 557 2423 Capitolium
575 2395 708 2419 novum.
756 2389 806 2419 Ex
822 2399 866 2420 ae-

164 2431 262 2462 dibus
277 2432 342 2462 tuis
360 2432 392 2462 in
410 2432 582 2465 Aventino
599 2437 765 2476 prospicis
782 2444 866 2469 tem-

164 2483 258 2523 plum
287 2482 433 2522 Cybeles
461 2488 498 2514 et
524 2484 730 2524 Capitolium
757 2494 866 2519 vetus.

166 2532 308 2574 Cybeles]
333 2533 445 2564 Deum
457 2535 576 2565 matris
588 2537 750 2576 templum
765 2538 865 2570 intel-

165 2584 245 2624 ligo.

206 2637 226 2664 4
250 2634 327 2664 Inde
352 2634 477 2674 novum]
501 2635 551 2665 Ex
569 2636 744 2678 Exquiliis.
805 2640 862 2671 Ve-

164 2688 260 2716 terem
276 2684 361 2724 inde]
386 2686 436 2715 Ex
454 2685 636 2719 Aventino.

200 2739 220 2766 6
245 2736 402 2776 Quisquis,
415 2735 484 2775 Sym]
507 2738 515 2754 ‘
533 2738 707 2779 Nusquam
723 2744 784 2778 cst,
803 2742 859 2781 qui

1152 168 1244 197 Lm.
1279 170 1363 202 iii.
1508 162 1619 203 1293

919 258 1045 299 ubique
1061 260 1138 291 est.’
1163 262 1281 294 Senec-
1297 267 1328 294 2.
1347 265 1458 304 Epist.

963 310 1070 340 Eme.
1085 319 1209 343 Lxxn'.
1230 317 1243 343 l
1272 315 1412 355 Cyllenes
1426 316 1553 357 coelique
1566 320 1617 349 ‹le-

918 359 986 400 cus]
1010 361 1139 392 Montis
1158 363 1330 403 Arcadian,
1358 366 1389 396 in
1406 377 1471 408 quo
1491 369 1582 400 Maia
1601 380 1620 400 a

918 412 1006 444 Jove
1033 423 1238 453 compressa.
1297 418 1440 449 Facundo
1463 420 1620 460 minister]

921 463 1070 501 Nuncie,
1085 463 1233 505 διάκτορε.

960 517 980 545 2
1006 514 1121 554 Aurea,
1146 517 1213 557 iffa]
1249 517 1316 550 Qui
1342 519 1427 557 geris
1455 519 1618 552 caducum

918 564 1123 597 draconibus
1153 569 1234 598 mari
1259 573 1294 600 et
1324 568 1460 601 foemina
1489 571 1619 602 involu-

917 621 1000 646 tum.
1277 629 1280 632 ’

959 669 978 697 3
1003 667 1129 698 Lascim·
1158 668 1262 709 furti]
1301 670 1453 701 Callidus
1482 672 1619 712 quidem

916 715 985 748 suit
1010 718 1119 749 Merc.
1147 721 1154 734 ‘
1170 720 1333 761 quicquid
1352 722 1619 763 placuit,j0coso

919 767 1080 800 Condere
1095 768 1192 801 furto
1205 769 1225 801 :’
1258 770 1312 801 hic
1330 775 1442 802 tamen
1466 773 1475 789 ‘
1494 774 1623 804 lasciva

917 817 1009 850 furta
1021 819 1030 832 ’
1054 820 1226 860 intelligas
1247 822 1256 838 ‘
1269 822 1463 864 adulteria‚’
1479 829 1621 864 propter

918 879 1050 900 versum
1067 876 1278 911 sequentem.

962 925 980 952 5
1006 922 1233 963 Maternoeque,
1249 923 1320 963 Syna]
1348 924 1621 967 Celebreturque

918 973 1040 1003 natalis
1058 979 1134 1004 tuus
1150 973 1238 1005 Idib.
1256 974 1370 1014 Maiis,
1386 980 1620 1017 ornentur-que

919 1028 1033 1062 postes
1058 1023 1234 1055 frondibus
1259 1029 1296 1056 ut
1321 1025 1354 1056 in
1381 1024 1490 1057 festis.
1528 1026 1619 1057 Vide

919 1074 1019 1113 Epig.
1036 1077 1088 1105 68.
1107 1074 1165 1106 lib.
1183 1078 1233 1106 12.
1249 1085 1332 1106 vers,
1351 1079 1380 1107 1.

960 1126 981 1153 6
1005 1124 1051 1153 Et
1064 1125 1180 1164 senior,
1192 1124 1262 1165 lya]
1298 1126 1341 1156 Et
1366 1126 1488 1158 coelum
1512 1125 1621 1169 (quod

917 1174 1083 1204 sustinere
1099 1175 1244 1215 dicitur)
1267 1181 1389 1217 urgeat
1409 1187 1508 1208 avum
1525 1183 1618 1208 tuum

918 1223 1214 1264 Atlanta,miuore
1230 1226 1392 1267 pondere.

960 1279 980 1306 8
1004 1276 1133 1316 Primis,
1149 1276 1217 1316 εγω]
1257 1278 1324 1309 Qui
1349 1278 1422 1309 dies
1450 1278 1518 1309 illis
1535 1288 1622 1318 nup-

918 1326 1020 1357 italis.

959 1380 980 1407 9
1004 1377 1070 1408 Hic
1083 1377 1184 1418 prius,
1199 1378 1268 1418 25⁴0]
1294 1378 1452 1420 Namque
1467 1379 1522 1409 hic
1538 1378 1622 1410 colit

916 1428 1119 1467 sapientiam
1139 1434 1173 1459 et
1200 1428 1441 1469 eloquentiam,
1458 1429 1555 1470 cujus
1583 1434 1619 1459 tu

916 1478 1013 1510 Deus
1029 1489 1084 1510 es:
1109 1484 1144 1509 et
1160 1479 1315 1510 minister
1336 1479 1422 1510 fidus
1436 1485 1489 1510 est
1506 1485 1620 1510 nostro

915 1528 996 1560 Jovi
1010 1529 1221 1569 Domitiano,
1239 1534 1277 1560 ut
1294 1534 1328 1560 tu
1347 1530 1479 1560 coelesti
1496 1530 1556 1560 ini.

961 1579 1066 1609 Eme.
1098 1588 1223 1610 Lxxw.
1265 1579 1496 1610 Philomusum
1530 1590 1620 1611 scur-

918 1638 987 1659 ram
1005 1630 1169 1669 ostendit,
1186 1631 1241 1671 qui
1270 1640 1336 1661 non
1365 1631 1440 1670 viri,
1466 1631 1524 1662 sed
1551 1642 1620 1663 mo-

918 1680 1019 1709 rionis
1036 1680 1145 1711 locum
1172 1687 1321 1721 occupet
1344 1682 1434 1722 apud
1463 1692 1620 1723 proceres

918 1730 1097 1760 Romanos.

960 1782 975 1810 1
1003 1780 1044 1810 Te
1068 1780 1236 1820 diripiunt,
1259 1781 1326 1821 850]
1361 1782 1530 1815 Comitem
1562 1785 1616 1816 lia-

917 1830 998 1860 bere
1014 1831 1172 1861 certatim
1190 1832 1341 1874 cupiunt.

958 1883 978 1911 6
1003 1881 1149 1912 Delectas
1175 1882 1366 1923 Phitomuse]
1406 1884 1475 1915 Pro
1504 1895 1621 1917 scurra

916 1937 950 1963 et
967 1933 1117 1963 morione
1134 1934 1279 1972 haberi&
1307 1946 1371 1966 uon
1400 1947 1461 1977 pro
1486 1938 1593 1969 amico
1611 1951 1618 1969 :

916 1984 951 2015 δι’
964 1984 1072 2021 ἡδονὴν
1087 1985 1126 2015 ὡς
1138 1983 1338 2026 εὐτράπελον,
1351 1987 1385 2017 οὐ
1398 1987 1477 2018 κατὰ
1489 1989 1620 2019 σεαυτὸν

916 2035 967 2066 καὶ
982 2035 1021 2066 ὡς
1033 2034 1125 2075 φίλον
1140 2035 1170 2066 σ’
1185 2036 1337 2074 ἀγαπῶσι.
1382 2036 1492 2069 Arist.
1509 2042 1540 2070 8.
1559 2039 1619 2070 Ni-

917 2096 1003 2117 com.
1021 2087 1100 2118 Eth.
1118 2096 1195 2127 cap.
1211 2090 1241 2118 3.

959 2138 1063 2168 Eme..
1090 2145 1231 2168 Lxxvn.
1272 2137 1480 2169 Illiberalem
1497 2143 1533 2170 et
1548 2150 1617 2170 sor-

916 2187 1032 2217 didum
1050 2187 1195 2218 animum
1212 2188 1335 2219 Tuccae
1352 2188 1518 2220 declarat.

960 2239 1063 2268 Eme..
1092 2246 1252 2270 Lxxvm.
1303 2239 1417 2269 Docet
1457 2239 1614 2280 Papilum

917 2289 1071 2327 stultum,
1088 2288 1145 2328 qui
1161 2288 1244 2318 velit
1261 2288 1368 2318 videri
1391 2289 1502 2320 lautus
1519 2288 1617 2329 foris,

916 2345 953 2370 et
975 2339 1064 2370 domi
1085 2344 1197 2378 egeat,
1218 2339 1305 2369 bona
1322 2348 1381 2369 sua
1404 2339 1477 2370 aliis
1495 2341 1616 2381 largia-

917 2397 984 2429 tur,
1000 2395 1036 2420 ut
1053 2390 1127 2430 ipse
1145 2393 1272 2419 careat.
1299 2388 1381 2419 Rad.

960 2443 975 2470 l
1001 2438 1170 2479 Saxetani]
1198 2439 1262 2469 Vel
1279 2438 1445 2469 Sexitani:
1469 2448 1488 2469 a
1504 2441 1616 2480 patria

916 2490 1059 2527 Baetica,
1086 2494 1123 2520 ut
1150 2488 1258 2529 iuquit
1287 2489 1416 2519 Plinius
1446 2489 1532 2520 libro
1561 2494 1614 2522 32.

915 2540 1029 2580 capite
1046 2542 1097 2570 ll.
1115 2545 1150 2569 et
1170 2538 1353 2569 Athenaeus
1378 2538 1434 2569 lib.
1458 2542 1489 2571 3.
1516 2550 1545 2573 c.
1560 2545 1614 2574 33.

914 2589 1057 2629 Lucet-ti]
1081 2588 1243 2619 Vilissimi
1258 2589 1371 2628 piscis.

955 2643 974 2671 2
993 2639 1135 2677 Couchis‚
1147 2639 1216 2679 ἅικ]
1241 2639 1374 2670 Viritlcs
1388 2638 1491 2679 fabae,
1505 2650 1613 2683 neque

913 2700 961 2721 eae
977 2691 1051 2720 oleo
1069 2688 1228 2729 perfusae.

955 2744 972 2770 :3
996 2739 1125 2779 Swncn]
1161 2739 1305 2780 Papium
1333 2749 1460 2780 porcas,
1489 2751 1506 2770 a
1530 2742 1610 2773 fictu
