1866 3131
234 150 348 191 1410

236 262 301 296 tor,
319 256 456 287 missum
473 266 491 287 e
508 256 592 287 sella
603 255 781 296 suspendit
797 267 804 287 :
823 254 938 286 fluxit-

237 318 301 349 que
318 318 390 339 mos
414 309 467 339 bic
499 318 517 338 a
544 307 697 344 Nerone,
721 307 790 349 qui,
812 307 938 347 populo

236 359 359 390 missus
371 357 567 399 flagitante,
584 368 739 398 mappam
755 367 816 398 per
827 357 938 388 fenes-

237 409 439 450 tramjussit
455 409 568 449 abjici.
620 408 814 439 Cassiodor.
833 407 890 438 lib.
907 410 937 438 3.

237 460 318 491 Var.
343 460 411 491 Sed
423 465 456 490 et
478 460 487 476 ‘
500 469 656 500 mappam
667 459 676 473 '
691 459 852 490 usitatum
870 459 940 490 Cir-

236 520 409 542 conomen
427 510 556 541 Paerios
575 510 638 540 sibi
656 509 855 541 vendicasse
874 515 940 540 tes-

237 558 330 591 tatu'r
359 560 484 591 Fabius
513 561 659 593 Quintil.
684 560 743 590 lib.
762 563 791 590 1.
809 569 884 599 cap.
907 562 940 590 9.

237 611 386 651 Illittere]
411 612 566 652 Mittere,
582 610 787 652 quandoque
812 610 939 650 simpli-

236 663 334 694 citer.
370 662 440 693 Sed
458 667 493 693 et
507 663 584 704 equi
609 664 617 679 ⁵
632 661 742 692 mitti'
767 661 941 691 dicuntur.

238 715 284 746 Et
314 714 363 745 ita
394 723 525 755 quoque
553 714 673 752 ἀφεῖναι
706 712 819 743 Graeci
853 711 941 742 acci·

237 764 335 804 piunt
352 774 359 794 ε
385 764 472 793 unde
489 768 524 794 et
550 766 559 780 ⁴
576 763 739 794 Carceres
753 762 760 774 ’
782 761 940 802 ἀφετήρια.

242 815 358 846 Gloss.
385 817 394 832 ‘
409 814 546 853 Missus,
562 812 705 852 ἂφεθείς.’

282 869 320 896 10
337 865 497 905 Surripit]
514 865 708 905 Legendum
722 863 860 893 videtur
874 872 940 893 sar-

233 917 325 955 puit:
349 925 384 947 et
402 925 480 946 vero
503 915 619 946 allusit
644 915 718 945 Pal.
735 915 768 945 in
785 924 851 954 quo
873 923 940 944 sur·-

235 969 354 1007 ripnit:
381 966 469 1007 quod
487 967 597 996 versui
621 965 738 996 officit.
775 966 942 996 Gruterus.

238 1018 278 1048 Iu
299 1017 523 1047 Pircheimeri
550 1016 668 1047 codice
687 1017 788 1056 plane
805 1015 941 1055 legeba-

238 1075 305 1107 tur,
320 1068 455 1109 surpuit.

282 1122 318 1149 11
362 1120 521 1149 Attulerat
558 1128 702 1158 mappam
740 1127 838 1153 uerna,
874 1117 942 1157 ἔξω]

237 1170 383 1210 Mappas
408 1179 483 1199 suas
510 1169 552 1200 ad
578 1169 734 1200 convivia
753 1168 943 1200 afferebant

236 1221 526 1261 siuguli‚mautele
539 1221 739 1250 convivator
752 1220 942 1260 praebebat.

237 1271 334 1301 Inter
351 1281 491 1311 mappas
510 1271 599 1301 enim
617 1276 652 1301 et
680 1271 842 1301 mantelia
861 1276 942 1302 tuuc

237 1322 402 1362 temporis
428 1322 489 1352 lioc
504 1321 690 1352 discrimen
707 1321 940 1352 statuebatur:

237 1379 275 1404 ut
309 1377 318 1390 ⁶
334 1372 517 1404 mantelia’
564 1373 690 1403 mensis
735 1372 944 1412 operiendis,

234 1424 412 1464 ‘mappae'
453 1424 605 1454 manibus
632 1423 806 1463 tergendis
844 1433 942 1453 usum

236 1475 433 1515 praeberent
447 1486 454 1506 :
469 1484 545 1505 nam
567 1476 575 1491 ‘
587 1484 720 1514 mappae
732 1473 740 1485 ’
756 1480 852 1504 eraut
869 1474 941 1504 bre-

237 1525 290 1557 via
322 1526 438 1561 lintea,
464 1535 546 1566 quas
575 1525 718 1566 quisque
755 1534 869 1555 secum
899 1524 940 1554 ad

235 1577 431 1606 convivium
447 1574 607 1606 ferebat:
630 1575 852 1606 inveniebant
869 1576 941 1616 qui-

236 1626 312 1657 dem
330 1626 420 1666 apud
439 1626 609 1657 dominum
629 1626 775 1656 convivii
792 1635 941 1656 mensam

236 1678 375 1709 maureli
399 1679 604 1716 instratam3
629 1677 688 1708 sed
713 1678 941 1718 unusquisque

237 1738 394 1768 mappam
420 1738 516 1759 suain
532 1727 717 1759 afferebat:
743 1728 833 1769 quod
863 1738 940 1759 con-

235 1785 304 1809 stat
333 1789 375 1809 ex
406 1779 469 1809 hoc
486 1779 743 1819 Epigrammate
772 1779 941 1809 Martialis

237 1831 269 1859 iu
298 1830 550 1869 Hermogenem
568 1839 768 1870 mapparum
784 1839 941 1869 magnum

236 1881 361 1911 furem:
390 1879 536 1920 quodam
550 1890 632 1920 ergo
649 1880 717 1919 die,
731 1890 833 1920 quum
855 1879 941 1910 furis

237 1937 330 1961 metu
346 1940 445 1960 nemo
457 1940 499 1961 ex
515 1931 666 1961 convivis
679 1940 836 1970 mappam
851 1935 941 1960 attu-

238 1982 332 2012 lisset
350 1981 390 2011 ad
410 1981 442 2012 id
459 1981 665 2018 convivium,
683 1982 736 2012 cui
753 1982 808 2011 ille
838 1981 940 2011 debe-

239 2032 295 2062 bat
313 2033 490 2071 iuteresse,
505 2041 581 2062 cum
612 2031 694 2061 nibil
713 2037 826 2071 posset
845 2040 939 2070 map-

239 2092 355 2122 parum
385 2082 566 2122 surripere,
587 2083 739 2112 mantele
755 2082 866 2121 ipsnm
889 2080 939 2111 fu-

238 2138 330 2163 ratus
348 2137 409 2171 est,
432 2142 498 2173 quo
526 2142 643 2163 mensa
669 2136 742 2163 erat
774 2132 938 2162 instrata:

238 2182 330 2213 Hine
361 2186 512 2227 ‘mappas
543 2182 691 2221 breves,'
720 2182 830 2213 eidem
847 2183 939 2212 Mar-

239 2235 312 2265 tiali
332 2234 507 2264 ἐπιθετικῶς
519 2233 757 2274 appellantur:
777 2235 786 2249 ‘
803 2233 847 2263 Et
864 2233 939 2263 vani

236 2285 401 2325 triplices,
412 2284 603 2325 brevesque
620 2282 774 2324 mappae.'
795 2283 927 2315 Salmas.

282 2338 319 2366 13
343 2335 547 2374 Distriugere
563 2334 670 2375 lectos]
694 2335 861 2365 Bracteas
889 2345 940 2365 ar-

236 2387 330 2426 genti
346 2387 445 2418 lectis
470 2387 649 2418 deradere.
695 2387 867 2426 Epigram.
885 2389 939 2418 33.

237 2437 297 2468 lib.
320 2440 350 2469 8.
376 2447 462 2468 vers.
484 2442 515 2468 5.
561 2438 624 2468 vel
650 2437 758 2467 lectos
782 2438 940 2476 stragulis

240 2487 380 2526 nudare,
396 2488 570 2529 plagisque
587 2492 640 2528 (ut
656 2487 791 2528 quidam
811 2487 941 2528 legunt)

241 2538 429 2577 discingere.

281 2592 319 2619 14
344 2589 445 2619 Pedes
463 2599 522 2619 non
537 2589 640 2625 timet,
661 2587 729 2628 ζα]
754 2588 940 2618 Eburneos.

238 2638 355 2678 Epigr.
388 2641 440 2670 43.
468 2639 525 2670 lib.
553 2642 585 2670 2.
619 2642 751 2670 versv.
770 2639 822 2669 vel
848 2648 939 2669 men—

237 2697 347 2718 sarum
366 2689 508 2729 pedibus
522 2689 697 2731 >deradere
717 2688 873 2720 bracteas
889 2698 940 2719 ar-

236 2738 341 2777 genti.

700 159 842 190 No'rAE
875 159 1143 190 VARIORUM
1179 159 1228 189 ΙΝ

1034 258 1072 285 15
1097 254 1296 294 Spectacula]
1318 254 1586 294 Spectatoresin
1602 254 1694 285 thea-

991 305 1063 337 tris.

1034 359 1074 387 16
1102 357 1187 398 Vela]
1210 357 1297 388 Vela
1319 357 1353 388 in
1383 355 1524 387 theatris
1555 355 1597 386 ad
1622 365 1693 386 um·

991 408 1085 438 bram
1102 406 1293 438 faciendam
1322 407 1490 446 adhibita,
1517 405 1693 437 docuimus

991 459 1110 499 Epigr.
1134 461 1186 489 39.
1215 458 1273 488 lib.
1289 461 1319 489 9.
1345 467 1432 488 vers.
1449 460 1481 488 6.
1527 457 1692 487 Reducun-

991 512 1054 547 ίαν,
1075 508 1143 548 ἅμ]
1170 508 1223 538 Ne
1239 508 1468 548 surripiantur
1484 507 1527 538 ab
1544 507 1663 538 Herm.

1036 562 1076 590 18
1098 560 1214 590 Paruit
1231 559 1458 598 Hermogenes]
1481 557 1663 598 Apparuit.

1036 613 1075 640 19
1099 610 1245 649 Linigeri
1267 609 1401 648 fugiunt
1423 609 1515 647 calvi,
1537 608 1607 649 Esau]
1631 608 1694 639 Isi-

993 660 1044 691 dis
1058 661 1255 691 sacerdotes
1272 661 1352 698 rasi,
1368 661 1483 690 linteae
1500 659 1605 689 vestis
1617 668 1695 689 can-

993 711 1073 741 dore
1090 721 1175 751 puro
1192 711 1319 749 amicti,
1337 716 1373 741 et
1389 715 1565 751 gestantes
1582 711 1696 750 sistra,

994 762 1025 792 id
1043 766 1108 801 est,
1125 763 1337 802 crepitacula
1353 772 1396 792 ex
1415 771 1482 792 aere
1500 768 1558 792 aut
1576 770 1699 801 argens

994 818 1029 843 to
1047 813 1190 851 tinnula,
1207 823 1225 842 a
1246 812 1328 843 σεὶω.

1035 866 1072 894 21
1100 864 1152 895 Ad
1178 874 1293 894 coenum
1322 863 1551 903 Hermogenes]
1587 864 1695 904 Supra

994 924 1080 945 verS.
1098 917 1148 947 11.

1037 967 1139 997 Eme.
1172 974 1263 996 xxx,
1303 968 1322 996 2
1349 966 1422 996 Non
1450 965 1598 1005 amicum]
1628 966 1695 998 Qui

993 1016 1135 1046 amicum
1154 1017 1229 1047 volo
1243 1017 1412 1047 madidum
1425 1022 1458 1047 et
1471 1016 1614 1055 ebrium,
1627 1026 1695 1047 ser·

995 1077 1072 1097 vum
1090 1067 1218 1097 siccum
1232 1072 1266 1097 et
1283 1067 1443 1098 sobrium.

1036 1118 1142 1149 Er’rG.
1159 1126 1263 1148 xxxr.
1290 1121 1304 1148 1
1333 1118 1403 1148 Hoc
1418 1117 1537 1157 nemus]
1561 1117 1695 1148 Laudat

995 1168 1111 1199 hortos
1139 1169 1266 1205 uxori&
1298 1168 1359 1199 sibi
1391 1169 1507 1199 reduci
1539 1169 1694 1199 donatos.

998 1220 1133 1250 Textilis
1159 1220 1281 1259 umbra]
1314 1220 1499 1250 Paluiitum
1534 1221 1623 1251 inter
1660 1230 1695 1250 se

994 1276 1225 1301 consertorum
1254 1270 1342 1301 foliis
1364 1271 1516 1302 umbram
1534 1272 1697 1311 jacienti·

994 1321 1069 1353 bus.

1036 1374 1056 1402 2
1081 1372 1302 1412 Dttctile,85-c.]
1334 1371 1581 1411 Aqnaeductus.

1038 1425 1055 1452 3
1080 1422 1193 1460 Bifero
1215 1432 1349 1460 cessura,
1379 1423 1449 1463 δῖα]
1488 1423 1605 1462 Epigr.
1640 1425 1693 1453 42.

995 1473 1054 1504 lib.
1069 1477 1100 1504 4.
1121 1484 1208 1505 vers.
1224 1477 1275 1505 10.

1037 1527 1056 1554 4
1079 1525 1158 1554 Jani
1174 1524 1290 1564 mense]
1313 1524 1488 1556 Januario.

1037 1577 1057 1604 6
1080 1574 1206 1605 Similes
1220 1574 1305 1614 ares]
1322 1575 1494 1605 Candidas
1507 1575 1695 1607 columbas.

996 1625 1139 1656 Candida
1163 1625 1276 1666 turris]
1301 1626 1567 1657 Columbarium.
1604 1626 1693 1656 ·Ad-

994 1677 1095 1716 spicis
1127 1682 1164 1708 ut
1191 1678 1329 1707 veniant
1361 1677 1402 1707 ad
1427 1677 1572 1707 candida
1602 1683 1695 1708 tecta

995 1728 1160 1759 columba¹
1174 1727 1197 1758 ξ’
1223 1728 1367 1759 Ovidius
1384 1729 1485 1760 Trist.
1504 1731 1532 1758 1.
1552 1729 1602 1758 El.
1618 1731 1651 1759 8.

1036 1782 1055 1810 7
1082 1779 1244 1819 Dominae]
1269 1780 1396 1811 Uxoris
1410 1789 1507 1810 meae.
1554 1779 1694 1819 Septima

993 1830 1092 1859 lustra
1107 1830 1244 1870 reverso]
1268 1830 1383 1860 Annos
1401 1832 1451 1861 35.
1469 1831 1613 1860 lustrum
1639 1840 1696 1860 au-

993 1884 1062 1909 tem
1079 1879 1132 1910 hic
1148 1881 1538 1920 capit11r‚utEpigram.
1563 1884 1616 1912 38.
1633 1881 1693 1911 lib.

995 1933 1044 1960 10.
1065 1939 1125 1970 pro
1142 1933 1173 1962 5.
1189 1931 1308 1961 aunis:
1334 1936 1372 1962 ut
1388 1937 1485 1972 patet
1508 1941 1548 1962 ex
1577 1932 1694 1972 Epigr.

995 1982 1065 2010 103.
1081 1980 1137 2010 lib.
1158 1983 1208 2011 10.
1225 1991 1312 2011 vers.
1330 1985 1361 2012 7.

1035 2032 1055 2059 9
1077 2029 1113 2060 Si
1145 2030 1222 2060 mihi
1249 2031 1418 2069 Natesione,
1447 2031 1517 2071 ἔχω]
1550 2032 1583 2061 Si
1614 2033 1693 2062 milii

992 2079 1126 2111 Alcinoi
1142 2080 1209 2111 filia
1222 2081 1426 2112 concederet
1440 2082 1543 2122 patris
1556 2083 1604 2112 sui
1623 2084 1694 2122 pul-

993 2131 1177 2161 cherrimos
1201 2131 1328 2163 hortos.

1034 2182 1141 2212 EPIG.
1155 2190 1278 2212 XXXII.
1296 2182 1489 2220 Vacerram,
1502 2182 1638 2213 divitias
1653 2184 1694 2213 si-

992 2232 1190 2271 mulantem,
1226 2232 1500 2264 mendicabulum
1539 2234 1693 2264 omnibus

991 2284 1169 2315 ridendum
1187 2285 1348 2316 ostendit.

1037 2338 1053 2365 1
1076 2335 1245 2373 Juliarum,
1269 2335 1339 2375 &ct-'j
1362 2336 1560 2376 Migrabant
1583 2346 1600 2366 e
1618 2347 1696 2367 con·

992 2384 1102 2416 ductis
1116 2385 1258 2424 aedibus,
1274 2385 1439 2417 Kalendis
1451 2387 1563 2418 juliis.

1034 2438 1052 2466 3
1079 2437 1167 2471 Quas
1181 2447 1241 2467 non
1264 2441 1411 2476 retentas,
1435 2437 1503 2477 lym]
1527 2439 1618 2470 Quas
1650 2449 1692 2468 ae-

991 2487 1082 2518 dium
1101 2487 1253 2518 dominus
1276 2487 1363 2518 haud
1393 2489 1548 2528 dignatus
1575 2496 1625 2519 est
1643 2499 1692 2520 re—

991 2538 1100 2568 tinere
1125 2547 1184 2577 pro
1215 2539 1374 2569 mercede
1397 2540 1494 2570 celiae
1520 2549 1581 2578 per
1600 2539 1691 2570 bieu-

992 2590 1081 2619 nium
1110 2589 1171 2619 tibi
1203 2590 1333 2620 locatae.
1386 2590 1507 2630 Neque
1523 2591 1608 2620 enim
1628 2590 1690 2619 uisi

992 2649 1034 2669 ex
1053 2638 1178 2669 biennii
1203 2639 1393 2669 cessatione
1409 2640 1558 2670 retentio
1573 2640 1690 2679 pigno-

992 2699 1064 2719 rum
1089 2694 1173 2720 erat·
1197 2689 1347 2720 Turneb.
1369 2690 1426 2720 lib.
1459 2692 1509 2720 30.
1535 2699 1611 2729 cap.
1637 2692 1689 2719 20.

994 2740 1153 2780 Cujacius
1171 2739 1212 2769 ad
1234 2739 1365 2770 Novell.
1381 2743 1410 2771 7.
