1866 3131
275 148 388 189 1295

318 255 336 283 7
362 251 553 292 Draconem]
571 251 752 291 Pieraeque
768 251 976 282 mulierculae

276 305 376 337 Rom.
401 305 434 334 in
452 303 582 334 deliciis
604 302 772 334 habebant
785 308 976 343 serpentes,

276 356 398 398 quibus
426 364 462 385 se
488 354 519 384 in
548 354 677 384 aestivis
695 354 864 385 mensibus
880 352 978 384 refri-

277 410 451 447 gerarent.
494 404 617 435 Senec.
640 406 671 435 3.
693 403 735 434 de
753 403 821 435 Ira.
839 404 977 435 Lucian.

276 457 311 487 in
326 455 536 487 Alexandro.
553 455 692 486 Sueton.
707 455 820 486 Tiber.
837 464 911 495 cap.
925 457 979 485 72.

277 507 369 537 Plin.
386 506 447 537 lib.
461 509 513 537 29.
529 515 606 546 cap.
623 508 655 537 4.

321 560 340 588 8
354 557 598 598 Luscirziae,85c.]
615 557 725 590 Quam
745 557 855 588 vivam
872 557 904 587 in
922 557 980 587 de-

275 608 361 639 liciis
376 608 557 646 habuerat,
582 613 727 639 mortuae
744 608 909 639 tumulum
925 617 981 637 ex.

279 659 399 697 truxit‚
415 663 453 689 ut
465 668 612 689 mnrenae
632 658 786 689 Crassus.

321 713 342 741 9
366 709 532 750 Cupidinei
545 708 692 749 Lubycoe]
711 707 871 748 Cupidini
888 707 980 748 paris

279 760 388 802 pueri.
424 760 518 791 Amet
533 759 602 799 ora]
625 760 820 800 Quisquam,
842 758 895 788 vel
909 758 981 797 ipse

279 812 412 843 amem?

323 863 430 894 Eme.
449 870 631 893 Lxxxvm.
660 860 701 891 In
717 859 830 891 Gallia
847 867 982 900 quoque

280 924 317 945 se
336 914 407 954 jam
424 913 490 953 legi
507 912 682 953 gloriatur.

323 968 343 996 2
382 965 501 995 Vienna
537 962 624 1002 suas]
662 961 886 1002 Allobrogum
924 970 983 991 seu

283 1016 404 1047 Galliae
433 1013 664 1046 Narbonensis
696 1013 795 1044 urbs:
829 1021 895 1043 non
923 1011 983 1042 illa

282 1065 444 1097 Austriae.

323 1119 344 1146 6
370 1116 433 1151 Qui
451 1114 575 1153 Nilum,
592 1113 663 1153 25·c.]
686 1111 915 1143 Remotissimi
930 1110 984 1142 [Ἐ-

284 1167 429 1207 thiopes,
451 1167 492 1197 ad
509 1166 615 1196 Lunae
633 1169 775 1204 montes,
791 1163 856 1195 etsi
871 1162 983 1195 fontes

284 1218 355 1249 Nili
373 1224 441 1248 tum
461 1217 634 1247 latuerint.

325 1271 343 1299 7
371 1269 471 1302 Quam
502 1268 616 1305 Tagus,
643 1266 713 1306 ‹ij-c]
741 1266 849 1298 Quam
876 1265 903 1295 si
931 1273 984 1294 me

283 1324 425 1350 cantent
446 1317 591 1357 Hispani
609 1316 827 1347 conterrauei
843 1315 922 1353 mei,
938 1315 986 1345 Si-

284 1370 365 1407 culi,
384 1374 419 1399 et
436 1368 574 1400 Graeci:
600 1368 652 1398 vel
678 1377 776 1408 quain
794 1367 821 1397 si
839 1366 987 1397 abunda-

284 1430 355 1450 rem
373 1430 454 1450 auro
472 1419 639 1458 Hispano,
652 1428 690 1448 ac
706 1418 805 1448 melle
822 1417 934 1448 Siculo
951 1421 987 1447 et

286 1471 427 1509 Attico3
448 1476 498 1500 est
515 1470 602 1499 enini
625 1471 634 1486 ‘
648 1470 759 1502 Tagus
772 1468 779 1481 ’
800 1467 835 1498 fl.
861 1468 987 1508 Hispa-

285 1522 350 1551 niae
367 1530 423 1551 scu
443 1520 639 1557 Lusitaniae,
655 1522 664 1536 ⁴
681 1519 811 1560 Hybla’
826 1528 919 1549 mous
936 1520 987 1549 Si-

285 1572 388 1610 ciuae,
405 1573 413 1588 ‘
429 1572 616 1611 Hymettos
631 1573 638 1584 ’
651 1580 745 1600 muns
763 1570 902 1600 Atticae.

331 1625 370 1653 10
397 1623 528 1652 Credam
547 1620 617 1659 jam
640 1625 724 1660 puto,
748 1619 815 1660 Qu]
842 1619 989 1651 Credam

287 1673 377 1704 bona
393 1682 468 1703 mea
485 1672 643 1702 Carmina
663 1681 798 1711 :equare
814 1680 990 1701 numerum

288 1725 466 1760 malorum,
491 1729 594 1763 atque
619 1723 704 1753 adeo
723 1722 845 1752 bunum
863 1731 936 1753 esse
950 1721 990 1752 li·

287 1776 397 1807 brutn.
418 1774 537 1815 Epigr.
554 1777 605 1805 80.
621 1784 732 1813 supra.

332 1827 435 1857 Epio.
452 1834 606 1856 Lxxxm.
626 1824 812 1864 Apollinari
829 1824 992 1855 amicissi-

288 1886 343 1907 mo
361 1886 431 1914 suo,
452 1875 712 1915 Cat-minimique
729 1885 862 1905 suorum
880 1884 991 1904 emen—

291 1927 417 1964 datori,
427 1925 535 1955 mittit
545 1930 672 1955 sertum
685 1934 871 1964 rosaceum,
882 1930 992 1965 optat-

291 1986 357 2017 que
380 1981 418 2006 ut
442 1984 555 2006 comas
581 1984 622 2005 eo
646 1974 763 2014 cingat
785 1973 827 2004 ad
850 1974 991 2005 multam

292 2031 478 2057 senectam.

334 2080 354 2108 2
378 2076 583 2117 Apollinaris]
607 2075 726 2116 Epigr.
750 2077 802 2106 87.
826 2074 886 2106 lib.
910 2077 941 2106 4.
959 2078 994 2106 et

292 2127 411 2168 Epigr.
428 2130 481 2157 25.
498 2127 557 2158 lib.
573 2129 604 2157 7.

336 2182 354 2209 3
374 2178 472 2218 Olim]
490 2179 607 2218 Longa
621 2177 995 2217 florescentemjuven-

294 2235 370 2261 tute
395 2230 522 2269 cingas,
546 2238 609 2259 nec
635 2237 701 2259 non
724 2237 798 2258 sero
815 2237 996 2258 canescen-

296 2287 378 2320 tem,
391 2286 426 2312 et
438 2290 545 2321 nsque
560 2280 602 2310 ad
616 2280 758 2310 multam
771 2284 995 2310 senectutem.

296 2333 374 2372 Vei,
385 2342 467 2374 quas
482 2337 517 2363 tn
529 2341 643 2362 comas
658 2330 821 2362 candidas
836 2339 913 2360 rosa
926 2330 996 2361 cin-

299 2393 350 2424 ge,
368 2384 427 2415 sed
445 2383 606 2421 nondum,
630 2383 707 2413 olim
729 2390 841 2412 tamen
864 2380 998 2412 futuras

297 2444 423 2466 canas:
457 2434 552 2476 quasi
578 2434 672 2465 dicat
690 2445 697 2464 z
731 2434 824 2466 Quas
851 2438 933 2474 opto
960 2439 998 2464 ut

299 2487 407 2526 possis
424 2485 456 2516 in
473 2486 596 2516 multos
613 2494 718 2516 annos
730 2489 877 2526 gestare,
891 2484 998 2515 donec

300 2547 473 2568 canescas.
776 2536 786 2543 ’

342 2590 362 2618 4
391 2586 507 2626 Venus]
532 2587 594 2618 Cui
611 2587 725 2618 dicata
740 2597 786 2618 es.

346 2639 450 2669 EP1G.
462 2647 518 2669 xc.
536 2641 552 2668 1
569 2639 691 2677 Jactat,
703 2638 770 2678 ξω]
789 2637 917 2678 objicit
928 2637 1001 2668 Ma-

302 2690 359 2720 tho
376 2699 429 2720 me
446 2689 623 2728 scripsisse
640 2689 698 2720 lib.
714 2689 928 2730 inaequalem,
949 2688 1002 2719 cui

305 2741 358 2770 vel
374 2749 426 2771 me
450 2739 581 2771 fatente
607 2740 723 2780 Epigr.
751 2742 801 2771 17.
827 2739 885 2771 lib.
911 2742 941 2771 l.
966 2747 1003 2769 et

741 157 880 186 NOTAE
915 156 1176 188 vARloltUM
1214 158 1262 187 {N

1026 251 1113 282 bona
1130 252 1243 282 insunt
1258 255 1292 282 et
1308 250 1395 282 mala
1409 263 1415 281 :
1442 250 1544 282 habet
1560 256 1726 291 praeterea

1026 302 1203 343 inaequalis
1219 302 1305 332 liber
1316 301 1451 332 laudem
1465 311 1483 332 a
1496 311 1608 332 rerum
1621 303 1727 333 varie-

1028 357 1114 383 tate.

1071 405 1089 433 3
1113 401 1275 443 AEquales,
1289 402 1430 443 AEqualis·
1446 401 1524 432 liber
1538 401 1598 442 est]
1622 403 1727 434 Totos

1028 453 1148 492 malos,
1161 453 1215 484 cni
1231 452 1312 483 nihil
1327 452 1531 483 admiscetur
1542 452 1638 483 boni:
1656 453 1728 483 nul·

1028 505 1079 535 lus
1097 509 1211 535 autem
1228 504 1315 535 liber
1329 509 1422 535 totus
1437 504 1543 535 bonus
1559 509 1623 537 est.
1657 505 1728 539 Cal-

1028 555 1132 595 vinus]
1149 555 1259 586 Poeta
1271 555 1388 586 malus.

1072 606 1178 637 Epm.
1207 614 1299 636 xcii.
1331 605 1374 636 In
1401 615 1523 636 vanum
1550 606 1730 646 promisso-

1030 665 1114 695 rem,
1132 662 1166 687 et
1182 656 1343 697 pollicitis
1359 656 1517 695 divitem3
1541 662 1599 687 aut
1616 657 1731 697 potius

1029 708 1062 738 in
1080 707 1378 739 dissimulatorem.
1424 708 1507 739 Veri
1529 708 1616 742 enim
1633 708 1732 739 amici

1031 763 1097 798 est,
1113 758 1216 790 etiam
1231 768 1296 789 non
1314 759 1446 799 roganti
1464 768 1674 790 succurrere.

1074 812 1093 840 3
1117 810 1275 850 Appellat,
1296 810 1364 851 ξω]
1384 810 1503 850 Exigit
1518 819 1538 841 a
1553 819 1606 841 me
1622 808 1733 840 foenus

1032 860 1197 892 creditor.

1075 915 1092 942 5
1119 911 1245 950 Pensio,
1268 911 1336 951 gu]
1364 911 1480 950 Cellae,
1507 910 1630 942 aedium
1657 920 1736 942 con·

1033 961 1212 993 ductarum
1229 962 1389 1003 pretium.
1423 962 1461 993 L.
1486 965 1519 993 3.
1544 962 1663 1003 Epigr.
1681 964 1735 993 30.

1035 1023 1121 1045 vers.
1138 1016 1172 1045 3.

1059 1067 1096 1102 ‚⁷
1122 1064 1320 1105 Gelidusque,
1333 1062 1402 1104 ὅκῃ]
1424 1065 1570 1104 Tenues,
1585 1073 1660 1105 quae
1677 1061 1736 1094 fri-

1035 1125 1097 1157 gus
1113 1115 1358 1147 intromittunt.

1077 1169 1097 1198 9
1120 1167 1243 1206 Subito,
1258 1166 1327 1207 ᾂτκ]
1352 1165 1413 1203 Ut,
1429 1165 1535 1196 instar
1551 1164 1680 1195 arboris
1694 1163 1737 1194 si-

1035 1217 1177 1256 deratae,
1201 1216 1338 1247 attoniti
1361 1221 1562 1256 stupescant
1585 1215 1647 1245 tibi
1664 1223 1738 1244 sen·

1035 1278 1104 1306 sus,
1121 1268 1232 1308 sitque
1253 1267 1308 1307 (ut
1336 1267 1383 1297 ait
1406 1266 1524 1306 Epigr.
1548 1268 1601 1297 86.
1630 1266 1650 1296 1.
1669 1265 1740 1304 11.)

1036 1318 1148 1349 sidere
1165 1326 1326 1358 percussa
1348 1316 1407 1347 tibi
1431 1316 1559 1356 lingua,
1573 1325 1614 1346 ne
1633 1325 1738 1356 quen-

1038 1378 1137 1409 quam
1161 1368 1302 1408 posthac
1319 1367 1412 1398 vanis
1434 1366 1595 1407 pollicitis
1618 1367 1739 1405 lactes,

1038 1424 1073 1450 et
1088 1428 1177 1457 eum,
1192 1417 1247 1449 ubi
1263 1427 1347 1458 opus
1362 1422 1414 1448 est
1428 1417 1593 1457 promissa
1607 1415 1739 1456 perfici,

1038 1470 1219 1501 destituas.

1083 1523 1190 1553 Eme.
1208 1529 1312 1552 xcnl.
1338 1520 1452 1560 Rogat
1477 1519 1637 1551 Narniam
1661 1518 1741 1549 civi-

1040 1578 1160 1612 tatem,
1189 1582 1230 1602 ne
1250 1571 1377 1601 diutius
1395 1570 1547 1600 detineat
1562 1571 1605 1603 Q.
1624 1568 1742 1599 Ovidi-

1041 1634 1110 1662 um,
1133 1633 1214 1663 agro
1232 1623 1445 1653 Nomentano
1463 1620 1606 1651 vicinum
1625 1630 1740 1660 agrum

1040 1674 1221 1705 habentem
1238 1684 1246 1711 3
1275 1682 1310 1703 se
1340 1682 1430 1713 aegre
1456 1671 1562 1713 ipsius
1589 1671 1744 1702 absentia

1042 1734 1172 1756 carere.
1197 1724 1280 1754 Racl.

1086 1778 1101 1805 1
1123 1773 1265 1813 Narnia]
1282 1773 1409 1804 Civitas
1425 1772 1586 1803 Umbriae.
1618 1771 1744 1812 Amnis]

1042 1827 1116 1858 Nar
1132 1825 1167 1856 fl.
1185 1825 1274 1856 unde
1288 1825 1420 1856 civitati
1436 1833 1571 1855 nomen.

1084 1879 1104 1906 2
1127 1876 1283 1915 Ancipiti,
1297 1875 1367 1914 δῖα]
1389 1874 1533 1905 Gemino
1551 1878 1675 1904 monte.

1086 1929 1105 1957 3
1131 1926 1215 1961 Quid
1241 1929 1305 1955 tam
1327 1934 1419 1964 soepe,
1446 1924 1515 1965 8)·ε.]
1541 1924 1610 1955 Cur
1627 1925 1744 1964 volup-

1044 1981 1116 2008 tate
1133 1982 1189 2007 tua
1205 1976 1369 2006 allicitum
1387 1975 1488 2006 toties
1503 1984 1638 2013 evocas,
1659 1980 1745 2005 tam-

1045 2028 1170 2068 diuque
1185 2026 1317 2057 detines
1336 2026 1379 2058 Q.
1397 2025 1571 2065 Ovidium,
1597 2026 1743 2057 vicinum

1044 2088 1170 2118 meum,
1198 2078 1231 2108 in
1248 2087 1327 2118 agro
1345 2078 1574 2115 Nomentano,
1596 2082 1631 2108 et
1647 2077 1744 2117 cujus

1044 2129 1142 2160 unius
1166 2137 1267 2158 causa
1291 2127 1402 2167 placet
1416 2127 1495 2158 mihi
1511 2126 1635 2158 fundus
1652 2137 1744 2158 meus

1045 2179 1303 2211 Nomentanus?

1088 2233 1107 2260 7
1134 2228 1284 2268 Quincto]
1305 2228 1371 2261 Qui
1388 2232 1424 2259 et
1437 2228 1513 2269 ipse
1529 2227 1656 2268 gaudet
1672 2237 1747 2258 mea

1048 2281 1180 2312 vicinia.

1090 2334 1110 2361 8
1134 2331 1299 2372 Perpetuo,
1326 2329 1395 2370 Qu]
1421 2330 1476 2361 Sic
1501 2330 1594 2361 vobis
1620 2330 1747 2361 incolu-

1048 2382 1111 2413 mis
1126 2387 1263 2413 maneat
1280 2381 1372 2419 urbs,
1389 2390 1408 2411 o
1425 2380 1567 2418 Narnia,
1587 2389 1662 2410 cum
1679 2380 1747 2410 exi-

1048 2432 1116 2464 mio
1131 2432 1187 2462 illo
1204 2438 1319 2473 ponte,
1346 2432 1402 2473 qui
1426 2431 1513 2462 dnos
1538 2431 1696 2471 praealtos
1712 2437 1748 2460 et

1050 2484 1213 2523 abruptos
1249 2487 1380 2513 montes
1411 2482 1601 2523 conjungit.
1661 2480 1748 2511 Vide

1049 2534 1183 2566 Schotti
1201 2534 1360 2565 Itinerar.
1385 2534 1441 2564 lib.
1460 2537 1488 2565 l.
1506 2543 1582 2574 pag.
1600 2536 1673 2564 106.

1093 2586 1196 2616 Eme.
1225 2593 1324 2617 xciv.
1356 2586 1437 2615 Tam
1469 2594 1605 2625 gravem
1636 2584 1685 2614 ait
1714 2589 1749 2614 et

1051 2636 1198 2667 olentem
1216 2636 1330 2676 Papili
1347 2636 1504 2675 animam,
1524 2645 1565 2666 ex
1580 2633 1695 2665 infami
1713 2640 1749 2665 et

1051 2687 1184 2727 impuro
1196 2696 1254 2718 ore
1265 2685 1468 2727 profectam,
1479 2691 1516 2716 ut
1525 2683 1638 2716 afflatu
1647 2685 1749 2715 etiam

1052 2738 1263 2770 nobilissima
1288 2744 1459 2779 unguenta
1483 2740 1691 2777 corrumpat,
1714 2741 1748 2767 et
