1866 3131
415 202 460 230 M.
496 200 606 228 VAL.
641 197 915 230 MAR'rlALrS
954 197 1112 227 Epion.
1150 199 1240 227 [AB.
1277 198 1338 227 iv.

154 295 242 325 riam
279 296 415 325 Sacram
454 293 582 334 repetis
617 290 762 324 Caesaris
800 290 855 322 do·

157 356 258 375 mum.

196 398 214 425 S
229 395 426 434 Sigei-iusque
441 404 552 432 meros,
566 393 635 433 ἐξα]
650 393 671 425 J
676 398 767 423 actas
785 392 856 422 nbi-

155 455 220 486 que
239 444 502 476 familiaritatem
521 450 611 474 tuam
635 453 710 473 cum
726 443 856 474 aulicis.

157 498 284 535 <stepas-
314 505 420 537 usque
449 495 616 534 Sigerium
647 498 682 525 et
712 494 857 525 Parthe-

157 548 245 577 nium
264 548 407 578 Caesaris
421 546 656 577 cubicularios.
697 545 752 575 De
768 546 859 575 nulia

156 599 221 628 alia
247 607 393 638 requam
411 596 453 627 de
469 596 600 637 Sigerio
621 601 655 627 et
672 595 859 626 Parthenio

158 649 316 688 loqueris.
351 648 406 678 Sic
432 647 553 678 Horat.
570 647 627 678 iib.
647 650 675 678 l.
695 647 810 687 Epigr.
827 649 859 676 7.
898 664 900 666 v

160 699 200 729 ad
227 699 348 729 finem:
373 698 514 729 ‘Sulcos
541 703 574 728 et
607 698 718 729 vineta
742 702 861 737 crepat

159 749 275 779 mcra.'

203 803 243 829 10
266 800 432 830 Ardelione
446 798 531 839 sene]
556 798 696 831 Ardelio
719 803 782 837 est,
805 797 862 838 qni

161 851 273 880 omnia
295 855 330 880 et
356 850 437 880 nihil
465 850 558 889 agit3
586 849 708 890 ubique
735 855 771 880 et
787 858 864 879 nus·

160 911 260 941 qnam
277 906 342 932 est.
387 900 475 931 Vide
495 901 550 931 lib.
568 904 600 931 2.
616 900 732 940 Epigr.
745 902 776 931 7.

203 953 303 982 Eme.
320 960 432 982 Lxxx.
454 952 646 992 Loquacem
663 951 864 981 Mathonem

160 1003 326 1044 quendam
342 1003 529 1034 insectatur
541 1013 550 1041 3
564 1002 620 1043 qui
637 1011 748 1041 sanus,
761 1011 864 1041 aeger,

161 1062 331 1093 nunquam
360 1053 517 1084 cessabat
541 1052 645 1094 ioqui,
670 1057 719 1091 et,
744 1052 777 1082 in
801 1061 866 1082 me-

160 1103 214 1133 dio
232 1102 338 1133 febris
353 1103 490 1142 ardore,
513 1113 642 1134 summo
667 1107 791 1133 conatu
808 1101 865 1132 de-

160 1153 343 1184 clamabat.
408 1153 488 1192 Ipse
527 1162 606 1184 vcro
644 1152 866 1184 existimabat

161 1204 409 1244 magnambanc
420 1213 494 1234 esse
509 1214 592 1235 rem.
617 1205 731 1234 Docet
745 1203 867 1242 Poeta,

161 1254 320 1294 majorem
352 1264 422 1285 rem
454 1263 539 1294 esse,
565 1264 605 1285 eo
633 1259 788 1294 tempore
817 1260 865 1285 ta-

161 1315 251 1337 cere.
277 1305 432 1336 Rumires.

206 1359 221 1386 1
250 1355 373 1394 Matho,
392 1354 568 1395 Tiburtini]
592 1355 680 1387 Vide
696 1356 869 1396 Epigram.

163 1405 252 1447 quod
271 1407 437 1447 sequitur.

206 1460 225 1487 2
252 1456 403 1497 Impositi]
435 1456 568 1497 Decepi
601 1466 665 1496 ego
695 1461 743 1495 te,
767 1457 868 1487 immo

165 1514 201 1538 lu
220 1512 252 1538 te
270 1508 390 1547 ipsum,
405 1507 483 1538 dum
501 1508 670 1548 mancipio
682 1512 774 1538 tunm
794 1517 869 1548 pre-

166 1558 213 1589 tio
231 1558 278 1589 vis
295 1567 366 1589 esse
384 1557 547 1598 praedium
563 1558 636 1590 Tib.
661 1559 750 1599 quod
777 1558 869 1598 prins

166 1609 300 1650 quidem
319 1610 425 1649 gratis
453 1614 527 1640 erat
549 1619 609 1639 usu
634 1614 727 1640 tuum
746 1608 870 1639 assidui

166 1660 320 1700 hospitis,
344 1659 505 1701 quamdiu
534 1670 644 1691 mcum
661 1658 724 1691 fuit
742 1668 871 1700 posses-

168 1719 275 1740 sione.

212 1762 316 1793 Eme.
333 1770 466 1792 Lxxxr.
493 1764 503 1792 Ι
526 1761 673 1801 ΜαιΙιοκνι]
702 1760 872 1791 Caussidi-

169 1821 239 1842 cus.
263 1812 422 1844 Juvenal.
440 1812 513 1843 Sat.
532 1815 561 1843 1.
575 1821 664 1842 vers.
680 1814 732 1842 32.

210 1865 230 1892 2
253 1861 289 1892 Sz'
304 1862 413 1902 nescis,
426 1861 496 1901 effa]
518 1862 553 1892 Si
571 1862 679 1892 nescis
696 1862 782 1891 hanc
798 1870 872 1891 esse

167 1913 346 1950 insaniam,
361 1912 451 1953 qnod
469 1911 669 1942 febricitans
690 1911 874 1947 declamas,

169 1962 305 2003 perdita
322 1971 403 1993 sane
428 1966 465 1993 et
481 1961 661 2002 deplorata
676 1961 808 1992 laboras
824 1962 873 1992 in-

169 2013 274 2052 sania,
290 2012 388 2053 cujus
405 2021 540 2043 sensum
563 2021 627 2042 non
648 2011 765 2043 habes.
811 2013 874 2043 Est

170 2070 281 2095 autem
295 2063 476 2094 Phrenesis
490 2063 621 2094 insania
633 2073 674 2094 ex
688 2061 872 2094 inflamma-

170 2116 262 2146 tione
277 2113 410 2144 cerebri
428 2118 517 2144 orta.
542 2113 670 2145 Celsus.

214 2169 233 2196 3
258 2165 496 2205 Hemitritoeus]
519 2165 757 2196 Semitertiana
783 2163 874 2195 labo-

173 2225 262 2246 rans.

212 2269 232 2296 4
256 2266 293 2295 Si
307 2266 430 2303 sudare,
455 2265 522 2306 fisa]
543 2266 578 2296 Si
601 2266 664 2297 hoc
679 2265 783 2297 facias
807 2275 874 2307 quo

176 2315 292 2345 elicias
308 2316 462 2346 sudorem
480 2321 515 2346 et
532 2316 608 2346 hinc
633 2315 755 2347 febrim
772 2317 875 2356 leves,

174 2366 276 2397 nabes
294 2374 373 2396 sane
390 2375 450 2396 ciri·
465 2366 648 2399 deciames.

216 2421 233 2447 5
254 2417 373 2455 Magna
387 2419 500 2457 tamen,
513 2418 582 2458 ξω]
608 2418 713 2449 Posse
730 2418 762 2449 in
778 2417 875 2449 febre

177 2468 384 2503 declamare,
410 2467 518 2508 inquit
534 2468 644 2499 Poeta
669 2478 711 2500 ex
733 2478 878 2509 persona

175 2519 364 2549 Mathoni&
406 2518 525 2549 Erraus
554 2529 633 2559 cnm,
667 2519 737 2560 ὅκῃ]
774 2520 878 2560 Resp.

177 2569 363 2609 objectioni
394 2568 516 2600 Poeta.
561 2570 644 2600 Cum
681 2580 810 2606 errans,
845 2569 878 2600 id

178 2625 244 2659 est,
273 2621 421 2650 incertas
449 2619 575 2651 habens
601 2622 812 2652 accessiones
844 2626 879 2652 et

177 2670 391 2701 decessiones
409 2670 641 2702 semitertiana
657 2672 770 2702 exurit
787 2671 867 2703 vise.

220 2724 241 2751 6
277 2721 402 2759 Tacere,
432 2720 580 2761 Matlton]
620 2722 694 2753 Non
719 2722 882 2761 clamare,

179 2780 244 2801 non
268 2770 511 2812 ingemiscere3
538 2771 649 2812 arguit
677 2776 789 2805 autem
806 2771 880 2802 Ma-

1495 188 1607 229 1219

908 290 1046 322 thonem
1070 293 1119 322 vei
1147 292 1311 333 improbae
1336 296 1371 323 et
1396 290 1534 323 effrenis
1563 295 1609 324 io-

907 340 1030 381 qnendi
1049 342 1212 382 libidinis,
1239 343 1291 374 vei
1318 343 1607 384 pronuntiationis

908 393 1057 432 querula,-
1075 397 1109 423 et
1126 394 1219 433 quasi
1236 394 1268 424 in
1287 393 1382 425 febre
1399 394 1610 435 qriiritantis,

908 443 971 473 hoc
989 443 1107 482 Epigr.
1125 448 1163 474 ut
1179 449 1215 474 et
1231 446 1283 476 84.
1326 445 1434 476 Jauus
1453 446 1612 485 Rutgers.

910 492 1046 524 abdicat
1063 493 1230 525 Martiali.

953 545 1056 575 EPIG-
1074 553 1218 576 Lxxxu.
1235 548 1250 576 1
1274 546 1493 586 Epigramma]
1505 547 1615 587 Supra

911 596 1029 637 Epigr.
1046 599 1100 628 71.

953 649 972 677 4
994 647 1081 684 Jam,
1095 646 1165 687 85⁶2]
1188 647 1236 678 Ut
1256 648 1336 678 noio
1353 648 1450 678 nimis
1466 647 1616 687 facilem,

911 698 960 728 ita
977 706 1040 728 nec
1057 696 1232 728 difficilem
1244 697 1364 729 nimis:
1382 697 1440 729 lib.
1455 702 1484 730 l.
1497 699 1616 739 Epigr.

913 750 966 779 58.
983 752 1019 778 et
1035 749 1088 778 38.
1105 757 1219 788 snpra.

956 801 974 827 5
1000 798 1136 837 Negare,
1158 797 1228 838 iren]
1255 797 1312 830 Sic
1340 799 1457 839 Epigr.
1482 803 1534 831 70.
1560 801 1619 831 lib.

914 851 946 879 9.
991 847 1103 878 ‘Nam
1128 849 1268 887 vigilare
1294 849 1370 880 leve
1398 854 1462 890 est,
1479 850 1618 890 privigi·

915 900 984 931 lare
1002 901 1126 940 grave.’

959 951 1065 982 Eric.
1097 960 1256 983 Lxxxm.
1281 952 1394 984 Mittit
1419 952 1461 983 ad
1493 951 1619 982 Rufum

917 1001 1000 1032 duos
1039 1002 1318 1043 Epigrammaton
1352 1004 1499 1042 libellos,
1538 1013 1623 1043 quos

918 1052 1168 1084 vuitVenuleio
1179 1053 1420 1085 commendari.
1467 1053 1621 1085 I’raefinit

917 1111 999 1142 ergo
1017 1108 1165 1143 tempus,
1193 1114 1259 1145 quo
1285 1114 1345 1135 eos
1373 1104 1416 1135 sit
1443 1104 1618 1135 lecturus:

918 1157 965 1191 et,
992 1153 1017 1184 si
1036 1153 1206 1194 longiores
1226 1154 1445 1194 videbuntur,
1464 1155 1621 1194 praecipit

917 1208 956 1234 ut
973 1204 1083 1235 altera
1099 1205 1228 1244 plicata
1244 1205 1362 1236 charta
1383 1205 1554 1236 breviores
1572 1204 1621 1234 fa-

918 1255 1001 1286 ciat.
1027 1254 1181 1286 Rumires.

964 1308 978 1335 l
999 1304 1069 1335 Hos
1094 1314 1223 1345 quoque,
1248 1303 1318 1344 ἔγω]
1349 1305 1460 1342 Duos,
1484 1304 1622 1335 tertium

919 1362 954 1387 et
971 1361 1128 1397 quartum
1145 1355 1253 1394 bunc;
1278 1354 1364 1386 infra
1383 1365 1469 1386 vers,
1485 1358 1516 1386 7.

963 1410 982 1437 4
1008 1406 1076 1436 Non
1095 1406 1219 1445 tetrica,
1231 1405 1301 1446 effa]
1325 1406 1404 1437 Non
1421 1405 1529 1446 rigida
1546 1415 1625 1436 cen-

921 1465 1001 1487 sura
1026 1456 1067 1486 ad
1092 1457 1250 1487 amussim
1280 1462 1316 1488 et
1343 1457 1625 1497 perpendiculum

921 1507 1094 1538 examinet
1138 1508 1288 1539 carmina
1324 1507 1396 1539 baec
1436 1507 1624 1546 nugatoria.

924 1557 1062 1597 Emigat]
1075 1558 1268 1597 Examinet‚
1291 1559 1396 1590 ducta
1412 1559 1568 1598 Metapb.
1585 1558 1626 1588 ab

924 1608 1120 1638 architectis
1132 1609 1383 1640 velstatnariis.
1430 1609 1530 1639 Unde
1547 1611 1555 1626 ‘
1569 1618 1627 1639 cx-

925 1663 1003 1688 ncta
1025 1658 1155 1698 ope1·a‚'
1181 1668 1243 1699 pro
1270 1659 1453 1699 perfectis:
1483 1669 1544 1699 pro
1561 1669 1627 1699 qno

927 1709 1070 1740 Plautus
1086 1710 1094 1726 ⁶
1109 1709 1329 1740 amussitata'
1353 1710 1452 1750 dixit,
1476 1710 1569 1750 qnasi
1587 1709 1627 1739 ad

926 1759 1081 1789 amussim
1099 1764 1230 1790 exacta.
1254 1759 1409 1790 Ramnes.

968 1813 986 1839 5
1013 1810 1079 1840 Nec
1093 1813 1173 1850 post,
1188 1810 1259 1850 εγω]
1280 1809 1378 1840 Inter
1402 1810 1509 1849 magis
1531 1810 1631 1848 seria,

926 1865 959 1890 et
973 1860 1168 1900 priusquam
1186 1869 1278 1890 mero
1301 1859 1493 1891 incainerit.
1509 1860 1628 1900 Epigr.

928 1914 955 1941 l.
980 1919 1082 1950 supra
1113 1919 1198 1941 vers,
1228 1913 1262 1942 8.
1306 1910 1518 1950 Summumve]
1556 1911 1629 1942 Nec

927 1966 1040 1992 tamen
1058 1966 1135 2002 post
1151 1961 1319 2002 ultimum,
1346 1962 1401 1993 ubi
1428 1962 1548 1992 nimius
1565 1961 1631 1992 fer-

927 2022 1007 2043 vor:
1032 2012 1083 2042 vel
1099 2012 1154 2042 ubi
1169 2011 1286 2053 friguit
1303 2011 1543 2053 deferbuiique
1561 2012 1630 2043 ala-

925 2064 1042 2095 critas.
1067 2063 1240 2104 Trientem]
1267 2064 1334 2096 Qui
1361 2068 1506 2105 quatuor
1521 2063 1629 2093 conti-

926 2120 984 2145 net
1000 2113 1159 2155 scyphos.
1205 2114 1274 2146 Hie
1296 2125 1357 2155 pro
1374 2114 1491 2155 quovis
1505 2115 1630 2154 poculo

926 2166 1060 2198 dicitnr.
1104 2165 1270 2207 Petitque
1283 2172 1332 2203 ut,
1349 2167 1381 2196 in
1398 2165 1510 2196 media
1523 2174 1630 2202 corna,

896 2238 898 2240 -
927 2227 1003 2248 suos
1030 2217 1061 2247 ei
1092 2215 1212 2248 offerat
1245 2216 1389 2249 libellos.
1423 2217 1629 2256 Epigramm.

927 2270 999 2298 107.
1011 2266 1097 2298 libro
1111 2269 1142 2298 l.
1158 2269 1288 2298 vers-4.

967 2320 988 2348 6
1011 2317 1074 2348 Sed
1087 2326 1143 2347 sna
1165 2326 1244 2355 cum,
1264 2316 1335 2356 δικ]
1360 2316 1427 2347 Sed
1452 2316 1542 2347 inter
1557 2326 1632 2357 scy-

927 2369 1023 2409 phos,
1041 2377 1116 2398 cum
1127 2367 1160 2397 in
1173 2366 1287 2398 media
1298 2377 1392 2397 coena
1403 2372 1547 2407 poscunt
1563 2377 1632 2398 ma-

923 2420 1000 2460 jora
1016 2418 1146 2458 pocula.

970 2472 989 2500 7
1016 2469 1114 2507 Duos,
1128 2467 1197 2507 ἐξα]
1213 2468 1322 2507 Supra
1340 2477 1425 2498 vers.
1443 2470 1472 2499 l.

973 2522 993 2551 8
1018 2519 1177 2558 Divisam,
1199 2516 1267 2558 ὅμη]
1295 2517 1381 2548 Vide
1408 2518 1473 2559 Ep.
1499 2521 1552 2550 29.
1578 2529 1630 2550 su-

931 2580 1002 2612 pra.

974 2620 1077 2652 Epio.
1093 2627 1246 2650 Lxxxw.
1291 2618 1470 2650 Naevolum
1487 2619 1632 2650 insecta-

933 2675 1000 2710 tur,
1024 2670 1093 2711 qui,
1118 2679 1180 2710 pro
1206 2679 1317 2700 rerum
1343 2679 1477 2700 suarum
1493 2675 1632 2710 eventu,

935 2720 1122 2752 modestum
1146 2720 1199 2751 vei
1217 2725 1431 2760 arrogantem
1454 2729 1490 2751 se
1518 2725 1630 2752 osten·

935 2770 1050 2802 debat.
1096 2770 1195 2810 Nan),
1209 2779 1284 2801 cnm
1302 2769 1399 2801 nullis
1419 2776 1631 2810 premeretur
