1866 3131
398 214 442 242 M.
479 213 584 242 VAL.

161 308 179 335 4
199 306 358 345 Extremo,
371 307 438 347 ‹S-c.]
463 307 544 338 Oris
557 306 711 338 foetorem
729 306 816 337 forte

118 356 318 395 emeudant3
343 364 474 388 ructum
487 368 528 388 ex
544 358 610 388 imo
627 357 816 388 ventriculo

118 414 340 447 nequaquam.
388 408 588 438 Barathrum
607 407 744 447 proprie
769 408 816 438 lo-

117 464 176 485 cus
210 461 304 487 tanta
339 457 517 488 altitudine
555 457 748 497 depressus,
778 462 816 488 ut

118 516 209 546 angre
232 507 407 547 despicere
424 507 527 548 possis
545 518 553 538 :
588 507 640 538 liic
666 516 727 548 pro
749 507 815 538 imo

117 559 304 588 stomacho.

158 611 176 637 5
200 606 418 648 Diapasmate]
462 607 716 639 Medicamento
745 608 816 645 illo,

115 657 169 687 cui
200 658 433 689 immiscentur
454 658 586 697 odores,
610 667 629 688 a
654 656 816 688 διαπάσσω

114 718 289 748 conspergo.
335 709 363 739 E
382 709 464 739 tusis
489 713 602 739 autem
619 713 655 739 et
685 708 718 739 in
743 709 814 748 pul-

115 769 225 789 vorem
243 759 388 790 redactis
412 760 512 791 siccis
535 760 743 791 aromatibus
759 760 817 791 fie-

115 809 197 840 bant
222 809 449 850 diapasmata,
472 810 592 851 quibus
614 811 717 841 etiam
734 811 816 842 lecti

113 862 262 902 geniales
280 869 315 894 et
332 863 544 894 discubitorii
571 863 816 904 respergeban-

114 918 182 950 tur,
206 914 310 954 etqui
326 913 367 944 ad
384 914 590 945 cohibendos
616 913 756 944 sudores
782 915 815 944 in

113 964 242 995 balneis
281 965 480 1004 corporibus
519 964 816 1004 inspergebantur.

118 1014 226 1054 Virus]
250 1015 372 1046 Gravis
387 1015 510 1054 anima,
527 1016 650 1046 balitus
667 1015 793 1055 gravis.

153 1069 173 1096 6
200 1066 338 1106 Duplex,
353 1067 421 1107 Creu]
444 1066 607 1097 Hesterni
625 1066 692 1096 vini
709 1071 744 1096 et
765 1065 814 1096 di-

111 1117 305 1155 apasmatis.
339 1117 348 1133 ‘
366 1116 544 1147 Animam'
572 1116 739 1147 vocabant
758 1117 812 1146 ha-

110 1167 230 1198 litum:
268 1168 318 1198 sic
347 1168 356 1184 ‘
373 1166 494 1198 foetere
519 1167 620 1198 alicui
646 1164 811 1198 animam’

111 1217 282 1248 dicebant.
328 1218 429 1249 Unde
456 1219 465 1234 ‘
482 1217 594 1257 bene,’
619 1218 672 1248 vel
700 1218 708 1234 ⁸¹
726 1217 811 1248 male

111 1268 273 1307 animati,’
291 1279 350 1309 pro
367 1269 419 1307 iis,
431 1269 550 1309 quibus
572 1268 697 1298 halitus
713 1267 812 1298 foete-

110 1319 183 1357 bat,
213 1320 266 1351 vel
297 1320 383 1351 bene
412 1320 538 1350 olebat.
581 1319 747 1350 Titinnius
777 1319 811 1349 in

112 1370 329 1402 Fullonibus:
367 1372 376 1388 ‘
395 1371 535 1402 Interea
560 1369 680 1402 foetida
700 1371 812 1401 anima

110 1431 228 1452 nasum
259 1421 461 1462 oppugnat.’
505 1422 551 1452 Et
577 1421 619 1452 de
651 1420 813 1451 inferiore

110 1477 248 1511 gutture
265 1473 409 1503 Plautus
426 1472 579 1503 Aulular.
595 1472 694 1502 Scen.
712 1471 812 1502 Post-

111 1532 211 1562 quam
236 1523 351 1554 obson.
367 1525 431 1554 διο.
478 1524 556 1554 ‘Ne
583 1523 662 1564 quid
691 1522 811 1552 animae

110 1572 199 1604 forte
225 1574 361 1604 amittat
383 1573 576 1604 dormiens!
620 1572 754 1603 Alludit
769 1572 811 1602 ad

111 1625 219 1662 gulam
237 1624 335 1660 follis,
351 1625 407 1664 qui
430 1625 462 1654 in
485 1623 659 1654 veteribus
682 1622 811 1653 Glossis

109 1674 304 1714 exponitur,
317 1673 447 1705 θύλακος
461 1673 596 1713 καμίνου,
609 1671 713 1703 ἀσκός·
738 1672 769 1703 F
768 1673 811 1702 ol-

109 1726 170 1756 lex.
198 1726 309 1765 Rigal.

152 1779 171 1806 7
197 1777 299 1807 Notas
312 1786 396 1815 ergo,
414 1776 482 1817 δῖα]
507 1776 619 1809 Quum
637 1786 691 1806 ars
702 1780 761 1806 tua
776 1780 811 1806 et

111 1826 201 1857 fraus
222 1827 434 1866 deprebensa
463 1827 520 1865 sit,
550 1825 680 1856 frustra
710 1835 810 1856 voras

110 1878 275 1917 pastillos,
288 1877 409 1918 quibus
429 1886 495 1907 non
514 1877 614 1907 modo
630 1886 697 1907 non
722 1877 810 1917 tegis

109 1929 236 1967 vinum,
252 1928 310 1959 sed
328 1928 436 1968 magis
460 1927 585 1968 prodis.
629 1928 750 1969 Itaque
767 1937 811 1959 ne

108 1977 318 2009 dissimulain
333 1983 504 2018 posterum
519 1978 629 2009 vinum
641 1978 810 2016 haustum,

108 2035 143 2060 et
161 2029 268 2060 minus
292 2030 359 2060 eris
376 2038 511 2061 nocens,
556 2029 650 2060 Nota
666 2027 812 2059 artificia

107 2085 144 2111 et
169 2078 298 2119 flagitia
326 2080 551 2111 Romanarum
583 2085 811 2110 matronarum

109 2129 142 2160 in
160 2129 316 2169 tegendis
333 2129 532 2160 sceleribus.
558 2129 714 2160 Raderus.

151 2181 171 2208 S
195 2179 246 2209 Sis
268 2178 353 2210 ebria
374 2178 574 2218 simpliciter]
605 2179 730 2209 Vinum
755 2188 813 2218 po-

109 2229 177 2260 tius
214 2229 318 2269 oleati,
351 2239 451 2270 quam
488 2227 645 2260 foetorem
672 2229 812 2269 spiritus

108 2279 364 2311 medicamentis
381 2280 524 2320 sumptis
541 2290 679 2321 augeas,
723 2280 812 2311 Vide

109 2330 219 2370 epigr.
235 2333 288 2362 42.
310 2332 334 2362 l.
349 2334 380 2362 3.
409 2333 502 2362 vs.3.
524 2335 560 2361 et
584 2331 689 2371 epigr.
700 2333 731 2361 7.
750 2330 812 2362 Lo.

110 2391 158 2412 vs.
175 2384 206 2412 4.

153 2433 259 2463 Eme.
276 2440 429 2463 Lxxxix.
464 2433 516 2463 Ad
531 2432 701 2472 Alcimum]
732 2432 812 2472 Epi-

109 2483 260 2523 taphium
284 2487 338 2513 est
365 2482 406 2512 ad
437 2483 652 2522 sepulchrum
688 2481 811 2513 Alcimi

109 2533 196 2564 servi
213 2533 266 2562 vel
283 2532 380 2573 pueri
398 2532 582 2572 Martialis,
594 2533 626 2563 in
643 2533 714 2573 ipso
733 2537 812 2563 uetu-

109 2585 153 2618 tis
168 2582 252 2615 flore
265 2583 364 2626 rapti,
381 2592 481 2627 quem
495 2583 528 2613 in
543 2593 625 2624 agro
641 2583 813 2614 Labicano

109 2634 307 2676 sepelierat.

154 2690 169 2717 l
197 2686 335 2725 Raptum
353 2681 489 2722 domino]
527 2682 620 2713 Puer
634 2681 689 2713 hie
717 2682 812 2713 vide-

111 2742 166 2768 tur
181 2735 285 2767 fuisse
303 2734 484 2766 Martiali&
532 2732 746 2765 Crescentibus
760 2744 813 2764 ιιιι-

111 2787 174 2828 nis]
198 2786 275 2818 Jam
292 2785 554 2817 adolescentem.

621 212 892 242 MARTIALIS
931 214 1086 242 lit’lGR.

1125 215 1215 243 mn.
1253 215 1279 242 ι.
1455 205 1563 245 1123

910 309 929 336 2
956 307 1126 347 Labicana]
1162 309 1201 338 In
1220 309 1272 339 via
1293 307 1474 347 Labicana,
1491 319 1567 350 quae

868 366 885 385 a
904 362 1004 396 porta
1021 358 1192 398 Esquilina
1218 359 1312 389 ducit
1336 359 1377 390 ad
1405 360 1568 390 Labicum

866 405 978 436 Italiae
998 415 1131 445 pagum.
1178 408 1231 438 Dc
1258 418 1349 438 more
1371 409 1454 446 hoc;
1489 418 1568 439 nam

866 456 1048 496 sepulchra
1074 457 1155 487 olim
1177 458 1279 497 juxta
1307 459 1378 489 vias
1403 459 1570 499 publicas,

866 511 904 536 nt
920 511 1167 547 praetereuntes
1190 514 1368 539 monerent
1383 510 1570 540 mortalita-

865 557 919 588 tis.
961 556 1038 587 Levi
1052 558 1176 597 cespite,
1187 558 1257 598 ἐξα]
1291 558 1367 589 Non
1389 558 1567 598 magnifico

866 608 1016 638 tumulo:
1036 609 1086 638 vel
1105 608 1242 648 respicit
1256 611 1460 648 precationis
1473 614 1508 640 et
1523 610 1571 640 in-

864 658 1058 698 scriptionis
1081 657 1270 699 formulam,
1293 660 1326 690 S.
1342 661 1378 690 T.
1392 661 1434 690 T.
1454 661 1488 691 L.
1505 661 1568 692 hoc

866 714 930 748 est,
952 710 960 723 ‘
975 709 1028 741 Sit
1045 710 1106 741 tibi
1128 715 1220 740 terra
1236 710 1343 740 levis!
1387 710 1449 740 Cui
1479 712 1567 741 enim

865 761 952 792 male
969 761 1140 799 volebant,
1157 766 1279 791 terram
1307 770 1443 800 gravem
1465 766 1499 792 et
1518 767 1569 792 tu-

865 811 991 842 mulum
1009 821 1187 842 onerosum
1211 811 1468 851 precabantur;
1501 821 1567 852 quo

864 862 987 900 anima,
1005 871 1104 902 quam
1121 861 1298 901 sepulchro
1321 870 1388 891 una
1402 870 1477 891 cum
1492 871 1567 892 cor-

865 922 947 953 pore
963 912 1065 943 condi
1094 912 1296 950 credebant,
1320 911 1497 952 depressa,
1523 912 1565 942 ad

864 965 1041 996 beatorum
1066 965 1164 996 sedes
1193 965 1289 995 tarde
1313 970 1372 996 aut
1396 974 1487 1005 aegre
1511 965 1568 995 de-

864 1017 1013 1054 volaret;
1049 1021 1152 1056 atque
1177 1025 1268 1054 aegre
1296 1015 1387 1046 ultro
1409 1015 1566 1056 citroque

864 1066 905 1096 ad
920 1066 1101 1106 sepulchra
1122 1070 1331 1097 commearet
1357 1066 1389 1096 in
1417 1067 1567 1096 solenni-

864 1116 925 1147 bus
942 1116 1114 1147 funereis:
1140 1121 1324 1155 utcontra,
1337 1117 1390 1147 cui
1406 1116 1492 1146 bene
1510 1126 1568 1146 vo-

861 1168 992 1206 lebant,
1009 1175 1146 1199 tenuem
1163 1173 1196 1199 et
1226 1169 1298 1198 sine
1316 1168 1468 1208 pondere
1497 1172 1566 1198 ter-

863 1229 931 1250 ram
950 1219 1188 1259 precabantur.
1213 1219 1310 1250 Farn.

905 1274 923 1303 3
949 1272 1021 1302 Non
1037 1271 1169 1309 Phario,
1186 1270 1255 1311 Esca]
1282 1271 1456 1311 AEgyptio.
1488 1269 1566 1300 Non

862 1322 1028 1354 obeliscos
1055 1329 1090 1353 et
1108 1322 1317 1362 pyramidas,
1341 1331 1405 1352 non
1424 1324 1568 1357 statuam,

862 1383 936 1414 quae
954 1373 1117 1404 columnis
1135 1383 1153 1403 e
1171 1372 1422 1413 saxoAEgyptio
1441 1371 1566 1401 innixae

863 1424 1012 1464 pendere
1040 1428 1075 1454 et
1102 1428 1222 1454 nutare
1251 1422 1452 1453 videantur:
1491 1421 1566 1451 vide

863 1474 974 1513 epigr.
992 1483 1016 1504 1.
1034 1474 1151 1513 Spect.
1181 1482 1266 1502 vers.
1294 1475 1344 1502 ll.
1393 1471 1566 1510 Nulmttiu]

863 1524 918 1555 Ob
935 1525 1131 1554 immensam
1144 1522 1374 1554 altitudinem.

904 1577 923 1604 4
950 1576 1030 1609 Quae
1044 1574 1153 1612 cineri,
1168 1572 1238 1611 ἅμ]
1272 1573 1282 1589 ‘
1298 1573 1482 1603 Consumet
1499 1569 1567 1600 fer-

862 1634 934 1654 rum
953 1624 1168 1664 lapidemque
1185 1621 1437 1660 vetustas‚’&‹·.
1465 1621 1555 1650 Ovid

860 1680 891 1707 4.
917 1675 959 1706 de
983 1676 1105 1706 Ponto.
1125 1680 1162 1705 et
1176 1675 1299 1706 Juveu.
1319 1674 1390 1704 Sat.
1410 1676 1461 1705 10.
1483 1674 1492 1691 ‘
1510 1673 1566 1703 da-

863 1730 898 1756 ta
935 1730 1015 1756 sunt
1049 1725 1131 1765 ipsis
1169 1734 1304 1764 quoqne
1339 1722 1413 1754 fata
1455 1723 1566 1763 sepul-

862 1775 974 1806 cin-is!

904 1830 922 1856 5
948 1827 1069 1864 Bomos,
1084 1823 1153 1863 ὃμκ]
1176 1824 1363 1860 Buxetum‚
1378 1823 1567 1863 liypampe-

861 1877 930 1914 lon,
946 1875 1154 1912 viridarium,
1168 1873 1268 1904 flores
1284 1878 1460 1914 pratenses
1477 1885 1484 1905 ε
1516 1880 1568 1905 tu-

861 1926 960 1956 mulis
977 1934 1121 1966 namque
1138 1923 1239 1954 moris
1263 1929 1339 1954 erat
1355 1923 1503 1954 virentes
1521 1924 1568 1954 in-

860 1985 972 2007 serere
989 1975 1140 2012 arbores,
1155 1976 1163 1990 ‘
1179 1974 1423 2014 Spirantesque
1447 1983 1567 2004 crocos

862 2033 898 2059 et
909 2026 1028 2059 florum
1052 2030 1258 2066 perpetuum
1276 2023 1369 2056 Ver.’
1413 2025 1569 2055 Ramne-

862 2078 931 2109 sius
960 2086 1027 2108 non
1055 2075 1218 2115 intelligit
1240 2084 1385 2106 coronas
1411 2084 1453 2105 ex
1478 2074 1568 2106 foliis

863 2127 945 2158 buxi
963 2131 998 2158 et
1022 2126 1111 2164 vitis,
1129 2131 1167 2157 ut
1192 2124 1347 2156 Raderus
1373 2125 1500 2155 sentire
1521 2127 1568 2155 vi-

862 2179 973 2209 detur.
996 2176 1184 2216 Sepulchra
1199 2175 1287 2206 enim
1302 2175 1569 2215 designabantur

863 2229 897 2260 in
914 2229 1061 2268 agris,et
1074 2227 1107 2257 in
1123 2226 1237 2257 fronte
1255 2226 1446 2266 ponebatur
1461 2226 1569 2266 scrip-

866 2279 924 2316 tio,
955 2287 1029 2319 quae
1062 2275 1255 2307 contineret
1285 2275 1502 2306 latitudinem
1533 2281 1568 2306 et

864 2327 1108 2368 longitudinem
1122 2327 1184 2356 soli
1196 2325 1377 2365 sepulchro
1394 2325 1569 2365 destinati,

863 2378 951 2420 quod
980 2377 1125 2418 spatium
1145 2376 1207 2406 soli
1230 2385 1362 2406 sacrum
1389 2381 1476 2407 erat.
1523 2378 1569 2407 Et

864 2430 897 2460 in
929 2429 992 2459 boc
1024 2426 1135 2467 spatio
1177 2425 1402 2465 erigebantur
1433 2427 1568 2463 tumuli,

863 2479 1018 2517 obelisci,
1046 2476 1254 2518 pyi·ainide5‚
1277 2477 1340 2506 ἃς.
1386 2474 1454 2506 Alii
1473 2476 1570 2506 arbo-

865 2537 917 2564 res
936 2531 1123 2573 ponebant,
1139 2539 1213 2570 quae
1241 2534 1435 2559 crescentes
1460 2530 1568 2559 locum

864 2581 1071 2615 mouumenti
1086 2585 1284 2621 opaca-rent.
1328 2580 1411 2609 Tum
1428 2580 1507 2619 qiua
1522 2578 1568 2610 fe-

863 2634 985 2665 licibus
998 2631 1152 2662 manibus
1169 2634 1352 2670 perpetuas
1367 2633 1403 2660 et
1419 2629 1569 2660 virentes

863 2684 1002 2715 arbores
1015 2681 1199 2714 convenire
1209 2679 1452 2711 existimabant
1465 2690 1474 2718 3
1491 2679 1568 2710 ideo

863 2734 1038 2774 eligebant
1070 2732 1190 2771 buxos,
1219 2740 1416 2771 cupreSSOS‚
1444 2731 1569 2768 laurus,

864 2795 940 2827 quae
957 2793 1126 2825 nunquam
1154 2781 1314 2813 amittunt
1336 2780 1440 2819 folia3
1479 2782 1568 2822 quod
