1866 3131
375 169 424 198 M.
459 170 565 199 VAL.
600 170 870 202 MARTIAMS
906 174 1065 205 EPlGR.
1101 177 1191 206 LlB.
1225 177 1294 206 Xl.

160 262 198 290 19
227 261 266 291 Et
283 261 412 301 sublata,
427 264 496 304 ssa]
532 264 634 304 Cujus
661 270 809 305 segetem

119 319 177 339 seu
203 311 341 341 herbam
367 322 430 343 uno
455 314 580 353 impetu
610 320 814 355 correptam,

120 359 229 391 aufert
242 361 385 393 hirundo
403 364 443 394 ad
459 364 571 395 nidum
588 366 813 396 condendum.

161 413 199 440 21
233 412 273 441 Εέ
288 422 353 442 cum
369 417 444 451 stet,
461 414 529 453 Qu]
567 415 642 445 Nec
674 416 814 446 dimidio

119 460 243 501 Priapo
262 466 313 495 vel
330 464 444 494 inermi
456 464 548 495 locus
565 470 628 495 est.
648 466 746 506 Epig.
759 469 811 498 36.

118 510 172 540 lib.
191 514 218 542 l.
236 523 281 544 vs.
299 517 328 544 5.
343 519 378 545 et
396 517 446 544 15.
459 515 531 545 etl.
548 518 577 546 3.
592 516 691 556 Epig.
705 520 758 549 57.

157 571 197 598 2-1
236 571 361 611 Picata]
402 571 552 602 Allusum
581 573 622 603 ad
651 574 742 604 (lolia
772 579 807 606 et

118 623 223 650 testas
240 631 315 661 quae
334 622 548 663 picabantur,
563 633 604 654 ne
624 623 702 655 vina
718 625 811 665 expi—

117 675 231 701 rarent
245 672 405 702 animam.

158 722 196 749 25
223 720 328 752 Litera
355 723 408 753 sed
437 721 512 762 una]
549 723 666 755 Litera
693 735 708 755 e
733 725 765 755 in
792 736 812 756 7ι

114 774 260 801 mutata:
285 772 417 803 mallem
431 773 598 812 prandium
623 784 722 815 quam
740 776 811 806 tale

120 822 284 859 proedimn.

158 872 259 902 EPm.
278 881 388 903 xxm.
407 876 421 903 l
442 874 551 912 Nulla,
564 875 631 915 55⁴2]
650 875 813 908 Qualibet

113 921 318 953 conditione.

156 974 173 1000 3
197 972 307 1003 Decies
322 973 398 1003 mihi
420 974 500 1004 dotis
515 973 548 1004 in
563 975 651 1015 auro]
691 975 812 1007 Decies

114 1026 192 1052 sunt
223 1022 343 1061 viginti
371 1023 519 1064 quinque
548 1025 655 1055 millia
684 1025 814 1065 Philip-

114 1080 224 1109 peum,
239 1071 271 1101 in
288 1082 370 1103 auro
387 1074 511 1104 nummi
537 1075 676 1105 Romani
694 1075 811 1106 decem

113 1121 216 1151 millia
232 1131 418 1153 aureorum.
447 1124 581 1155 Gronov.
606 1124 812 1164 Decies,&c.]

112 1172 236 1203 Decies
253 1178 388 1204 centum
399 1175 500 1205 millia
519 1175 725 1215 sestertium,
737 1186 812 1207 nos·

113 1227 174 1252 trae
198 1228 343 1254 monetae
366 1227 461 1255 7812.
477 1225 537 1256 lib.
565 1228 616 1256 10.
633 1235 677 1256 SS.
702 1235 810 1266 eaque

112 1273 147 1303 in
161 1283 242 1305 auro
261 1284 422 1314 appensa,
438 1276 576 1307 nomine
592 1276 694 1308 dotis.

156 1326 196 1354 10
220 1324 325 1364 Meus]
349 1325 452 1357 Puer.
492 1326 588 1367 Tuus]
615 1327 811 1368 Eunuchus,

119 1373 238 1415 spado.

157 1427 196 1455 14
221 1425 288 1455 Nec
319 1425 418 1465 quasi,
440 1424 510 1465 Esou]
546 1426 622 1457 Non
641 1430 727 1465 tota,
745 1436 811 1458 non

114 1475 255 1505 amoris:
281 1475 339 1505 sed
355 1485 468 1516 parca,
484 1475 543 1506 sed
560 1481 667 1516 casta,
683 1476 742 1507 sed
760 1486 811 1508 re-

113 1524 258 1565 ligionis.
284 1526 457 1565 Epigram.
475 1529 549 1557 105.
567 1526 671 1559 infra.

156 1575 261 1606 Eme..
278 1584 381 1607 XXIV.
419 1579 434 1606 1
465 1576 551 1606 Dum
580 1579 611 1607 te
634 1587 811 1617 prosequor,

113 1624 179 1665 ὅκῃ]
219 1625 379 1665 Ejusdem
396 1626 521 1666 ingenii
549 1625 623 1657 vide
642 1627 741 1667 Epig.
758 1630 812 1659 82.

113 1676 171 1707 lib.
186 1678 236 1707 10.
250 1682 284 1707 et
302 1679 354 1707 17.
370 1676 429 1707 lib.
447 1679 477 1707 1.
494 1676 570 1707 dum
586 1676 689 1707 cliens
707 1681 741 1708 te
763 1687 812 1708 sa-

114 1726 198 1765 luto,
213 1725 359 1765 deduco,
381 1726 518 1763 reduco,
546 1726 607 1757 tibi
633 1726 814 1767 obsequor,

114 1776 279 1807 assentior
295 1780 329 1807 et
350 1776 514 1816 ejusmodi
536 1780 664 1816 praesto
689 1775 812 1817 officia,

116 1826 206 1866 perit
230 1825 313 1866 dies,
335 1831 479 1867 pereunt
501 1826 612 1857 studia
637 1826 812 1857 Carmina-

116 1885 191 1916 que-

156 1930 175 1958 2
197 1927 324 1966 Aurem,
346 1926 413 1966 ἔγω]
451 1927 540 1958 Vide
567 1927 740 1967 Epigram.
758 1931 811 1959 90.

113 1976 199 2008 libro
215 1980 245 2008 1.
271 1982 306 2008 et
321 1977 542 2017 Theophrasti
572 1977 729 2010 Charact.
744 1976 812 2018 περὶ

113 2028 293 2060 iterandas:
334 2033 368 2059 et
395 2038 470 2069 quae
498 2028 714 2060 Casaubonus
751 2028 811 2067 ibi,

114 2077 261 2116 λέγοντος
276 2077 307 2108 δὲ
321 2078 413 2109 αὐτοῦ
427 2091 470 2119 τι,
480 2077 552 2110 τοὺς
567 2078 681 2110 ἄλλους
695 2080 813 2120 σιωπᾷἷν

114 2128 267 2167 κελεῦσαι,
280 2127 330 2158 καὶ
346 2127 512 2160 ἐπαινέσαι.

157 2182 175 2208 8
194 2179 291 2210 Poeta
300 2179 416 2219 carpit]
440 2181 533 2211 Male
547 2180 812 2220 explicant‚vel-

115 2228 197 2259 licat
223 2233 257 2258 et
275 2229 505 2268 reprehendit.
551 2229 615 2260 Cui
635 2230 722 2260 enim
748 2229 811 2260 hoc

116 2280 271 2318 gratum?
293 2279 400 2310 Immo
415 2281 423 2296 ‘
438 2280 563 2319 carpit'
578 2283 631 2310 est
642 2280 812 2320 excerpit,

114 2329 277 2360 imitatur.
322 2329 397 2361 Hoc
413 2330 520 2369 ipsum
536 2329 698 2368 gloriatur
714 2330 811 2360 Phae-

116 2379 194 2410 drus
212 2380 244 2409 in
261 2378 326 2409 fine
343 2379 402 2410 lib.
417 2382 448 2410 4.
493 2381 501 2396 ‘
515 2379 600 2410 Mihi
621 2384 718 2420 parta
742 2380 811 2410 laus

115 2434 165 2459 est
182 2428 270 2470 quod
286 2434 333 2467 tu,
349 2428 437 2468 quod
451 2428 576 2459 similes
596 2429 655 2464 tui,
671 2429 812 2460 Vestras

116 2479 149 2508 in
180 2478 315 2509 chartas
346 2477 449 2509 verba
484 2478 675 2510 transfertis
710 2479 810 2510 mea!

115 2528 301 2559 Horatius:
336 2529 345 2545 ‘
364 2538 426 2569 ego
442 2529 516 2569 apis
543 2529 684 2560 Matinae
702 2529 812 2561 Grata

115 2579 286 2618 carpentis
300 2579 424 2618 thyma,
438 2582 501 2609 διο.
525 2579 685 2610 Carmina
694 2579 810 2619 fingo?

118 2629 256 2659 Gronov.
303 2629 429 2669 Carpit]
463 2629 609 2660 Vellicat
636 2634 671 2660 et
698 2639 809 2670 repre-

117 2679 245 2719 hendit,
259 2689 320 2719 pro
346 2689 434 2710 more
463 2679 690 2710 aemulantium
708 2679 808 2710 artifi-

1449 168 1466 207 il
1477 167 1557 208 391

868 277 943 298 cum
962 274 997 299 et
1020 269 1262 302 invidentium:
1298 271 1421 303 invidis
1448 278 1558 305 autem

864 318 1058 358 displicere,
1082 320 1253 352 felicitatis
1281 329 1478 362 argumento
1494 330 1558 355 est.

866 370 929 408 Ep.
947 372 997 398 61.
1016 369 1073 400 lib.
1089 373 1119 402 6.
1136 381 1220 402 vers.
1234 375 1263 402 8.
1280 378 1314 403 et
1331 376 1380 404 77.
1397 373 1496 404 lib.4.

907 422 926 450 9
943 420 1023 460 Hoc,
1035 420 1169 460 Labulle,
1181 423 1246 462 lira]
1265 423 1415 454 Hocciue
1428 433 1559 465 aequum

863 471 937 501 est?
961 472 970 487 ‘
986 471 1057 501 Ah!
1083 472 1162 503 idne
1180 483 1292 504 verum
1310 480 1360 505 est
1374 475 1395 504 θ’
1423 476 1559 506 Terent.

907 524 946 551 10
973 521 1042 552 Tibi
1054 525 1187 561 tuorum,
1203 523 1270 563 850]
1294 525 1351 555 Me
1363 525 1478 556 addito
1495 535 1561 557 cae-

864 570 946 601 teris
964 571 1030 601 tuis
1049 571 1241 603 clientibus.

907 624 946 652 14
970 621 1022 652 Sic
1034 621 1095 662 fit]
1128 622 1182 653 Ita
1204 623 1255 661 fit,
1272 627 1320 661 ut,
1337 634 1412 655 cum
1430 634 1559 656 coenam

862 669 981 701 officiis
1007 671 1197 712 demereor,
1218 673 1297 704 dum
1320 673 1401 705 foris
1425 685 1558 706 coenare

863 721 950 759 volo,
961 722 1177 762 negligantur
1190 722 1314 764 studia,
1326 729 1467 764 pereant
1479 726 1560 765 po'e-

864 775 967 801 matu.

908 821 1014 853 Eme.
1033 829 1168 853 xxvm.
1206 825 1221 853 1
1254 821 1374 854 Invasit
1396 824 1557 863 medicum,

861 869 930 910 eju]
957 870 1009 901 Al.
1033 871 1153 902 Invasit
1165 873 1311 903 medicum
1328 873 1444 904 Nasica
1461 875 1557 906 Phre-

861 921 981 951 uetz'cus
994 922 1103 952 Ancte.
1128 926 1162 952 ct
1188 921 1240 953 Al.
1257 923 1405 955 rectius:
1440 924 1560 955 Invasit

862 972 973 1002 medici
1008 973 1124 1003 Nasica
1154 973 1349 1013 phreneticus
1376 975 1485 1014 Aucti,
1523 981 1559 1006 et

859 1023 991 1060 percidit
1018 1023 1137 1063 Hylan.
1182 1024 1307 1055 Nasica
1330 1029 1367 1056 ut
1391 1025 1560 1064 potiretur

863 1072 956 1112 Hyla
973 1073 1073 1104 Aucti
1089 1073 1212 1105 medici
1226 1074 1449 1114 puer0‚fiuxit
1463 1075 1560 1114 phre-

861 1122 974 1153 nesin:
1009 1132 1123 1154 verum
1148 1128 1185 1154 ut
1212 1124 1280 1154 voti
1305 1124 1354 1154 ita
1376 1128 1411 1155 et
1438 1125 1559 1155 mentis

861 1181 1000 1212 compos
1024 1174 1191 1213 apparuit.
1235 1173 1323 1213 Sica]
1359 1175 1435 1205 Non
1462 1175 1558 1215 pugi—

862 1231 939 1261 one,
953 1223 1014 1253 sed
1032 1225 1194 1255 mentula.

904 1273 1012 1304 Eme.
1026 1281 1130 1305 xxxi.
1146 1273 1271 1305 Irridet
1280 1274 1416 1305 sordide
1428 1275 1558 1306 lautum

861 1322 1047 1359 Caecilium,
1077 1324 1133 1363 qui
1157 1333 1222 1355 non
1248 1334 1323 1355 asse
1339 1325 1558 1365 comparabat

860 1379 998 1405 centum
1014 1374 1155 1407 fercula.

905 1427 920 1455 l
945 1424 1075 1464 Atreus,
1101 1425 1169 1466 δῖα]
1217 1427 1417 1459 Cucurbitas
1467 1429 1555 1460 enim

860 1475 1009 1506 dissecat
1041 1475 1074 1506 iu
1112 1475 1223 1507 frusta
1260 1477 1418 1518 varieque
1453 1489 1556 1519 appa-

860 1530 926 1565 rat,
942 1529 980 1556 ut
996 1525 1123 1556 Atreus
1147 1526 1312 1566 quondam
1328 1526 1442 1558 fratris
1467 1528 1558 1569 Thy·

860 1581 941 1606 estae
986 1575 1082 1608 filios.
1138 1577 1258 1608 Senec.
1291 1577 1434 1618 Thyest.
1471 1588 1558 1610 vers.

860 1628 934 1657 758.
978 1626 1064 1657 Vide
1094 1626 1263 1658 Ammiani
1294 1628 1410 1668 Epigr.
1437 1629 1496 1660 lib.
1526 1632 1559 1661 2.

861 1675 1043 1716 Antholog.
1056 1686 1133 1717 cap.
1150 1679 1203 1709 40.
1238 1677 1292 1708 *Ως
1307 1678 1403 1714 κῆπον
1417 1679 1560 1718 τεθυκὼς,

859 1727 980 1756 δεῖπνον
1014 1726 1183 1766 παρέθηκεν
1220 1727 1378 1764 Ἀπελλῆς
1414 1727 1558 1766 Οἶόμενος

859 1775 984 1810 βόσκειν
999 1776 1066 1808 ἀντὶ
1080 1777 1178 1816 φίλων
1191 1776 1344 1817 πρόβατα,
1356 1781 1421 1809 &c.
1453 1778 1557 1819 Apel-

861 1827 908 1857 les
934 1827 1162 1867 Pythagoram
1188 1838 1284 1858 coena
1310 1829 1447 1868 excepit
1477 1830 1559 1860 ami-

861 1886 915 1907 cos
946 1877 1085 1917 perinde
1111 1887 1151 1908 ac
1177 1878 1311 1909 hortum
1338 1879 1557 1919 immolasset,

861 1926 914 1957 vel
931 1936 1056 1966 pecora
1069 1932 1226 1967 pasturus
1241 1933 1342 1960 esset.

902 1980 921 2008 4
947 1977 1051 2009 Gustu
1061 1979 1212 2019 protinus,
1225 1979 1297 2019 ὅπη]
1332 1980 1444 2011 Coenae
1458 1990 1556 2012 exor-

860 2029 928 2068 dio,
940 2033 1128 2061 antecoena.
1160 2030 1260 2071 Epig.
1278 2032 1329 2061 31.
1345 2030 1403 2062 lib.
1427 2034 1456 2063 l.
1469 2041 1554 2063 verS.

859 2081 891 2110 4.

902 2133 920 2159 5
948 2129 1164 2170 Primaferet]
1204 2131 1328 2172 Caput,
1344 2141 1478 2172 pompa,
1492 2131 1554 2163 flos

860 2190 984 2212 coenae:
1019 2181 1111 2212 dicto
1126 2181 1243 2221 Epigr.
1259 2184 1311 2214 31.
1329 2183 1385 2213 lib.
1405 2186 1456 2214 10.
1500 2185 1558 2214 Al·

860 2234 964 2262 terave
984 2231 1082 2270 coena]
1127 2231 1283 2263 Secunda
1317 2243 1445 2272 mensa,
1473 2234 1555 2266 ibid.

860 2281 948 2312 Vide
974 2287 1008 2312 et
1032 2281 1148 2312 Rosin.
1173 2282 1231 2313 lib.
1257 2286 1288 2313 5.
1316 2282 1433 2323 Antiq.
1459 2284 1555 2315 Rom.

860 2342 936 2372 cap.
951 2334 1004 2364 29.

903 2385 921 2413 7
946 2382 1031 2413 Hinc
1043 2392 1137 2416 seras,
1158 2381 1226 2422 &eff
1256 2383 1307 2413 Ex
1330 2382 1379 2413 his
1404 2384 1555 2415 cucurbi-

860 2433 913 2465 tis.
961 2433 1166 2474 Epz'dv'pnidas
1178 2434 1318 2474 parabit]
1341 2436 1472 2475 DapeS,
1487 2435 1556 2466 bel—

859 2483 954 2523 laria,
969 2493 1043 2524 quae
1061 2482 1110 2513 ἐπὶ
1124 2484 1244 2514 δεῖπνον
1261 2488 1337 2524 post
1353 2494 1481 2515 coenam
1497 2495 1555 2525 ap·

859 2539 1029 2574 ponuntur
1042 2533 1343 2565 distribuunturve.

903 2586 922 2614 8
946 2584 1062 2614 Fatuos
1079 2582 1164 2620 facit
1185 2584 1357 2624 placentas]
1387 2584 1553 2626 Iusipidas

859 2643 905 2665 sc.
922 2638 955 2663 et
972 2633 1124 2672 insulsas,
1139 2642 1157 2663 e
1176 2634 1375 2665 cucurbitis.

901 2688 920 2713 υ
947 2682 1098 2722 Tabellas]
1137 2684 1291 2715 Quadi-as
1314 2685 1356 2715 de
1385 2686 1549 2726 placenta.
