1866 3131
267 194 378 235 1350
729 205 754 233 N
766 202 867 232 oTAE

305 302 325 330 9
348 298 697 337 ῦΙιιίΐανη,ει·ει161ηἰ1ιί,
712 298 779 338 fra]
803 298 812 314 ‘
831 297 955 329 Quam-

263 359 362 390 quam
379 354 543 388 saporest
555 348 788 378 oblatadulcis
804 348 836 378 in
846 347 956 385 unda3

265 400 404 432 Gratius
417 408 458 429 ex
470 399 545 438 ipso
561 398 654 428 fonte
669 398 827 428 bibuntur
839 396 955 437 aquae?

306 450 409 480 Eme..
421 458 467 480 CI.
481 451 497 479 1
515 448 660 479 Denariz's
670 447 852 487 tribus,3sc.]
872 447 955 478 Nos-

265 504 327 532 trae
344 505 487 530 monetae
503 501 556 529 22.
572 499 605 529 d.
621 499 675 529 ob.
711 499 876 529 Denarius
894 499 957 528 Ro-

263 560 382 581 manus
397 554 576 589 argenteus
592 554 664 579 erat
676 559 838 587 nummus,
849 554 883 578 et
900 548 956 578 de-

264 609 337 630 cem
367 599 492 629 assibus
518 598 622 638 (unde
651 599 806 629 denarius
832 597 957 635 dictus)

262 650 408 690 primum
425 650 671 688 aestimabatur,
687 654 868 689 quatuorve
886 648 955 679 HS.

259 709 323 730 seu
340 702 371 731 8.
386 699 574 737 cruciferis,
600 700 655 740 qui
684 699 814 730 Graecis
839 699 956 729 drach-

261 759 351 780 mam
367 748 538 781 efficiunt:
565 749 685 780 deinde
703 759 762 789 per
773 749 861 780 bella
876 749 955 780 civi-

261 799 307 830 lia
325 805 425 830 aucto
439 800 509 830 auri
527 803 559 830 et
575 800 706 839 argenti
720 799 841 839 pretio,
856 799 956 830 dena-

262 850 330 880 rius
356 851 448 890 cepit
471 853 522 881 16.
549 850 678 880 assibus
702 850 873 889 aestimari,
900 859 957 880 seu

263 903 314 931 12.
347 901 523 932 cruciferis
558 905 593 931 et
623 905 654 932 4.
692 901 956 942 quadrantibus:

260 951 410 991 itemque
438 951 508 982 HS.
535 954 566 982 4.
600 951 739 989 assibus,
768 961 825 982 seu
852 952 958 983 tribus

263 1000 440 1031 cruciferis
456 1007 489 1031 et
507 1001 709 1041 quadrante.
741 1002 889 1032 Tandem
908 1005 958 1032 12.

263 1050 396 1080 assibus
415 1050 600 1080 {estimatus
625 1050 779 1080 denarius
806 1055 959 1090 tempore

262 1100 419 1139 Augusti,
438 1100 535 1130 stetit
552 1101 756 1141 aliquamdiu
772 1101 832 1131 hoc
851 1101 959 1140 pretio

263 1155 298 1180 et
328 1150 546 1190 sequentibus
581 1150 858 1190 Imperatoribus.
904 1151 959 1181 Ita

262 1200 436 1230 sestertius
455 1200 559 1230 tribus
585 1201 712 1230 assibus
726 1201 870 1231 valebat.
916 1201 960 1231 Et

264 1248 422 1279 denarius
450 1251 482 1279 9.
513 1247 686 1279 cruciferis
719 1255 755 1279 et
784 1249 960 1290 dodrante,

262 1299 335 1328 sive
375 1298 482 1328 tribus
517 1298 778 1338 quadrantibus:
814 1300 958 1340 quinque

262 1354 375 1379 autem
392 1349 599 1389 quadrantes
627 1349 756 1389 accipio
774 1360 833 1389 pro
851 1352 959 1382 cruci-

262 1399 336 1430 fero
361 1405 524 1431 nostrate.
549 1400 664 1431 Rader.
708 1400 762 1430 Ita
785 1410 865 1441 ergo
890 1401 959 1432 dic-

263 1454 329 1485 tus,
346 1450 433 1490 qnod
449 1450 552 1480 (lenos
565 1451 640 1480 aeris
657 1451 803 1486 valebat,
821 1452 881 1482 hoc
894 1458 959 1491 est,

263 1498 381 1529 decem
404 1509 516 1530 asses:
544 1506 752 1540 quapropter
768 1508 801 1531 et
819 1502 959 1533 decusse

263 1558 299 1579 x.
327 1549 536 1589 signabatur.
583 1550 750 1581 Denarius
775 1551 888 1592 itaque
913 1553 958 1582 le-

262 1599 400 1639 gitimus
419 1599 589 1640 pendebat
602 1600 792 1631 drachmam
809 1602 958 1634 Atticam

260 1653 296 1679 et
313 1651 488 1690 septimam
506 1650 578 1690 ejus
597 1657 738 1690 partem.
762 1653 859 1692 Belg.
889 1654 961 1684 Vier

259 1702 411 1740 stuycers,
445 1700 638 1732 Crabbelaer.
698 1702 862 1742 Togatam]
900 1704 959 1734 Me

262 1749 422 1780 clientem
452 1750 690 1782 observantem
731 1753 830 1792 atria,
857 1759 895 1784 ut
925 1760 959 1785 te

259 1803 437 1838 patronum
451 1800 607 1830 salutem.

304 1851 322 1878 3
348 1849 481 1878 Haerere
497 1852 546 1878 tuo
571 1849 677 1889 lateri]
713 1851 854 1882 Comitis
873 1851 958 1883 vice.

260 1899 440 1929 Praecedere
448 1898 570 1938 sellam]
582 1899 861 1931 Anteambulonis
874 1902 958 1933 vice.

303 1951 322 1978 4
352 1949 475 1978 retatus
500 1952 611 1987 tecum,
639 1949 709 1989 85·οῇ
752 1951 884 1981 Divites
913 1952 958 1982 vi-

261 1997 345 2027 duas
374 2004 410 2028 et
440 1998 551 2036 orbas,
574 2009 712 2040 quarum
737 2000 958 2032 haereditates

262 2051 298 2076 tn
313 2046 459 2078 officiosa
475 2048 681 2079 salutatione
699 2050 818 2081 ambis.
854 2051 958 2082 Juve-

259 2097 326 2128 nal.
343 2097 452 2137 Satyr.
467 2101 497 2129 3.
515 2108 602 2130 vers,
618 2102 690 2130 127.

303 2150 322 2176 5
347 2147 509 2187 Denariis,
523 2147 592 2187 ἔξω]
626 2149 682 2180 Sic
696 2150 814 2190 Epigr.
830 2153 883 2181 26.
901 2151 958 2183 lib.

261 2199 293 2227 4.

301 2249 405 2280 Eme.
433 2257 496 2279 cu.
534 2249 722 2280 Domitiani
761 2250 854 2282 facta
882 2261 958 2282 eum

261 2298 365 2337 gestis
382 2297 540 2328 Herculis
556 2300 746 2339 contendit,
761 2306 794 2330 et
811 2301 958 2331 Domiti-

260 2359 359 2379 anum
377 2350 537 2390 majorem
552 2350 703 2381 Hercule
715 2350 809 2390 facit,
822 2357 857 2383 et
871 2352 958 2382 Her-

260 2399 368 2429 culem
383 2400 541 2439 majorem
556 2400 715 2440 appellat.
742 2401 822 2432 Rad.

304 2451 319 2479 1
344 2450 458 2489 Appia,
490 2449 559 2489 dyc]
606 2450 635 2481 Ο
669 2450 795 2491 Appia,
831 2451 957 2482 viarum

261 2499 457 2529 Latinarum
469 2499 700 2537 celeberrima,
714 2511 811 2540 quam
828 2511 957 2532 sacram

253 2547 341 2579 facit
355 2549 478 2587 Caesar,
493 2549 554 2579 sub
571 2549 730 2581 Herculis
744 2550 888 2591 imagine
902 2552 957 2582 ad-

261 2597 404 2628 orandus
422 2608 430 2628 :
450 2604 487 2629 ut
501 2598 616 2638 Epigr.
628 2602 679 2630 65.
697 2610 783 2631 vers.
801 2604 830 2632 l.
845 2611 955 2642 supra.

261 2652 297 2677 et
315 2647 393 2678 vide
408 2648 554 2679 Statium
573 2648 630 2679 lib.
647 2653 678 2680 4.
694 2650 787 2690 Sylv.

301 2698 320 2726 2
343 2698 488 2728 Ausonioe
518 2698 592 2737 vice]
626 2699 710 2731 Quae
739 2701 884 2731 maxima
919 2711 954 2732 es

262 2753 321 2776 seu
337 2746 464 2786 regina,
482 2753 519 2778 ut
532 2748 692 2789 Papinius
709 2750 872 2791 loquitur,
890 2752 954 2782 via-

902 200 1117 231 VARIORU
1131 202 1159 229 M
1196 202 1245 230 11<

1008 304 1081 325 rum
1114 294 1317 324 Latinarum.
1354 293 1439 324 Tum
1467 293 1603 333 ‘Appia
1626 295 1697 324 via’

1008 350 1160 383 vocatur,
1193 344 1282 385 quod
1325 354 1398 375 eam
1429 344 1561 385 Appius
1589 354 1699 375 caecus

1008 396 1178 426 straverit.

1052 449 1069 476 3
1095 445 1356 486 Alcidoeprioris]
1392 446 1549 476 Herculis
1566 444 1699 476 Alcme-

1008 506 1059 526 nae
1076 495 1134 526 filii
1152 496 1280 526 labores
1297 506 1304 526 :
1337 495 1378 526 de
1395 496 1513 536 quibus
1537 494 1612 525 vide
1628 495 1701 535 My-

1009 547 1176 586 thologos,
1191 551 1226 576 et
1242 556 1315 586 quae
1332 545 1477 576 Farnab.
1495 545 1535 575 ad
1562 545 1700 576 Senecae

1009 597 1112 627 Herc.
1130 597 1189 627 Fu.
1205 599 1279 628 214.
1296 602 1330 626 et
1346 596 1448 626 Herc,
1464 597 1533 627 OEt.
1552 598 1602 625 15.

1050 650 1069 677 4
1092 647 1192 687 Libyn
1208 645 1338 685 domuit]
1362 646 1519 677 Antaeum
1533 645 1701 685 gigantem

1008 697 1116 729 Afric.
1160 698 1264 728 Aurea
1284 696 1388 737 poma]
1421 695 1611 727 Interfecto
1628 696 1702 726 dra·

1008 758 1103 787 cone,
1120 748 1175 787 qui
1194 757 1297 777 aurea
1315 748 1401 777 mala
1418 746 1640 777 custodiebat.

1051 803 1067 829 5
1095 799 1247 828 Peltatam
1266 797 1426 838 Scythico]
1463 797 1567 827 Scuto
1596 796 1703 834 brevi,

1009 848 1103 888 cujus
1129 852 1282 877 extrema
1312 848 1345 876 in
1376 856 1500 877 cornua
1533 847 1702 885 lunantur,

1011 908 1114 928 usam.
1168 897 1312 937 Scythico
1356 896 1446 936 nodo]
1489 897 1702 936 Periphrasis

1011 949 1148 986 balthei,
1165 958 1271 986 zonae,
1289 958 1347 978 seu
1365 947 1502 987 cinguli.
1540 947 1702 977 Discinsrit

1010 999 1168 1029 Amazona
1185 998 1275 1037 nodo]
1313 998 1474 1029 Detraxit
1497 997 1702 1028 Amazonum

1010 1051 1136 1089 reginae
1152 1049 1357 1089 Menalippae
1374 1048 1555 1079 baltheum.

1053 1104 1072 1131 7
1096 1102 1271 1140 AErz'peclem
1300 1100 1432 1139 cervam]
1489 1100 1572 1131 Quae
1602 1108 1703 1129 aurea

1011 1161 1139 1181 cornua
1154 1151 1311 1189 habebat,
1326 1150 1446 1180 Dianas
1463 1159 1568 1180 sacra.
1597 1150 1702 1189 Stym-

1007 1201 1164 1240 phalidas]
1200 1200 1291 1231 Aves
1324 1205 1427 1230 tantae
1452 1200 1705 1239 magnitudinis,

1012 1258 1048 1281 ut
1066 1252 1215 1282 volantes
1231 1250 1344 1281 radios
1357 1251 1480 1281 solares
1498 1250 1704 1290 intercipere

1011 1301 1216 1340 scribantur,
1250 1310 1332 1341 quas
1374 1300 1539 1331 Hercules
1568 1301 1704 1340 repulit.

1014 1351 1141 1382 Gruter.

1053 1403 1072 1430 8
1099 1401 1176 1431 Cum
1190 1400 1278 1440 cane]
1305 1400 1485 1431 Cerberum
1501 1401 1674 1440 intelligit.

1054 1453 1074 1480 9
1102 1451 1209 1481 Vetuit
1240 1450 1398 1491 reparari]
1427 1451 1592 1482 Hercules
1616 1453 1703 1483 enim

1010 1510 1076 1531 non
1093 1500 1189 1532 dedit
1201 1502 1345 1541 spatium
1362 1501 1477 1541 hydra}
1501 1503 1705 1533 renovando-

1011 1560 1083 1581 rum
1103 1551 1262 1590 capitum,
1276 1550 1333 1581 sed
1347 1551 1422 1590 igne
1439 1550 1578 1581 adussit.

1055 1605 1093 1631 10
1119 1602 1288 1641 Hesperius
1307 1602 1413 1640 Tusco,
1428 1601 1494 1641 ἐγὼ]
1518 1602 1627 1632 Boves
1639 1602 1704 1633 Ge-

1012 1652 1125 1692 ryonis
1143 1652 1230 1692 regis
1248 1653 1423 1692 Hispaniae
1447 1652 1479 1682 in
1504 1652 1636 1683 Italiam
1653 1663 1706 1683 ac—

1011 1706 1074 1740 tas,
1089 1702 1169 1732 lavit
1185 1702 1318 1741 Tyberi.

1055 1754 1092 1781 ll
1120 1752 1382 1790 Minorumnjor,
1406 1751 1474 1791 estu]
1513 1752 1575 1782 Ille
1600 1752 1707 1792 prior,

1009 1799 1181 1831 Alcmenae
1199 1801 1307 1832 filins:
1331 1811 1472 1842 namque
1496 1803 1706 1833 Domitianus

1012 1860 1046 1880 se
1076 1851 1236 1890 majorem
1265 1852 1447 1882 Herculem
1478 1852 1544 1882 dici
1573 1854 1706 1894 colique

1012 1900 1129 1931 voluit.
1154 1901 1271 1941 Epigr.
1289 1904 1339 1932 16.
1355 1902 1415 1932 lib.
1433 1902 1549 1942 Spect.
1572 1913 1656 1934 vers.
1672 1906 1703 1934 4.

1011 1950 1215 1990 Epigramm.
1233 1954 1285 1982 65.
1302 1957 1334 1981 et
1350 1955 1402 1982 66.
1420 1962 1492 1991 sup.

1053 2004 1093 2031 12
1116 2002 1233 2032 Sextus
1244 2001 1280 2031 ab
1298 2002 1429 2040 Albam,
1444 2002 1511 2041 Sym]
1548 2003 1613 2034 Qui
1629 2004 1706 2034 coli-

1012 2054 1066 2080 tur
1081 2056 1176 2081 sexto
1193 2052 1234 2081 ab
1259 2052 1386 2082 Albana
1404 2062 1481 2082 arce
1506 2054 1638 2092 lapide3
1662 2055 1704 2084 ab

1010 2099 1106 2140 urbe,
1136 2105 1267 2132 octavo.
1291 2102 1463 2142 Epigram.
1490 2105 1542 2134 65.
1571 2113 1656 2135 vers,
1673 2108 1702 2134 1.

1013 2159 1125 2189 supra.

1054 2203 1092 2230 13
1116 2200 1257 2232 Asso-nit
1279 2212 1426 2242 possessa,
1446 2203 1514 2243 ἔγω]
1546 2204 1704 2237 Vindica-

1011 2249 1060 2279 vit
1081 2250 1143 2280 sibi
1171 2251 1352 2292 Imperium
1379 2260 1578 2295 occupatum
1605 2265 1624 2286 a
1649 2257 1707 2286 Vi.

1010 2301 1115 2331 tellio.

1054 2353 1091 2380 14
1116 2351 1226 2382 Prima
1248 2363 1300 2383 suo
1314 2354 1423 2392 gessit,
1447 2355 1517 2394 dra]
1551 2355 1591 2386 In
1616 2356 1703 2386 bello

1008 2400 1194 2432 Vitelliano
1233 2403 1388 2444 confugit
1423 2405 1457 2435 in
1498 2405 1702 2446 Capitolium

1009 2450 1095 2490 quod
1111 2450 1277 2491 defendit,
1293 2456 1356 2484 διε.
1371 2454 1447 2484 vide
1463 2455 1601 2486 Sueton.
1626 2466 1657 2487 c.
1673 2459 1701 2486 1.

1010 2501 1140 2532 Domit.
1157 2507 1191 2531 et
1208 2502 1338 2542 Xiphil.
1357 2504 1471 2534 Vitell-

1052 2554 1088 2581 15
1107 2552 1196 2582 Solus
1210 2554 1329 2592 Juleas,
1345 2555 1416 2594 cisa]
1439 2556 1616 2587 Mucianus
1633 2558 1701 2597 qni·

1007 2600 1081 2631 dam
1105 2603 1305 2642 Vespasiani
1329 2605 1408 2643 dux,
1425 2605 1562 2636 Vitellio
1578 2607 1702 2645 occiso,

1006 2651 1238 2683 Domitianum
1256 2655 1416 2694 extraxit,
1431 2666 1572 2697 cumque
1589 2666 1628 2686 eo
1645 2658 1701 2686 ad-

1007 2701 1220 2733 ministrabat
1240 2704 1347 2735 omnia
1369 2715 1496 2735 summa
1518 2711 1700 2745 potestate,

1008 2751 1116 2783 donec
1134 2753 1357 2793 Vespasianus
1370 2755 1403 2786 in
1415 2755 1529 2787 urbem
1543 2757 1701 2788 venisset.
