1866 3131
251 184 363 225 1408

250 295 343 320 esset
359 300 442 330 opus
461 295 600 330 captare
615 300 757 330 emnam,
772 291 861 333 quod
878 302 952 324 cum

251 341 424 371 sordidum
449 342 714 382 esset‚jactavit
739 351 773 372 se
796 352 862 373 uon
886 353 953 374 coe-

250 401 332 422 nare
348 390 440 422 foris.

294 443 401 472 Eme..
418 451 498 472 xxx.
522 443 573 473 Ad
586 443 778 486 Marcellam]
800 445 953 475 Uxorem

250 492 419 523 Martialis
434 493 551 534 Epigr.
568 496 620 525 31.
639 494 737 526 infra.

294 543 494 574 Marcellam
518 554 655 575 uxorem
678 545 797 576 habuit
821 545 952 584 Poeta;

248 592 366 625 laudat
391 594 444 625 hic
468 594 542 634 ejus
571 596 780 635 comitatem,
804 597 952 636 pruden-

247 647 343 685 tiam,
360 650 397 677 et
412 656 541 678 morum
566 649 782 687 suavitatem,
800 648 951 690 ipsisque

247 697 407 728 Romanis
420 697 614 729 Junonibus
630 703 821 738 comparat.

292 752 307 780 1
334 750 540 791 NIunicz‘pem]
590 752 673 784 Quis
723 757 757 782 te
795 749 952 780 crederet

247 800 440 839 Hispanam
454 810 472 831 e
490 801 606 831 Bilbili
626 811 726 841 quam
739 801 836 831 alluit
851 800 951 831 Salo?

247 848 362 888 Rigida·
377 849 513 890 Salonis]
539 851 651 881 Fluvii
676 849 802 881 ferrum
827 850 950 881 duran-

248 900 302 931 tis.
322 900 406 931 libro
421 904 451 932 4.
470 902 588 942 Epigr.
611 905 663 932 15.
694 901 782 931 Vide
810 906 845 933 et
870 901 950 942 Epi-

247 960 352 990 grain.
366 954 397 981 3.
415 961 518 992 supra
531 962 627 982 versu
646 955 678 982 3.

290 1003 308 1031 3
334 1001 474 1032 Pullatia
500 1002 617 1042 dicent]
650 1003 758 1033 Roma
784 1002 810 1033 si
838 1008 872 1033 te
902 1002 950 1033 vi-

248 1051 339 1090 «leat,
359 1053 452 1083 dicet
469 1059 502 1083 te
522 1059 636 1083 natam
663 1053 795 1092 Romae,
812 1058 847 1085 et
872 1053 951 1084 edu-

247 1107 357 1132 catam
387 1103 418 1132 in
449 1102 522 1143 ipsa
553 1104 717 1143 principis
754 1104 840 1134 aula.
891 1104 949 1135 Sic

248 1151 364 1191 Epigr.
391 1156 443 1183 54.
470 1153 526 1183 lib.
552 1156 602 1184 11.
641 1154 649 1169 ‘
666 1154 853 1185 Romanam
878 1164 950 1185 cre-

246 1201 328 1233 dere
347 1208 471 1233 inatres
488 1203 630 1234 Italides
646 1207 810 1244 possunt)

290 1254 308 1282 >1
333 1253 517 1292 Audierint]
556 1254 691 1284 Morum
721 1254 795 1285 scil.
822 1255 950 1295 ingenii

247 1306 281 1331 et
297 1303 418 1340 liuguae
437 1304 654 1343 elegantiam.

290 1356 308 1382 5
334 1353 428 1383 Nulla
444 1353 512 1393 uec]
535 1354 611 1384 Duo
625 1354 679 1385 hic
696 1354 870 1395 negativa,
880 1365 948 1385 mo-

247 1411 283 1432 re
308 1402 521 1438 Graecorum,
541 1403 647 1443 magis
673 1409 812 1443 negant.
839 1405 949 1435 Certa-

246 1452 306 1492 hit]
332 1453 551 1484 Emendatius
569 1454 634 1493 leg.
649 1456 790 1486 certarit.
827 1455 950 1496 Neque

247 1504 329 1541 ulla,
356 1504 467 1534 medio
496 1506 610 1535 Romae
643 1506 717 1536 vico
749 1506 802 1536 vel
834 1511 949 1537 monte

247 1554 440 1594 Capitolino
466 1562 557 1593 nata,
576 1557 637 1586 tibi
661 1557 877 1588 contenderit
895 1567 951 1587 ne-

247 1603 325 1633 dum
343 1605 463 1634 vicerit
479 1606 636 1644 uxoribus,
650 1607 777 1645 lingua,
789 1607 936 1646 ingenio.

290 1656 308 1683 7
335 1654 401 1683 Nec
425 1654 502 1693 cilo]
529 1656 650 1695 Neque
672 1655 774 1687 facile
802 1657 867 1687 alia
892 1656 950 1688 foe-

247 1704 337 1734 mina
366 1704 484 1735 nobilis
514 1712 674 1737 nascetur
700 1712 797 1737 extra
823 1707 951 1744 urbem,

247 1763 346 1794 quam
371 1756 477 1794 magis
509 1756 629 1787 deceat
654 1767 728 1788 esse
753 1758 952 1797 Romanam,

247 1804 300 1833 vel
316 1814 390 1844 quae
408 1806 511 1843 magis
529 1805 656 1837 referat
681 1812 868 1838 matronam
885 1809 952 1838 Ro-

247 1863 381 1884 manam
412 1865 511 1896 quam
543 1857 720 1887 Marcella.
770 1858 847 1895 Vel,
875 1858 951 1889 Nec

248 1909 378 1936 temere
394 1906 481 1936 ullus
504 1907 587 1936 alius
613 1915 729 1947 partus
754 1908 951 1947 peregrinus

247 1955 327 1993 erit,
348 1965 448 1995 quem
463 1956 651 1987 Romanum
675 1958 862 1988 existimari
884 1967 953 1988 ma·

249 2005 300 2044 gis
318 2005 453 2037 deceat.
494 2006 663 2038 Heruldus.
704 2008 887 2038 Distichon
907 2008 955 2038 in-

250 2054 426 2093 tricatum,
447 2060 495 2095 et,
511 2057 544 2086 ui
569 2056 681 2093 failor,
697 2057 904 2096 mendosum,
919 2057 953 2088 in

252 2114 319 2144 quo
345 2105 558 2136 emendando
585 2116 653 2137 non
678 2107 777 2147 pauci
801 2107 954 2138 elabora-

254 2159 343 2186 runt.
383 2155 455 2187 .)05.
482 2156 573 2187 Scal.
598 2157 630 2187 in
652 2157 823 2187 Catullum
847 2156 951 2196 legit:

252 2205 295 2235 Te
322 2206 382 2236 cilo
405 2206 519 2236 ridebit
541 2207 723 2246 peregrinus
749 2206 859 2237 Clodia
877 2216 953 2246 par-

250 2259 310 2291 tus,
332 2257 384 2295 [Tc.
407 2256 440 2287 id
469 2261 535 2297 est,
557 2257 722 2287 Marcella
749 2257 803 2288 cni
830 2267 952 2288 nomen

251 2306 404 2338 Claudia.
443 2307 586 2346 Risi-ehu,
609 2307 676 2347 &c.]
705 2307 797 2338 Nata
827 2307 953 2338 ridebit

249 2356 293 2386 ad
321 2362 491 2397 parentes.
536 2357 688 2388 Allusum
715 2357 755 2388 ad
778 2357 859 2388 illud
876 2358 952 2388 Vir-

250 2407 308 2446 gil.
324 2409 357 2437 4.
374 2408 448 2439 Ecl.
481 2409 490 2424 ‘
509 2409 602 2440 Quos
617 2418 683 2439 non
710 2408 814 2439 risere
831 2418 950 2448 paren-

249 2455 322 2495 tes‚’
345 2457 441 2497 cujus
468 2458 637 2488 rationem
653 2458 732 2489 vide
759 2458 850 2499 apud
874 2458 950 2489 Ser-

250 2506 341 2536 vium
358 2512 393 2537 et
403 2507 485 2538 alios
498 2508 631 2548 Virgilii
647 2508 868 2549 interpretes,
880 2513 951 2539 tum

251 2556 454 2588 Quintilian.
470 2557 558 2588 libro
575 2560 605 2588 9.
631 2568 705 2598 cap.
720 2561 751 2588 3.
768 2563 804 2589 et
819 2559 951 2589 Turne-

251 2604 330 2636 bum
349 2607 435 2637 libro
463 2609 515 2638 18.
542 2617 616 2648 cap.
639 2611 692 2638 34.
718 2607 888 2639 Catullum
916 2608 951 2639 in

252 2655 492 2694 Epithalamio.

295 2708 315 2734 9
339 2707 482 2736 Domina>
497 2706 599 2746 urbis]
625 2707 756 2738 Romae.

298 2757 337 2785 10
361 2756 501 2797 Romam,
515 2756 584 2795 ὅςα]
608 2758 717 2789 Etiam
736 2758 769 2788 iu
788 2757 917 2789 Bilbili-

718 197 859 226 NOTAE
895 197 1158 228 VARIORUM
1195 201 1244 230 IN

1047 294 1153 325 Epic.
1178 303 1271 326 xxti.
1304 298 1322 327 3
1349 297 1439 328 Caeca
1455 298 1622 338 decentior,
1638 300 1707 341 tm]

1002 343 1037 374 Si
1062 349 1208 384 utroque
1236 352 1372 377 careret
1403 348 1524 379 oculo:
1550 349 1608 379 sed
1629 349 1707 380 vide

1004 403 1078 434 quae
1096 394 1138 424 ad
1156 395 1372 435 Epigramma
1388 400 1440 429 33.
1457 398 1513 429 lib.
1530 401 1562 430 2.

1046 445 1150 477 Epic.
1168 454 1279 479 xxm.
1304 448 1476 480 Edentula
1489 459 1578 489 eras,
1596 450 1706 482 adsci-

1003 495 1083 526 visti
1116 496 1236 528 dentes
1277 498 1444 530 eburneos
1489 500 1706 542 buxeosque:

1003 547 1100 577 calva
1123 557 1213 587 eras,
1250 550 1425 590 sumpsisti
1462 560 1575 582 comas
1606 551 1707 583 facti-

1004 597 1069 628 tias
1089 602 1123 629 et
1138 599 1338 639 emptitias:
1358 610 1452 632 caeca
1468 601 1563 633 facta
1578 612 1626 640 es,
1638 613 1705 644 qua

1004 653 1077 679 arte
1093 648 1226 680 reficies
1247 650 1309 681 hoc
1338 650 1508 691 damnum,
1524 662 1600 683 cum
1617 654 1709 689 oculi

1003 707 1070 729 non
1103 700 1245 739 perinde
1271 710 1309 732 ac
1337 711 1443 732 comae
1469 707 1570 744 atque
1586 702 1708 734 dentes

1004 748 1186 780 adulterati
1201 751 1381 782 emantur?

1045 800 1065 828 2
1091 798 1175 833 Quid
1184 799 1288 837 facies
1303 802 1398 838 oculo,
1410 802 1512 833 Laelia
1525 805 1538 832 ?
1559 813 1618 833 non
1632 803 1710 834 emi-

1003 847 1071 888 tur]
1096 848 1238 880 Scribe:
1267 851 1350 886 Quid
1362 851 1490 889 facies?
1507 853 1621 893 oculus,
1637 854 1708 884 Lae-

1003 898 1056 937 Ιὶα,
1069 908 1128 930 non
1145 900 1268 931 emitur.
1296 901 1420 932 Sensus
1434 903 1705 942 elegantissimus

1004 954 1070 988 est,
1099 949 1208 981 crines
1237 951 1424 983 adscititios
1448 958 1546 993 potes
1577 962 1705 993 emere,

1003 998 1123 1030 dentes
1140 1000 1309 1032 eburneos
1325 1003 1435 1033 loculo
1459 1002 1680 1034 circumferre
1697 1014 1706 1041 ;

1002 1054 1038 1080 at
1065 1051 1188 1081 malam
1218 1051 1396 1083 deterioris
1428 1052 1528 1084 faciei
1553 1052 1708 1093 formam,

1003 1104 1063 1130 aut
1093 1101 1228 1132 oculum
1259 1112 1459 1143 comparare
1488 1112 1555 1134 non
1595 1108 1706 1144 potes.

1002 1150 1217 1191 Dempsterus.

1045 1200 1149 1232 Eme.
1161 1211 1211 1232 xx
1218 1211 1266 1233 1v.
1279 1202 1403 1233 Munus
1412 1203 1531 1233 AEliani
1542 1203 1708 1235 celebrat.

1048 1253 1063 1280 l
1090 1251 1216 1288 Cot-ine,
1246 1252 1394 1292 solitudo]
1433 1253 1561 1283 Currus
1599 1263 1710 1284 came-

1001 1304 1086 1331 rate.
1132 1302 1240 1339 Mole,
1253 1303 1357 1333 Libro
1374 1306 1406 1334 3.
1423 1313 1504 1344 cap.
1520 1307 1552 1335 4.
1569 1304 1707 1335 vehicu-

1001 1351 1069 1381 lum
1086 1350 1228 1383 falcibus
1247 1359 1434 1384 armatum:
1459 1355 1549 1385 unde
1577 1356 1586 1372 ‘
1600 1355 1684 1386 Silio
1698 1356 1706 1368 ’

1002 1401 1087 1431 libro
1104 1405 1154 1432 17.
1185 1403 1348 1434 ‘covinus
1376 1403 1536 1435 falcifer’
1560 1405 1683 1436 dictus.

1045 1454 1064 1481 2
1092 1454 1231 1483 Carruca
1243 1453 1360 1493 magis]
1385 1454 1562 1486 Curriculo
1580 1456 1708 1496 bijugo.

1004 1502 1179 1542 Essedoque
1192 1504 1334 1544 gratum]
1360 1505 1471 1536 Curru
1494 1506 1707 1546 Britannico,

1003 1553 1162 1591 petorito.

1046 1605 1064 1633 4
1092 1603 1266 1643 Quidquid]
1291 1605 1478 1637 Quodlibet
1501 1606 1620 1638 libere.

1045 1656 1064 1682 6
1094 1653 1204 1683 rector
1227 1654 1352 1694 Lybici]
1376 1657 1517 1694 Vectus,
1534 1658 1549 1686 ὁ
1574 1657 1707 1696 ὑποχού-

1001 1714 1090 1740 μενος
1119 1704 1167 1743 ἐφ’
1191 1704 1285 1743 ἵππῳ.
1341 1707 1395 1737 Sic
1425 1707 1570 1738 ‘vehere
1601 1709 1708 1748 equo’

1004 1760 1107 1793 atque
1137 1755 1193 1785 ‘in
1208 1754 1320 1796 equo‚'
1350 1755 1512 1798 frequens
1546 1768 1605 1798 pro
1618 1759 1707 1798 vehi,

1003 1802 1142 1841 ὀχεῖσθαι
1167 1805 1260 1844 ἵππῳ.
1285 1805 1389 1844 Niger
1403 1806 1528 1846 caballi]
1554 1808 1707 1847 Maurus,

1004 1855 1175 1895 Massylus
1189 1865 1290 1897 eques
1306 1858 1500 1897 expeditus.
1538 1861 1637 1900 Epig.
1653 1863 1707 1891 23.

1004 1904 1062 1934 lib.
1079 1907 1111 1935 9.
1130 1915 1216 1937 vem.
1236 1908 1288 1938 13.
1311 1911 1346 1938 et
1361 1907 1478 1948 Epigr.
1495 1911 1547 1940 13.
1564 1909 1622 1941 lib.
1653 1913 1704 1941 10.

1007 1963 1095 1985 vers.
1117 1957 1147 1986 2.

1047 2007 1066 2034 8
1093 2006 1254 2044 Nusquam
1283 2007 1390 2046 mulio,
1413 2007 1484 2047 [lya]
1517 2009 1705 2040 Mulionem

1003 2063 1069 2084 non
1096 2055 1200 2085 habet
1231 2056 1370 2086 covinus
1394 2057 1451 2097 qui
1475 2063 1571 2097 regat
1587 2068 1705 2099 equos,

1004 2105 1092 2134 unde
1107 2115 1207 2145 supra
1221 2106 1308 2136 dixit
1319 2107 1551 2138 ‘solitudinem
1564 2108 1585 2138 :'
1607 2114 1704 2140 certe

1004 2155 1140 2195 equulei
1158 2156 1314 2186 covinum
1333 2156 1507 2188 trahentes
1524 2167 1589 2189 uon
1607 2157 1703 2189 dese-

1005 2210 1093 2244 rent,
1116 2215 1181 2236 non
1207 2206 1353 2245 prodent
1370 2217 1542 2238 sermones
1559 2213 1704 2241 nostros.

1005 2255 1070 2296 Ep.
1089 2259 1139 2286 11.
1156 2256 1214 2287 lib.
1235 2259 1287 2286 13.
1619 2257 1623 2261 ’

1045 2309 1065 2337 9
1088 2307 1218 2347 Avitus]
1246 2307 1439 2341 Stertinius,
1457 2309 1629 2350 Epigram.
1660 2310 1703 2341 ad

1002 2355 1125 2387 librum
1137 2359 1168 2388 9.

1046 2409 1085 2437 10
1108 2407 1225 2438 Aurem
1238 2418 1297 2438 non
1311 2418 1380 2447 ego,
1392 2408 1460 2448 Sym]
1486 2409 1665 2440 Neminem
1682 2420 1701 2441 e

1002 2457 1125 2496 tribus,
1154 2459 1217 2489 etsi
1241 2459 1341 2499 vulgo
1365 2465 1478 2489 actum
1504 2459 1549 2490 sit
1564 2469 1701 2500 prover-

1002 2507 1113 2539 bium:
1146 2509 1296 2540 ‘Tacere
1322 2519 1420 2549 posse
1436 2508 1532 2548 duoS,
1558 2510 1702 2541 absente

1003 2558 1134 2589 altero.’

1044 2608 1147 2638 Eme.
1165 2616 1252 2639 xxv.
1277 2609 1529 2640 Faeneratorem
1553 2610 1701 2640 Thelesi·

1001 2667 1093 2696 num,
1124 2658 1181 2698 qui
1212 2659 1291 2689 nihil
1319 2659 1438 2690 Poetae
1465 2660 1534 2690 sine
1559 2661 1699 2700 pignore

1002 2707 1173 2746 credebat,
1190 2709 1364 2748 exagitat:
1390 2710 1505 2741 scribit
1521 2710 1699 2750 (111331Κο-

1002 2767 1065 2788 xuae
1082 2764 1186 2789 esset.
1211 2758 1367 2790 lfadcrus.
