1866 3131
260 150 372 191 14:38

260 265 331 286 mas
348 255 517 295 relinquit,
529 255 591 286 sibi
607 255 719 287 vinum
735 257 855 297 poscit.
890 256 958 289 Qui

262 311 373 336 tamen
391 307 482 337 locus
500 307 563 337 erit
586 307 756 343 illustrior,
781 308 807 338 si
833 309 957 338 Taren-

261 361 329 386 tum
344 357 428 387 lanis
446 366 512 386 non
535 357 656 387 nativis
678 362 820 397 tantum,
846 358 905 388 sed
923 363 958 388 et

259 417 410 447 purpura
425 408 541 438 tinctis
554 408 684 439 laudari
697 410 958 447 meminerimus,

260 462 298 488 ut
327 457 384 487 lib.
418 460 448 487 2.
480 457 589 498 Epist.
622 461 651 488 1.
688 459 807 490 Horat.
845 461 853 476 ‘
867 459 957 491 Quid

259 508 374 547 placet
397 507 499 548 ergo?
523 509 616 539 Lana
644 509 828 540 Tarentino
854 510 957 540 violas

259 558 393 588 imitata
409 558 562 589 veneno.'
608 559 663 589 De
686 559 800 590 nativa
817 570 894 591 vero
912 561 957 590 la-

259 618 312 639 nae
328 609 526 639 Tarentinae
543 610 683 640 mollitie
700 610 827 640 Plinius
849 611 906 641 lib.
925 615 955 642 8.

259 669 335 699 cap.
349 662 402 690 48.
424 660 613 691 Torrentius.
647 660 841 700 Autome-12]
856 661 956 692 Mons

261 709 439 748 Calabriae,
454 715 572 740 eontra
585 710 784 740 Tarentum.

303 761 409 791 EPIG.
431 769 554 791 CXXVI.
609 763 624 790 l
654 760 860 798 Unguentum,
889 760 956 800 ἔξω]

259 811 477 850 Praeceptum
488 810 550 841 hoc
563 819 604 840 ex
620 810 757 850 Epicuri
768 810 956 851 disciplina,

260 867 296 893 ut
313 862 452 902 quisque
466 861 530 892 suis
543 861 638 892 bonis
653 869 798 900 pr‘aesens
812 871 957 900 przesen·

259 913 349 943 tibus
376 911 521 952 fruatur,
537 912 728 952 praesertim
746 921 820 952 quae
838 911 880 942 ad
903 922 958 943 cu-

259 970 326 994 tem
356 963 540 994 curandam
577 963 762 1002 pertinent.
822 962 860 992 In
892 973 957 1003 quo

260 1023 397 1053 genere,
426 1013 516 1052 vina,
541 1013 673 1051 odores,
698 1019 880 1053 unguenta,
896 1018 957 1044 occ.

259 1064 347 1095 Vide
364 1064 479 1105 Epigr.
495 1067 547 1095 27.
574 1064 632 1095 lib.
650 1067 680 1095 6.
708 1068 743 1094 et
770 1063 887 1104 Epigr.
906 1067 956 1095 77.

264 1115 320 1146 lib.
334 1119 364 1146 8.

722 161 860 191 NOTAE
897 161 1157 191 VARIURUM
1193 163 1241 191 IN

1047 257 1152 287 Eme..
1179 265 1321 287 cxxvn.
1369 257 1529 287 Extremo
1552 255 1698 287 disticho

1006 307 1160 338 adulatur
1200 308 1326 338 Caesari
1368 307 1575 346 Domitiano,
1606 307 1699 337 velut

1004 358 1093 395 Deo,
1123 357 1165 387 ad
1187 358 1280 398 cujus
1309 363 1423 388 nutum
1445 362 1565 388 natura
1589 362 1701 388 vertat

1005 407 1107 444 vices,
1124 407 1223 438 solita
1240 409 1331 448 prius
1346 417 1454 438 rosam
1473 417 1549 438 vere
1571 412 1700 438 tantum

1006 458 1158 497 gignere,
1174 468 1262 488 nunc
1274 463 1385 489 autem
1400 464 1434 489 et
1448 464 1619 498 autumno,
1634 458 1699 488 imo

1005 507 1077 547 ipsa
1105 508 1244 548 hyeme:
1270 509 1428 550 quodque
1455 509 1622 539 hominurn
1651 518 1701 539 so-

1005 558 1103 588 lertia
1132 557 1250 596 tiebat,
1288 559 1321 589 id
1359 559 1501 590 Caesaris
1531 558 1701 589 divinitati

1006 609 1173 639 attribuit.
1199 609 1282 640 Rad.

1049 663 1063 690 1
1090 659 1284 699 festinatas]
1319 660 1508 699 Praecoces,
1524 665 1602 691 ante
1619 666 1702 691 tem—

1006 719 1068 749 pus
1103 711 1353 750 provenientes.
1409 711 1451 741 Et
1483 711 1579 741 addit
1609 711 1703 741 ‘Dat

1005 760 1148 799 bruma,'
1167 761 1244 801 quia
1259 771 1373 792 mense
1391 762 1571 792 Decembri
1586 762 1702 792 Satur-

1005 812 1095 842 nalia
1117 811 1380 842 celebrabantur
1404 816 1438 842 et
1465 812 1578 842 Xeuia
1594 812 1704 843 mitte-

1005 861 1141 892 bantur.
1186 862 1490 902 Epigran1.80.lib.
1507 866 1538 893 6.
1586 863 1704 901 Coesar,

1007 912 1064 942 tibi
1082 912 1187 942 bruma
1203 912 1344 952 coronas]
1359 913 1564 944 Domitiane.
1579 913 1703 953 Supra,

1008 963 1109 1002 Epig.
1126 965 1158 992 4.
1175 971 1264 993 vers.
1281 967 1311 994 l.
1326 966 1358 993 2.

1049 1016 1068 1043 2
1094 1014 1254 1048 (Quondam
1269 1013 1348 1044 veris
1363 1013 1540 1053 erarzt,&c.]
1574 1013 1704 1044 Natura

1007 1074 1066 1094 sua
1094 1071 1192 1095 erant
1219 1073 1344 1101 vernae,
1374 1064 1408 1094 in
1438 1070 1528 1094 tuam
1560 1064 1701 1105 gratiam

1006 1114 1168 1155 hyberna:
1186 1113 1287 1145 factae
1305 1118 1393 1145 sunt.

312 1389 732 1438 EPIGRAMM.
764 1387 905 1435 LIB.
928 1385 1077 1433 XIV.
1123 1387 1634 1437 APOPHORETA.

305 1522 364 1553 Cui
379 1523 574 1563 Apophoreta
590 1523 722 1553 inditum
735 1521 857 1562 nomen]
887 1522 959 1552 Do·

261 1582 314 1611 na,
329 1582 403 1614 quae
422 1573 455 1603 in
473 1573 705 1603 Saturnalibus
731 1573 854 1602 dantur
879 1580 958 1602 con-

261 1623 344 1652 vivis
372 1623 505 1653 domum
543 1622 696 1661 ferenda,
727 1622 768 1652 ab
808 1621 958 1661 ἆποφέρω.

260 1682 338 1702 mox
356 1673 474 1713 Epigr.
488 1676 516 1703 1.
547 1675 555 1690 ‘
569 1673 717 1703 Praemia
730 1673 881 1703 convivae
899 1673 958 1703 det

262 1734 321 1753 sua
344 1724 485 1764 quisque
503 1723 582 1753 suo!
628 1722 877 1762 ‘Vespasianus
901 1723 957 1753 da-

261 1774 331 1813 bat,
343 1775 429 1805 sicut
442 1774 677 1805 Saturnalibus
690 1774 899 1814 apophoreta
910 1774 957 1803 vi-

261 1826 318 1862 ris,
342 1826 390 1855 ita
415 1831 447 1855 et
465 1835 525 1864 per
542 1824 709 1855 Calendas
734 1824 877 1854 Martias
899 1822 956 1853 tie-

260 1874 379 1905 minis.'
435 1875 613 1904 Suetonius
650 1875 752 1914 Vesp.
791 1884 867 1914 cap.
906 1876 957 1905 19.

260 1924 407 1956 Turneb.
435 1925 491 1955 lib.
508 1928 558 1954 25.
577 1934 651 1964 cap.
668 1927 720 1954 32.

303 1977 408 2006 Eme..
434 1985 458 2006 1.
502 1975 555 2005 Ad
587 1975 748 2005 lectorem
782 1974 844 2004 hoc
879 1974 956 2013 Epi-

261 2036 408 2065 gramma
424 2027 587 2066 scriptun}
604 2025 699 2066 quasi
719 2024 958 2065 prrefatiuneu-

261 2078 300 2107 1ae
328 2077 423 2114 loco;
449 2086 513 2116 quo
535 2075 701 2106 describit
729 2075 870 2116 carptim
899 2076 958 2105 Sa-

259 2127 478 2157 turnaliorum
511 2126 785 2165 ceum-ationem,
817 2131 849 2156 et
880 2126 957 2156 libri

260 2177 433 2208 materiam
461 2176 673 2207 humiliorem
691 2181 843 2215 excusat,
857 2186 956 2216 opus-

260 2238 323 2268 que.
358 2238 377 2258 a
407 2227 576 2258 brevitate
612 2227 832 2259 distichorum
869 2237 958 2258 com·

258 2279 407 2309 mendat.
440 2278 518 2309 Rast.

307 2332 318 2359 l
345 2328 559 2370 Synthesibus,
590 2329 659 2369 &c.]
702 2330 792 2360 Dum
822 2329 955 2369 equites

259 2386 294 2411 et
311 2380 492 2410 Senatores
509 2389 568 2419 pro
590 2380 728 2410 licentia
751 2380 956 2410 Saturnaliu-

259 2440 331 2461 rum
359 2429 537 2468 indulgent
564 2430 675 2469 genio,
702 2435 736 2460 et
756 2429 883 2461 diurnis
899 2439 954 2460 va-

261 2486 340 2512 cant
382 2480 556 2519 conviviis,
594 2481 782 2521 syntlieses‚
821 2480 855 2511 id
893 2489 956 2516 est,

259 2536 372 2562 vestes
389 2531 591 2561 coenatorias
607 2530 725 2562 induti.
770 2531 887 2571 Epigr.
903 2534 954 2561 46.

261 2581 318 2611 lib.
346 2584 376 2612 2.
403 2589 489 2611 vers.
515 2582 546 2611 4.
592 2580 801 2620 Dominusque
816 2579 956 2620 senatus]

262 2631 413 2661 Alciatus
454 2631 537 2670 legit
581 2631 769 2671 dominisque
813 2635 955 2662 senatus.-

262 2680 350 2720 qnod
368 2680 490 2711 domini
508 2686 576 2710 tum
594 2681 699 2711 servis
712 2681 955 2713 ministrarent.

262 2730 374 2760 Male:
399 2740 475 2761 nam
491 2731 630 2761 (lominus
654 2735 704 2761 est
727 2731 934 2763 convivator.

1050 1520 1069 1548 2
1094 1518 1185 1549 Pilea
1207 1520 1343 1560 sumpta]
1371 1520 1483 1560 Epigr.
1511 1524 1542 1553 7.
1567 1521 1625 1552 lib.
1653 1524 1704 1552 ll.

1009 1577 1096 1599 verS.
1112 1572 1144 1600 4.
1188 1570 1313 1610 Jove-m]
1341 1572 1582 1611 Domitianum,
1597 1578 1635 1603 nt
1652 1583 1705 1602 su-

1009 1628 1069 1658 pra
1094 1630 1203 1660 saepe3
1229 1626 1263 1651 et
1292 1621 1367 1652 vide
1392 1622 1508 1662 Epigr.
1525 1627 1556 1654 4.
1574 1623 1633 1654 lib.
1653 1626 1704 1654 13.

1008 1679 1096 1700 vers.
1112 1673 1143 1701 2.
1186 1671 1262 1711 Vel,
1279 1673 1469 1703 Saturnalia
1491 1684 1510 1704 a
1525 1675 1611 1706 Jove
1627 1673 1706 1705 data

1007 1720 1175 1751 Saturno:
1195 1727 1232 1752 ut
1250 1733 1324 1753 mox
1339 1734 1346 1753 :
1367 1724 1480 1756 ‘Quos
1492 1725 1550 1756 tibi
1566 1735 1625 1766 pro
1639 1735 1702 1756 coe-

1008 1771 1038 1801 lo
1052 1770 1139 1802 filius
1155 1773 1226 1813 ipse
1240 1774 1358 1806 dedit.'

1050 1825 1068 1852 3
1094 1823 1160 1853 Nec
1190 1826 1278 1855 timet
1307 1826 1440 1866 oedilem]
1484 1826 1608 1857 AEdiles
1637 1828 1705 1858 ani-

1007 1873 1265 1904 madvertebant
1295 1876 1327 1905 in
1353 1876 1518 1907 aleatores
1536 1884 1632 1908 extra
1647 1878 1706 1908 Sa-

1010 1923 1229 1954 turnaliorum
1247 1925 1329 1956 dics.
1375 1926 1489 1966 Epigr.
1512 1930 1566 1958 58.
1594 1927 1653 1958 lib.
1669 1932 1700 1958 5.

1008 1973 1148 2013 Fritillo]
1175 1975 1291 2014 Epigr.
1308 1979 1357 2006 14.
1382 1977 1438 2007 lib.
1455 1980 1486 2008 4.
1505 1987 1591 2008 vers.
1608 1980 1638 2008 S.

1049 2026 1067 2053 4
1095 2026 1173 2054 Cum
1199 2026 1312 2062 rideat,
1339 2025 1408 2065 «ἰῇ-0.]
1433 2026 1516 2056 Cum
1543 2028 1629 2057 servi
1659 2029 1704 2057 vi-

1007 2073 1110 2104 deant
1139 2075 1257 2105 adesse
1297 2077 1533 2117 Decembrem,
1560 2088 1704 2108 mensem

1006 2125 1203 2164 hybernum.
1248 2127 1425 2159 Fnrnabz‘ns.
1481 2129 1570 2160 Puto
1598 2130 1703 2170 expli-

1007 2175 1172 2206 candum:
1197 2177 1228 2206 in
1260 2187 1340 2218 quos
1371 2179 1463 2216 alias,
1489 2189 1564 2210 cnm
1588 2180 1705 2210 Satur-

1006 2226 1096 2256 nalia
1113 2236 1177 2256 non
1196 2235 1283 2267 suut⁷
1299 2227 1530 2268 deprehensus
1547 2229 1587 2259 ab
1605 2230 1703 2260 aedile.

1007 2276 1132 2306 soleret
1158 2276 1317 2317 demergi.
1361 2280 1368 2294 ⁴
1389 2279 1517 2309 Lacus'
1543 2280 1706 2320 interpre-

1008 2331 1060 2356 tor
1076 2327 1219 2357 cloacas.
1247 2328 1289 2358 Et
1306 2328 1370 2359 huc
1388 2329 1489 2360 alludi
1503 2335 1584 2370 puto
1597 2330 1656 2361 lib.
1670 2335 1702 2361 5.

1007 2377 1070 2415 Ep.
1087 2380 1140 2407 85.
1164 2378 1172 2393 ‘
1190 2377 1322 2409 Arcana
1351 2381 1449 2410 modo
1477 2386 1594 2421 raptus
1611 2391 1628 2412 e
1647 2391 1703 2421 po-

1007 2427 1083 2467 pina
1099 2428 1238 2459 AEdilem
1254 2437 1350 2469 rogat
1362 2431 1446 2461 udus
1458 2432 1610 2463 aleator?
1632 2433 1701 2463 Ne-

1006 2488 1070 2518 que
1089 2480 1176 2509 enim
1201 2482 1209 2497 ⁴
1224 2479 1324 2510 ndus’
1350 2481 1440 2521 mihi⁷
1457 2482 1534 2513 vino
1555 2482 1702 2518 triadem,

1005 2529 1064 2560 sed
1082 2540 1181 2570 aqua,
1194 2531 1225 2560 in
1242 2541 1307 2571 qua
1322 2541 1428 2572 poenae
1442 2542 1541 2564 causa
1555 2538 1704 2571 tenetur,

1007 2585 1043 2610 et
1059 2586 1168 2620 rogat,
1185 2586 1219 2611 ut
1237 2582 1378 2612 celerius
1401 2591 1442 2612 ex
1469 2592 1567 2622 poena
1593 2584 1701 2614 mitta-

1006 2635 1073 2669 tur,
1110 2635 1144 2661 et
1190 2641 1254 2661 una
1290 2632 1452 2663 mersione
1491 2632 1702 2673 defungatur.

1007 2681 1215 2722 Quamquam
1243 2687 1277 2712 et
1306 2681 1462 2722 perfundi
1487 2693 1571 2723 aqua
1589 2689 1704 2723 potue-

1007 2733 1074 2763 rint
1103 2733 1317 2764 contumeliae
1360 2743 1485 2765 causa:
1516 2739 1553 2765 ut
1592 2734 1699 2774 ipsum
