1866 3131
370 207 417 234 M.
453 205 560 232 x‘AL.

171 303 188 329 2
215 299 347 329 Huncin
360 297 526 336 lautorum]
546 296 719 326 Divitum:
746 303 819 324 nam

128 354 180 381 50.
203 350 367 381 drachmis
400 350 528 379 unicam
560 348 602 377 ab
641 346 818 384 Aristippo

128 406 275 439 emptam
298 401 448 441 legimus.
495 399 545 428 De
561 404 690 434 natura,
706 396 749 434 vi,
771 396 819 424 in-

129 451 239 487 genio,
251 453 313 480 ἀς.
330 450 405 479 vide
423 448 622 479 Gesnerum.
645 445 714 477 Alii
731 445 821 475 Hanc

128 500 289 539 inpt'scina
311 500 412 530 ludere
436 508 516 538 scrpe
538 498 614 527 soles
642 497 770 536 legunt,
785 500 820 525 et

130 550 281 579 alludunt
313 549 353 579 ad
383 548 495 579 ludum
527 547 557 577 in
591 547 732 587 piscina,
763 544 820 584 qui

128 598 228 639 πέρδιξ
254 610 310 630 seu
340 598 531 639 περδικισμὸς
560 598 682 629 dictus.
730 598 820 627 Mmt-

128 650 213 690 ‹ier-e]
238 651 348 681 Palat.
366 652 502 680 condere.

172 702 275 731 Erro.
296 710 388 731 wa.
432 703 445 730 l
463 700 592 738 Perjuro
607 700 698 729 dente
711 699 821 728 colum·

128 752 193 791 bas]
230 752 341 782 Docet
367 752 456 781 enim
481 758 624 790 sequens
641 757 756 778 versus
774 748 821 777 in-

128 802 309 832 terdictum
333 801 433 831 fuisse
449 799 712 831 columbinoruiu
730 807 822 828 esum

128 852 249 891 Mystis
266 853 419 890 Veneris,
434 852 488 891 qui
517 851 639 881 initiati
659 854 757 880 erant
773 858 821 879 sa-

128 903 192 932 cris
210 903 294 933 Deae
313 903 398 933 Veu.
422 902 550 932 Cnidiis
576 902 728 941 religiose
752 901 821 930 cnl-

131 958 186 988 tao,
218 959 253 983 et
276 953 328 983 cui
353 952 506 982 columba
535 961 642 982 sacra.
688 950 821 988 Pergjztro

127 1002 230 1042 ciente]
269 1004 380 1035 Quum
408 1003 522 1042 Mysta
548 1002 690 1032 Veneris
705 1007 822 1032 contra

123 1054 180 1091 jus
217 1062 387 1083 sacrorum
417 1062 550 1083 ¹suorum
581 1053 683 1083 violet
712 1053 821 1082 minis-

129 1108 215 1132 tram
233 1103 376 1133 Veneris
391 1103 591 1133 columbam.

171 1156 189 1182 2
214 1152 296 1192 Tibi]
333 1153 508 1183 Sacerdoti
536 1153 608 1184 scil.
635 1157 669 1182 et
697 1152 822 1191 Mysiae

129 1203 281 1233 Veneris.

172 1253 277 1284 Eme.
296 1262 411 1284 van.
449 1254 619 1284 Palumbus
647 1252 823 1293 torquatus]

127 1304 181 1333 Sic
206 1303 316 1333 dictus
339 1314 357 1334 a
374 1304 500 1334 circulo
520 1314 577 1334 seu
594 1310 714 1344 torque
731 1303 823 1334 circa

127 1353 261 1383 collum.
312 1353 390 1384 Avis
418 1361 512 1384 casta
535 1364 578 1384 ex
600 1354 748 1384 moribus
765 1363 823 1393 ap-

130 1404 286 1442 pellatur,
316 1404 403 1444 quod
434 1414 545 1434 comes
574 1405 617 1435 sit
644 1404 823 1434 castitatis.

128 1453 260 1483 Dicitur
275 1455 361 1484 enirn
377 1455 495 1485 amisso
507 1455 674 1496 corporali
690 1465 824 1486 consor·

128 1504 174 1533 tio
198 1505 347 1535 solitaria
374 1506 546 1545 incedere,
569 1516 632 1537 nec
655 1506 822 1537 carnalem

127 1555 280 1593 copulam
301 1556 388 1586 ultra
405 1558 584 1596 requirere.

174 1609 183 1635 l
211 1606 360 1646 Inguina]
383 1608 563 1644 Venerem,
580 1608 800 1638 salacitatem.

172 1657 420 1687 inuam-111.
447 1660 458 1687 1
483 1657 629 1697 Gamala]
652 1657 732 1696 Alii,
747 1658 823 1688 Ga(-

129 1707 210 1737 bina.
235 1707 354 1737 Recte.
389 1707 542 1737 Galbinae
568 1717 661 1747 ergo,
678 1717 736 1737 seu
755 1708 822 1745 gal-

128 1758 199 1788 beae
224 1763 324 1798 atque
341 1758 444 1788 etiam
471 1758 626 1796 galbulae,
650 1766 729 1787 aves
746 1762 824 1787 sunt

128 1808 242 1837 viridis
258 1813 316 1838 aut
332 1808 412 1838 lutei
430 1808 551 1837 coloris
568 1819 574 1837 :
601 1808 728 1838 Graecis
743 1813 826 1846 χλω-

128 1859 203 1896 ρίδες
219 1858 385 1888 dicuutur.
431 1858 589 1898 Baptista
607 1858 689 1888 Pius
705 1859 825 1889 asserit

130 1910 306 1939 lectionem
332 1909 477 1948 Galbuln,
494 1920 567 1949 qua’
590 1908 717 1949 ἷκτερός.
754 1909 823 1940 An-

127 1965 197 1990 not.
217 1960 312 1990 Post.
329 1969 404 1999 cap.
421 1963 474 1990 29.
500 1959 649 1999 Calamis]
666 1960 825 1990 Viscatis.

168 2012 189 2039 2
214 2009 418 2050 Turget‚&c.]
452 2009 625 2040 Autumno
643 2010 761 2050 primo.

170 2061 273 2091 Eme.
291 2069 393 2091 Lxrx.
428 2064 442 2091 l
461 2060 666 2099 Pannonicas,
688 2059 754 2099 ἐξα]
796 2061 824 2091 Ε

126 2112 301 2142 Pannonia
317 2112 431 2142 missas
444 2111 634 2142 Pudemiin
650 2111 825 2142 Umbriam

128 2163 239 2193 misit:
264 2164 319 2194 ille
337 2164 489 2194 Romam.
522 2163 728 2193 Pannonicae
743 2172 824 2204 ergo

128 2213 235 2242 Cattae
257 2213 405 2244 Martiali
418 2220 507 2252 sunt,
518 2223 600 2254 quas
613 2214 710 2253 vulgo
723 2215 732 2230 ‘
742 2223 825 2244 mar-

128 2261 198 2291 tas'
228 2263 433 2295 vocitamus:
467 2274 541 2304 quae
563 2263 605 2295 de
631 2274 755 2304 genere
776 2263 824 2294 fe-

130 2312 206 2341 lium
224 2319 301 2343 sunt
321 2314 559 2353 sylvestrium3
594 2324 651 2345 seu
669 2315 823 2345 mustelae

128 2363 321 2401 sylvestres.

172 2416 190 2443 2
215 2413 363 2452 Domino]
399 2414 611 2452 Domitiano,
638 2415 691 2445 vel
727 2415 825 2446 diviti

131 2471 285 2502 patrono.

175 2514 278 2543 Eme.
292 2521 374 2544 Lxx.
389 2516 408 2544 2
422 2514 515 2544 Hunc
525 2524 604 2545 soero
615 2516 826 2556 tradere,&c.]

128 2565 369 2603 Spectaculum
399 2564 569 2604 pulchrius
597 2575 693 2605 quam
717 2565 825 2597 fercu-

130 2617 211 2652 lum,
228 2625 322 2645 avem
339 2615 445 2645 oculis
465 2625 564 2656 quam
590 2618 674 2656 gulae
700 2617 826 2657 gratio-

129 2675 211 2696 [ΩΠΙ.

173 2717 277 2746 ΕΡιυ.
295 2724 393 2746 Lxxr.
430 2718 443 2745 1
468 2715 529 2745 Dat
546 2716 746 2756 mihi3›1›nnn‚
759 2719 824 2758 δῖα]

126 2764 362 2805 Φοινικόπτερος,
388 2766 548 2806 puniceus
571 2767 649 2798 alas.
688 2768 823 2799 Phceui«

597 204 625 231 M
639 204 661 230 A
675 200 867 231 vcrlAiAs
905 200 1008 228 lii’lG
1022 199 1062 228 lt.

1102 199 1189 227 ΜΒ.
1226 198 1336 226 xiii.
1454 185 1568 225 '1433

870 304 1026 339 copterus
1044 309 1121 339 ergo
1141 300 1222 335 avis,
1239 299 1329 330 circa
1344 300 1436 328 lacus
1458 303 1491 327 et
1512 307 1568 336 pa-

871 349 965 379 ludes
990 349 1161 387 victitans,
1186 350 1258 380 visu
1284 348 1436 388 pulchra,
1462 353 1495 377 et
1513 356 1568 377 co-

870 399 939 428 lore
963 397 1087 428 decora
1112 408 1304 438 purpure03
1337 397 1567 437 magnitudine

870 448 1022 486 ciconiae,
1047 450 1110 478 stc.
1159 449 1297 488 Gulosis]
1338 447 1471 488 Apicio,
1498 446 1569 477 He-

870 498 1051 538 liogabalo,
1067 498 1218 529 Vitellio.

913 552 932 578 2
958 549 1042 583 Quid
1055 549 1082 578 si
1097 550 1246 588 garrulce,
1260 548 1326 588 ξω]
1350 549 1484 581 Quanto
1500 557 1568 578 ma-

871 599 920 639 gis
947 600 1070 638 gulosis
1096 600 1169 630 istis
1198 603 1346 639 saperet,
1372 599 1398 628 si
1422 608 1487 628 vox
1513 607 1569 628 ac-

871 651 1041 687 cessisset,
1059 650 1179 690 quibus
1195 649 1299 680 tacita
1316 649 1427 687 lingua
1452 653 1518 678 tam
1536 648 1569 677 in

873 700 1005 731 deliciis
1022 701 1095 731 cst?
1125 700 1342 740 Respicitque
1359 698 1468 729 Poeta
1482 698 1568 738 pati-

871 761 947 781 nam
966 751 1081 791 AEsopi
1099 750 1243 791 tragoedi
1261 760 1302 781 ex
1314 750 1438 789 linguis
1456 748 1568 779 avium

872 811 1080 832 canorarum.
1104 802 1193 832 Plin.
1210 801 1267 831 lib.
1285 803 1336 830 10.
1351 809 1424 839 cap.
1441 802 1493 829 51.

915 853 1017 882 Epio.
1032 861 1151 883 Lxxn.
1168 855 1183 882 l
1197 851 1321 890 Argiva
1329 849 1449 889 carina]
1467 849 1570 889 Argo.

915 904 933 932 2
961 902 1084 940 Phasis,
1096 901 1178 941 erat]
1203 901 1253 931 Fl.
1270 900 1492 931 Colchorum:
1513 908 1574 929 un-

871 952 912 982 de
930 952 1110 992 phasianos
1125 952 1166 982 ab
1181 951 1384 991 Argonautis
1402 956 1571 989 transpor-

872 1008 962 1034 tatos
980 1004 1103 1044 arguit,
1118 1013 1135 1033 a
1149 1004 1281 1034 nomine
1296 1002 1380 1033 avis.
1413 1001 1495 1031 Post
1509 1001 1571 1031 hoc

873 1053 1039 1084 distichon
1068 1052 1255 1092 interponit
1284 1051 1446 1082 Arondel.
1479 1050 1569 1080 aliud

874 1102 915 1133 de
934 1103 986 1133 avi
1011 1103 1130 1133 eadem
1161 1113 1236 1132 cum
1264 1103 1440 1132 lemmate:

1073 1161 1251 1182 PHASIANI
1279 1161 1364 1183 Duo.

877 1203 964 1236 Quas
979 1203 1086 1241 Argoa
1110 1202 1196 1242 prius
1211 1202 1381 1232 transvexit
1400 1202 1503 1232 lese
1518 1212 1570 1233 ca-

957 1251 1039 1290 rina,

917 1303 992 1333 Oris
1003 1311 1074 1332 aves
1088 1302 1187 1342 sapidi
1193 1302 1324 1340 foemina
1336 1302 1442 1341 virque
1461 1311 1573 1332 sumus.

875 1353 951 1384 Nec
983 1353 1143 1384 Martiale
1168 1353 1340 1391 indignum
1358 1352 1504 1383 videtur.

919 1404 1024 1435 Eric.
1051 1413 1185 1435 Lxxur.
1223 1407 1237 1433 1
1260 1404 1397 1433 Romano
1420 1403 1571 1442 quumvis,

873 1454 940 1493 ξω]
980 1454 1047 1486 Qui
1076 1454 1238 1484 Romanis
1266 1453 1298 1482 in
1329 1452 1483 1483 deliciis?
1520 1453 1573 1483 An

875 1505 950 1544 qnia
965 1505 1114 1535 servavit
1137 1504 1343 1543 Capitolium
1369 1503 1511 1534 Romae?
1537 1508 1573 1534 ut

872 1560 1035 1595 sequente
1051 1555 1230 1595 Epigram.

916 1608 935 1635 2
959 1605 1038 1635 snas
1059 1615 1226 1644 nunquam,
1252 1604 1320 1644 Cym]
1360 1604 1575 1642 Numidicas,

875 1665 947 1695 quae
966 1655 1111 1686 nondum
1131 1655 1218 1695 gulae
1247 1655 1399 1685 barbarae
1422 1655 1576 1686 innotue-

875 1711 960 1735 rant.
1000 1706 1135 1736 Faruab.
1194 1706 1385 1736 Numidicae
1413 1715 1493 1744 ergo
1514 1715 1573 1736 seu

875 1754 1061 1793 Africanae,
1093 1755 1123 1784 in
1154 1765 1194 1785 ea
1225 1761 1320 1794 parte
1350 1754 1489 1795 Africa‘,
1519 1757 1574 1787 cui

878 1805 1040 1835 Numidia
1058 1814 1191 1835 nomen.

920 1856 1025 1886 Erro.
1044 1864 1169 1886 Lxxw.
1206 1859 1220 1885 l
1242 1855 1321 1885 Hoec
1344 1856 1489 1891 servavit,
1505 1855 1575 1896 fisa]

876 1906 1023 1936 Manlius
1054 1907 1212 1945 clangore
1250 1906 1377 1936 auseris
1405 1907 1574 1937 excitatus

875 1957 1057 1987 subeuntes
1068 1962 1167 1987 nocte
1180 1956 1294 1986 Gallos
1312 1966 1331 1985 a
1348 1966 1474 1987 summa
1491 1966 1574 1995 rupe

876 2008 1018 2048 dejecit,
1040 2011 1102 2039 &cn
1129 2008 1202 2038 Liv.
1216 2012 1248 2038 5.
1277 2009 1315 2039 L.
1333 2008 1452 2038 Florus
1468 2008 1526 2039 lib.
1546 2011 1574 2038 l.

875 2069 952 2100 cap.
969 2062 1020 2091 13.
1049 2059 1253 2090 Plutarchus
1280 2059 1336 2089 lib.
1365 2058 1407 2090 de
1426 2059 1576 2090 Fortuna

876 2110 971 2140 Rom.
989 2112 1053 2140 ἃς.

917 2163 936 2190 2
962 2160 1118 2197 Nondum,
1156 2158 1226 2198 &ej
1269 2160 1455 2199 Postquam
1494 2168 1574 2190 vero

875 2209 1096 2240 Domitianus
1111 2209 1276 2239 Dominus
1290 2219 1328 2239 ac
1345 2211 1440 2240 Deus
1459 2216 1574 2240 noster

876 2259 1079 2298 Capitolium
1126 2257 1367 2298 conflagratum
1414 2259 1576 2297 restituit,

876 2319 940 2340 nou
956 2319 1038 2349 opus
1056 2315 1107 2339 est
1124 2318 1256 2347 ansere,
1271 2308 1394 2339 nedum
1413 2309 1477 2339 alio
1501 2319 1574 2340 cus-

876 2360 970 2391 tode.

919 2410 1024 2440 Eme.
1042 2417 1151 2439 Lxxv.
1177 2411 1191 2438 l
1211 2407 1360 2438 Turbabis
1374 2417 1489 2443 versus,
1505 2409 1574 2449 ξω]

876 2462 1046 2500 Exempta
1063 2469 1128 2489 una
1155 2459 1225 2489 avis
1249 2458 1398 2490 turbabit
1422 2460 1574 2490 ordinem

876 2517 911 2542 et
940 2510 1083 2541 formam
1108 2510 1232 2545 literae,
1256 2519 1355 2550 quam
1383 2519 1426 2540 ex
1453 2520 1572 2550 gruum

877 2560 992 2591 volatu
1016 2558 1422 2590 adinvenitPalamedes.
1446 2560 1490 2590 sit
1517 2560 1574 2592 illa

877 2611 907 2641 Y
935 2620 976 2640 an
994 2609 1035 2640 A.
1070 2619 1125 2646 an,
1153 2614 1192 2640 ut
1218 2609 1291 2639 aliis
1316 2610 1423 2650 magis
1447 2611 1576 2651 placet,

876 2667 915 2692 Δ.
961 2661 1033 2691 Nisi
1052 2661 1164 2699 potius
1180 2659 1223 2690 ob
1235 2663 1272 2697 Φ,
1289 2669 1307 2690 a
1323 2660 1508 2692 Palamede
1524 2662 1573 2692 in-

877 2716 1025 2750 ventum,
1052 2719 1149 2747 grues
1178 2710 1368 2741 Palamedis
1397 2720 1474 2741 aves
1506 2711 1573 2742 dici

874 2762 990 2793 malis:
1018 2761 1108 2802 quia,
1123 2760 1186 2792 etsi
1211 2761 1243 2790 in
1262 2760 1403 2791 volando
1421 2760 1572 2793 referant
