1866 3131
340 181 388 211 Μ,
422 180 533 210 VAL-
566 180 839 210 MARTIAMS
876 182 1033 211 EPIGR.
1069 182 1160 211 [ΑΒ.
1196 182 1301 212 vm.

102 275 318 307 matrimonio
336 275 530 317 jungendos
547 276 616 314 ait;
641 276 688 307 sic
713 275 803 306 enini

101 326 267 365 futurum,
291 331 329 357 ut
356 336 391 357 se
411 332 528 357 mutuo
544 327 751 366 interimant,
767 331 802 357 et

102 387 168 408 una
186 376 387 408 efferantur.
412 378 495 407 Rad.

147 430 161 458 l
190 427 307 467 Effert,
322 426 392 468 Spin]
426 427 479 457 Ad
498 436 614 468 rogum
631 431 666 458 et
687 426 800 467 sepul-

105 478 234 509 chrum.

143 532 163 560 2
191 530 414 570 Funereamque
431 529 552 569 facem]
578 530 719 560 Facibus
744 538 798 560 ac-

98 580 209 610 censis
225 580 331 612 elatos
354 580 457 611 fnisse
488 585 638 611 mortuos
664 580 799 610 notissi-

99 639 188 660 mum
206 636 268 660 est.
314 630 380 660 Eas
402 631 598 670 gestabant,
627 631 683 672 qui
700 629 798 661 funus

98 680 487 722 prosequebantur‚quae
505 681 718 712 consuetudo
734 691 798 712 non

98 730 233 761 omniuo
254 730 400 762 sublata.
448 732 523 764 Quo
555 732 669 771 plnres
697 731 797 763 funus

98 780 386 821 exsequebantur,
417 790 457 812 eo
485 786 519 812 et
550 782 664 822 plnres
694 781 798 814 faces.

96 830 211 869 Unde,
233 831 296 861 hoc
322 831 430 871 signo,
454 833 690 873 exsequiarum
708 833 797 863 cele-

96 881 203 912 britas
234 887 383 912 notatur.
428 883 640 914 ‘Funeream
670 882 798 914 facem’

95 931 183 962 dixit
199 931 303 963 Mart.
320 937 358 963 ut
381 931 571 973 distinguat
596 943 615 964 a
640 933 796 974 nuptiali.

97 981 231 1013 Herald.

136 1034 155 1062 3
195 1033 374 1073 Committe,
407 1035 520 1074 Venus]
565 1035 722 1075 Metaph.
755 1035 796 1066 ab

94 1091 211 1114 arena.
257 1082 533 1124 Congrediantnr
564 1085 700 1116 tandem
729 1086 796 1116 vic-

94 1137 147 1162 tor
162 1131 217 1163 hic
247 1142 402 1172 uxorum,
419 1135 545 1166 victrix
574 1136 633 1166 illa
658 1137 796 1166 marito·

94 1192 182 1222 rum,
198 1184 412 1215 matrimonio
424 1185 554 1225 juncti,
569 1191 605 1216 ut
617 1186 794 1216 videamus

93 1239 170 1265 uter
197 1234 332 1272 vicerit,
360 1236 414 1266 vel
432 1246 472 1266 au
491 1242 633 1277 uterque
657 1236 796 1267 fortiter

93 1285 186 1325 quasi
225 1284 351 1316 mutuis
390 1286 588 1317 vulneribus
626 1285 793 1317 occubue-

94 1336 151 1368 rit.
630 1352 633 1372 l

135 1390 154 1418 4
178 1388 318 1419 Libitina
332 1388 437 1430 serat]
466 1391 655 1421 Feretrum.
700 1389 793 1420 Libi-

94 1437 166 1469 tina
182 1444 295 1470 autem
309 1440 470 1470 Romanis
483 1442 557 1471 Dea
572 1450 696 1481 praeses
707 1450 794 1471 mora

92 1488 146 1527 tis,
162 1489 196 1519 in
210 1489 306 1529 eujus
323 1489 397 1520 aede
422 1500 497 1530 quae
511 1491 553 1521 ad
583 1491 792 1531 sepulturam

93 1538 269 1577 pertinent
298 1539 554 1571 vendebantur:
590 1547 712 1581 estque
739 1552 793 1572 ea-

95 1588 259 1619 demeum
276 1589 434 1627 Venere;
459 1590 635 1620 Plutarch.
661 1591 770 1630 probl.

137 1639 241 1670 Epm.
259 1647 356 1670 xuv.
381 1640 655 1680 'l'itnllumjnbet
678 1642 793 1673 vivere

95 1688 288 1729 genialiter,
317 1699 379 1719 nec
419 1690 612 1721 haeredibns
652 1692 792 1732 ingratis

93 1739 200 1770 multa
227 1739 430 1779 relinquere.

137 1792 152 1820 1
183 1790 254 1820 Vive
289 1790 422 1830 semper]
463 1790 666 1822 Genialiter.
713 1792 791 1832 Epi-

92 1849 233 1880 gramm.
251 1843 302 1871 16.
318 1841 375 1871 lib.
390 1844 419 1871 1.
438 1840 507 1872 Hoc
522 1852 622 1872 serum
634 1842 695 1883 est]
714 1843 791 1874 Hac

97 1895 212 1922 oetate.

133 1943 153 1971 2
176 1939 239 1970 Sub
255 1940 528 1982 Poedagogo,3sc.]
558 1943 699 1974 Etiamsi
727 1953 792 1975 coe-

92 1991 198 2031 pisses
226 2000 245 2020 a
269 2000 385 2031 puero.

91 2086 110 2114 2
132 2044 152 2072 4
183 2041 282 2072 Omne
298 2040 406 2081 limen]
434 2042 499 2082 Ep.
516 2045 569 2074 79.
582 2042 638 2074 lib.
655 2045 686 2075 4.
705 2053 791 2075 vers.

132 2135 152 2163 6
178 2133 311 2173 Triplici
335 2143 460 2174 sparsus
476 2135 563 2175 ante]
592 2135 709 2176 Epigr.
737 2138 790 2166 38.

90 2184 149 2215 lib.
166 2187 195 2216 3.
213 2194 300 2216 vers.
316 2189 347 2216 4.
378 2186 484 2225 Equos
495 2188 610 2228 omnes]
635 2187 790 2228 Equites,

91 2236 261 2276 inquiunt,
284 2241 319 2267 et
343 2237 482 2277 judices
507 2240 674 2279 equestris
700 2239 788 2270 ordi-

91 2286 163 2316 nis:
189 2286 247 2316 scd
266 2287 346 2327 quid
363 2287 388 2317 si
413 2288 569 2328 designet
599 2289 666 2320 tria
692 2288 789 2320 fora?

94 2341 122 2368 l.
148 2338 270 2376 vetus,
292 2338 325 2367 in
343 2348 408 2378 quo
423 2340 514 2379 equi,
538 2339 569 2369 id
587 2344 652 2377 est,
667 2345 787 2371 statum

91 2395 279 2429 equestres.
322 2392 353 2420 2.
369 2390 408 2421 C.
425 2390 507 2421 Julii
526 2391 610 2421 Caes.
625 2391 664 2421 ad
680 2391 788 2422 aedem

92 2440 227 2470 Martis.
252 2442 270 2469 3
297 2438 457 2479 Augusti,
487 2441 542 2471 ubi
571 2442 727 2473 Colossus
753 2447 789 2473 et

90 2490 295 2520 bibliotheca
312 2490 466 2531 Augusti.

132 2542 151 2570 8
178 2540 368 2580 Tertiasque,
408 2541 621 2582 quine-fasque]
663 2543 788 2581 Horas,

88 2600 155 2621 non
168 2591 325 2621 tabernas
338 2591 547 2625 decuriasve.
570 2593 658 2624 Vide
669 2594 788 2635 Epigr.

89 2643 141 2671 67.
159 2640 260 2672 infra.

131 2694 168 2722 ll
197 2692 418 2733 Calendarum]
442 2692 654 2735 Debitorum,
679 2705 696 2727 a
714 2694 786 2736 qui-

1436 171 1545 212 1311

853 274 914 305 bus
942 284 1052 306 usura:
1082 276 1221 317 singulis
1251 276 1408 308 Calendis
1433 277 1548 317 exige-

853 325 985 356 bantur.

896 380 934 407 13
962 378 1107 417 ducente]
1146 379 1373 419 Exponam,
1409 388 1546 418 compo·

851 427 928 457 sito.

895 479 933 507 14
968 477 1097 517 Fartus,
1125 477 1194 518 lisa]
1227 479 1318 510 Dum
1360 485 1547 519 apparatur

851 526 912 558 tibi
938 532 1030 557 torus
1055 526 1226 569 funereus,
1252 529 1285 560 in
1312 539 1377 570 quo
1396 528 1547 560 effen-aris

849 577 891 608 ad
916 587 1056 618 rogum:
1087 579 1142 620 qni
1168 589 1310 620 papyro,
1325 580 1378 610 vei
1398 582 1449 619 (nt
1474 580 1548 612 JOS.

848 628 974 668 Scalig.
1011 628 1054 658 ad
1086 629 1330 660 Guilandinuin
1360 629 1449 670 vult)
1482 628 1546 660 fari

847 678 961 709 Tusco
977 676 1199 710 farciebatur.
1245 679 1363 720 Epigr.
1395 682 1449 711 97.
1487 679 1546 711 lib.

857 731 908 760 10.

890 783 928 810 15
956 779 1236 820 Flentes...tristis]
1260 779 1301 811 Iu
1325 779 1437 811 medio
1453 778 1546 811 fune·

849 831 893 861 ris
911 832 960 861 tui
978 832 1084 864 luctu.

892 882 998 914 Eme.
1026 891 1113 913 va.
1152 882 1314 913 Celebrat
1348 881 1495 913 reditum
1526 891 1545 913 e

848 932 962 963 Sicilia
986 933 1027 963 Ρ.
1043 933 1207 971 Terentii,
1221 933 1388 964 Martialis
1403 932 1546 964 familia-

848 983 990 1014 rissimi:
1027 989 1062 1015 et
1089 988 1262 1024 precatur,
1296 988 1334 1015 ut
1365 989 1433 1014 tam
1464 984 1544 1014 laete

848 1044 927 1065 mox
944 1034 1044 1066 etiam
1061 1034 1178 1066 Flacci
1205 1034 1380 1066 redeuntis
1397 1044 1415 1065 e
1432 1034 1547 1075 Cypro

849 1085 936 1115 diem
955 1090 1044 1125 agat.

890 1138 906 1165 1
932 1135 1068 1165 AEtnaeis
1083 1134 1173 1175 mihi,
1188 1134 1257 1175 δῖα]
1280 1134 1406 1173 Sicilia,
1426 1134 1459 1166 in
1476 1143 1544 1176 qua

848 1185 961 1216 AEtna.

889 1239 909 1266 2
933 1236 1048 1268 Lat-tea
1059 1247 1182 1276 gemma
1194 1237 1294 1277 notet]
1310 1237 1417 1268 Albus
1431 1237 1545 1269 calcu-

844 1286 921 1317 lus:
952 1292 1080 1327 sumpt.
1111 1297 1130 1318 a
1159 1288 1325 1318 Thracum
1353 1297 1457 1327 more,
1483 1288 1539 1328 qui

845 1336 976 1368 faustos
1012 1337 1085 1368 dies
1116 1337 1199 1368 albis
1216 1338 1353 1379 lapillis,
1377 1337 1542 1369 infaustos

845 1386 947 1426 nigris
974 1391 1227 1427 computat-unt.
1270 1387 1545 1428 Ipsamargarita

845 1437 919 1467 vice
938 1436 1004 1467 albi
1028 1436 1162 1468 calculi.
1206 1437 1261 1468 Sic
1277 1437 1397 1478 Epigr.
1413 1440 1466 1468 38.
1484 1437 1539 1469 lib.

845 1490 896 1519 10.
915 1497 1000 1519 vers,
1023 1491 1054 1519 5.
1075 1494 1109 1518 et
1127 1488 1246 1528 Epigr.
1263 1491 1316 1520 34.
1334 1488 1456 1519 lib.12.

887 1539 905 1567 3
931 1537 1130 1577 Splendescat
1147 1537 1287 1578 turbida]
1311 1539 1420 1569 Lente
1437 1544 1542 1570 trans-

843 1587 1003 1618 mittente
1029 1589 1154 1628 vinnm,
1181 1589 1270 1630 quod
1288 1590 1464 1630 paullatim
1482 1599 1543 1630 per

843 1637 951 1669 colum
968 1637 1123 1669 distillat.
1167 1639 1262 1678 Lino]
1286 1639 1411 1670 Vinum
1429 1644 1541 1670 vetus·

843 1691 915 1718 tum
932 1693 967 1718 et
981 1697 1104 1719 annoso
1119 1688 1186 1719 situ
1203 1698 1350 1719 crassum
1370 1689 1543 1720 transmit-

844 1743 936 1769 tatur
960 1748 1020 1779 per
1047 1748 1181 1770 saccum
1205 1739 1257 1769 vel
1273 1739 1383 1770 colum
1400 1749 1465 1779 quo
1484 1738 1542 1771 de-

842 1787 988 1820 fecetur.
1014 1789 1101 1819 Vide
1115 1788 1406 1829 Epig1·.40.lib.2.
1425 1789 1542 1830 Epigr.

842 1841 895 1869 61.
929 1838 988 1870 lib.
1012 1841 1064 1870 12.
1089 1838 1170 1870 item
1187 1839 1246 1870 lib.
1265 1841 1314 1870 14.
1331 1839 1450 1880 Epigr.
1468 1842 1540 1870 103.

842 1892 877 1919 et
892 1891 964 1920 101.

884 1941 903 1969 4
944 1938 1118 1979 Amphora]
1154 1938 1328 1971 Annosum
1361 1940 1474 1971 vinum
1507 1946 1543 1972 et

841 1988 1007 2019 seculare.
1028 1989 1162 2020 Centeno
1173 1990 1308 2029 consule]
1329 1991 1445 2031 Longo
1459 1996 1540 2022 tem-

841 2048 937 2079 pore,
952 2039 1069 2070 multis
1095 2040 1202 2070 annis.
1245 2040 1332 2071 Vide
1364 2041 1539 2081 Epigram.

840 2092 893 2120 27.
908 2089 967 2120 lib.
981 2092 1010 2121 1.
1024 2099 1112 2120 vers.
1125 2094 1156 2121 7.
1182 2090 1281 2121 Facta
1293 2091 1407 2132 minor]
1424 2091 1539 2122 AEtate

841 2140 1030 2178 imminuta,
1059 2141 1151 2171 senio
1176 2141 1370 2174 exsiccata:
1405 2141 1539 2172 assidue

841 2191 932 2221 euim
946 2190 1025 2230 quid
1039 2190 1186 2230 deperit.

882 2245 900 2271 5
928 2241 1224 2279 Continget-..Cum
1241 2244 1281 2281 te,
1295 2241 1366 2281 δμκ]
1383 2242 1538 2283 Ecquan-

840 2292 881 2322 do
898 2292 1022 2322 iterum
1052 2292 1119 2322 erit
1140 2293 1218 2323 mibi
1245 2293 1445 2333 aeqnejnsta
1462 2303 1540 2324 con-

839 2342 919 2372 vivii
937 2342 1078 2373 caussa?
1101 2346 1196 2372 certe
1216 2342 1270 2373 nbi
1290 2343 1377 2373 idem
1394 2343 1539 2374 Flaccus

838 2392 981 2423 redierit
1011 2403 1052 2423 ex
1078 2393 1215 2433 Cypro;
1240 2393 1379 2430 Veneri,
1404 2403 1478 2434 quae
1503 2394 1537 2424 in

839 2443 1011 2482 Cytheris,
1040 2452 1104 2484 qno
1130 2443 1213 2474 mari
1236 2448 1318 2474 nata
1332 2444 1538 2484 appellebant,

838 2494 974 2533 colitur,
990 2499 1135 2524 sacrata.

879 2547 898 2574 8
922 2543 1087 2582 Luxuriae]
1114 2544 1225 2574 Festae
1243 2543 1471 2575 accubationi.

884 2595 987 2624 Epm.
1016 2601 1133 2624 xnvn.
1177 2596 1197 2624 2
1226 2593 1328 2624 Unum
1358 2595 1441 2634 quis,
1466 2595 1536 2636 &cuj

838 2643 937 2676 Quod
956 2643 1093 2674 vulsura
1118 2641 1304 2680 foeminam,
1322 2648 1462 2674 tonsura
1483 2645 1538 2685 ju·

838 2703 969 2732 venem,
986 2702 1103 2724 rasura
1120 2693 1226 2724 virum
1247 2702 1318 2734 prae
1337 2703 1372 2726 se
1391 2693 1470 2726 fert.
