1866 3131
271 201 383 242 1348

272 300 466 332 mulieribus
493 310 511 330 a
536 300 667 331 maritis
698 305 733 331 et
758 300 961 330 amatoribus

270 361 418 381 munera.
444 351 559 390 Epigr.
575 353 625 381 85.
644 350 700 381 lib.
719 354 750 381 5.
768 361 853 381 vers.
869 353 918 381 ll.

314 404 354 431 16
380 402 503 431 Etcum
518 400 622 440 thure]
639 401 797 440 Explicat
815 401 915 431 ritum
929 404 962 430 et

269 460 374 490 genus
388 448 619 490 sacrificiique
629 449 786 480 colebant
796 450 960 480 Venerem

271 499 437 531 Kalendis
453 499 585 530 Martiis
601 498 761 530 foemiuae.

313 553 351 580 17
379 549 534 580 Candidas
560 551 600 581 ad
621 550 708 589 aras]
730 550 859 590 Supero
875 550 962 580 scili·

269 605 323 629 cet
341 599 486 630 numini:
511 609 586 630 cum
606 600 764 631 Manibus
782 600 884 639 nigrae
902 608 961 640 po-

269 655 392 680 nantur
410 658 490 679 arae.

313 701 352 728 13
376 700 470 730 Secta
487 701 635 740 plurima,
651 699 718 739 ἔγω]
740 700 871 730 Frusta.
910 698 961 729 Li-

269 747 344 778 bum
363 759 420 779 seu
436 751 590 789 placenta
615 751 647 780 in
673 750 832 789 plurimas
848 754 961 789 partes

268 798 385 829 divisa.
409 800 497 830 Vide
511 800 627 839 Epigr.
644 802 695 830 76.
712 799 771 830 lib.
785 802 813 830 3.
828 809 914 830 vers.
929 802 958 830 3.

310 849 415 880 Eme.
435 858 523 880 xcu.
549 853 563 880 1
584 849 693 889 Astra]
711 849 853 880 Videtur
870 849 960 889 pala-

268 898 352 929 tium
370 900 512 930 Caesaris
534 900 586 931 hic
611 900 729 931 caeluni
746 906 780 930 et
798 905 888 930 astra
906 909 960 930 vo-

267 957 353 978 care.

309 1002 326 1028 5
355 998 517 1038 Tonantis]
539 999 646 1031 Jovis.

308 1049 327 1077 6
350 1047 488 1086 Jupiter,
512 1059 588 1088 ecce,
613 1048 711 1088 tenet]
745 1049 959 1080 Domitianus

266 1097 381 1136 Epigr.
398 1100 429 1128 S.
446 1099 502 1128 lib.
518 1103 548 1130 5.
567 1109 651 1130 vers.
670 1103 698 1131 1.
726 1099 870 1130 Videtur
882 1100 959 1130 liiiio

266 1148 383 1188 Epigr.
406 1149 589 1188 praebuisse
612 1150 800 1189 materiam,
823 1152 959 1190 epulum

266 1198 346 1227 illud
367 1199 565 1235 Domitiani,
584 1201 672 1240 quod
690 1200 842 1231 celebrat
859 1200 958 1239 Papi-

266 1248 338 1277 nius
362 1251 390 1278 1.
413 1249 506 1288 Sylv.
530 1250 673 1280 Kalend.
695 1248 876 1280 Decembr.
901 1249 959 1279 Sa-

267 1304 357 1327 turn.

308 1348 411 1378 Eme.
436 1357 540 1379 xcin.
563 1348 742 1379 Dominum
766 1357 857 1387 saepe
874 1346 958 1378 iufe-

262 1397 414 1427 liciorem
426 1399 648 1437 servo,docet
664 1399 695 1428 in
709 1398 858 1438 personis
873 1398 958 1429 Con-

265 1447 333 1487 dyli
351 1450 451 1487 servi,
465 1454 498 1480 et
515 1450 583 1480 Caii
601 1449 737 1480 domini.

307 1499 325 1526 3
344 1497 533 1538 Tegetz'culn]
551 1499 662 1538 'seges
676 1499 762 1528 enim
775 1503 886 1530 storea
899 1508 957 1529 seu

265 1552 368 1577 matta
393 1554 458 1586 est,
486 1549 573 1578 unde
598 1548 843 1579 diminutivum.
888 1548 957 1579 Alii

264 1596 328 1634 leg.
345 1598 483 1639 lecticula
499 1599 532 1639 (a
551 1598 725 1637 mattress):
749 1599 877 1638 inepte.

305 1652 322 1677 -1
354 1649 492 1688 Perrigil
507 1650 537 1679 in
553 1649 670 1689 pluma]
685 1649 861 1679 Exsomnis
879 1659 956 1680 noca

264 1702 297 1727 te
330 1703 412 1737 tota,
442 1701 493 1729 cui
524 1709 612 1730 cnrae
644 1709 793 1730 somnum
821 1704 955 1739 negant.

266 1749 374 1789 Caius]
390 1750 551 1780 Dominus
565 1755 653 1780 tuus.

303 1802 322 1829 ὓ
347 1800 404 1830 Tot
425 1800 575 1839 dorninos]
601 1800 738 1838 Multos,
758 1805 839 1840 quot
853 1800 955 1830 habet

262 1855 421 1888 patronos
433 1854 468 1880 et
480 1855 636 1889 potentes
651 1850 785 1880 amicos.
811 1849 868 1887 Tu,
879 1849 955 1879 Con-

261 1899 344 1938 dyle]
363 1899 393 1929 O
410 1909 518 1929 serve.
551 1900 616 1929 Nec
632 1898 801 1937 dominum]
818 1899 953 1928 Nullum

262 1954 454 1987 patronum,
479 1950 544 1979 imo
571 1949 625 1978 vix
653 1947 822 1978 dominum
849 1953 952 1979 tuum.

262 1998 325 2028 Vel
343 1999 458 2038 accipe
480 2000 488 2014 ‘
501 1998 688 2028 dominum’
710 2007 748 2027 eo
765 1998 953 2036 intellectu,

261 2057 326 2087 quo
344 2048 444 2078 Caius
457 2048 601 2078 ilabebat
615 2047 782 2078 dominos:
801 2048 848 2077 sic
862 2049 951 2078 enim

261 2096 387 2126 nullum
414 2096 574 2135 habebat,
599 2106 695 2137 quem
713 2096 884 2136 Condylus
901 2107 950 2127 sa-

261 2146 409 2185 lutaret;
433 2156 495 2178 nec
512 2147 598 2177 enim
615 2148 676 2178 boc
692 2157 875 2186 servorum,
892 2150 949 2178 sed

260 2196 442 2228 liberorum
460 2203 493 2229 et
510 2199 680 2229 clientium
697 2204 772 2230 erat
787 2209 915 2230 munus.

303 2249 321 2276 7
345 2247 493 2289 Phoebus]
519 2249 724 2280 Foenerator.

304 2299 323 2326 8
349 2298 529 2338 Cinnamus]
554 2299 720 2338 Lorarins,
736 2299 789 2341 qui
808 2305 840 2331 te
851 2300 950 2340 jussu

261 2346 332 2376 lieri
349 2347 469 2378 misere
482 2348 712 2380 excarnificet.

311 2400 331 2427 9
362 2398 523 2438 Podagra,
551 2399 769 2440 cheragraque,
797 2400 864 2440 lm]
893 2400 949 2432 Sic

262 2447 411 2478 Catullus
426 2459 433 2478 :
460 2450 468 2465 ‘
482 2457 580 2489 quem
598 2450 719 2481 merito
737 2450 832 2480 tarda
849 2450 950 2490 poda-

260 2506 318 2536 gra
333 2497 464 2535 secans

304 2550 341 2576 10
366 2548 478 2578 Manet
493 2548 617 2579 verbera
638 2549 720 2580 mille
738 2549 820 2590 pati]
842 2550 948 2582 Quam

259 2598 455 2628 continuum
471 2599 558 2630 hunc
578 2600 765 2638 cruciatum
790 2601 948 2641 podagrae

261 2648 312 2677 vel
330 2647 526 2687 cheiragrae.

304 2700 338 2726 11
367 2698 455 2732 Quod
477 2699 544 2738 nec]
570 2699 669 2732 Quod
695 2709 757 2730 nou
779 2700 862 2732 facis
881 2706 947 2731 tnr-

259 2746 395 2785 pissima
410 2748 475 2787 illa,
502 2749 620 2789 quibus
637 2750 826 2781 delectatur
843 2751 946 2781 ‹lonii-

734 210 873 240 NOTAE
909 208 1169 239 VARIQRUM

1206 209 1254 239 ΙΝ

1013 308 1073 328 nus
1092 303 1179 336 tuus,
1203 303 1259 328 tua
1274 302 1367 328 certe
1383 297 1534 328 conditio
1551 302 1603 328 tei·
1618 298 1705 329 illius

1013 352 1163 388 superat.
1194 348 1288 378 Mane
1303 347 1411 386 vomis,
1425 347 1494 387 elya]
1511 347 1565 378 Ab
1581 347 1706 378 hester-

1013 407 1054 428 na
1081 398 1239 436 crapula:
1271 397 1322 427 vel
1353 402 1455 437 epoto
1484 397 1559 428 vino
1585 397 1641 427 vili
1665 398 1706 428 ad

1012 447 1220 488 purgandum
1238 448 1454 478 stomachum.

1053 499 1155 530 Epis.
1181 507 1275 529 xcw.
1305 497 1474 528 Adulatur
1500 497 1706 535 Domitiano,

1012 553 1047 580 et
1064 553 1245 580 veneratur
1265 553 1301 579 ut
1325 549 1451 584 Deum,
1473 548 1506 578 in
1524 547 1618 587 cujus
1633 556 1706 587 gra-

1014 599 1096 630 tiam
1113 609 1148 630 se
1166 599 1308 639 primum
1329 608 1387 628 sex
1411 598 1548 638 cyathos
1574 598 1708 628 haustu-

1012 658 1104 686 rnm3
1130 654 1246 689 postea
1260 649 1387 686 decem,
1404 648 1580 683 adnomen
1598 648 1706 679 Caesa-

1012 700 1056 730 ris
1079 700 1274 731 Germanici
1301 701 1352 730 vel
1382 699 1568 730 Domitiani
1596 699 1706 738 expri-

1011 750 1182 780 mendum.

1055 803 1071 830 l
1095 800 1230 839 Addere,
1255 799 1322 839 θα]
1358 800 1525 839 Fundere,
1554 800 1706 830 miseere.

1011 849 1188 880 Immortale
1224 849 1399 889 Falernum]
1438 850 1564 880 Multos
1595 849 1705 880 ferens

1012 909 1127 930 annos.
1152 901 1227 940 Vel,
1240 901 1382 939 nectari,
1395 900 1482 940 quod
1499 899 1630 930 confert
1647 899 1704 929 ini-

1012 950 1270 988 mortalitatem,
1293 959 1359 980 non
1379 949 1659 990 postponendum.

1059 1002 1078 1030 2
1114 1000 1337 1038 Quadrantem,
1369 999 1436 1039 ἐγὼ]
1471 999 1587 1030 Funde
1621 999 1704 1029 duos

1011 1049 1227 1090 quadrantes,
1244 1050 1276 1080 id
1294 1055 1358 1089 est,
1378 1059 1434 1080 sex
1452 1050 1607 1089 cyathos:
1625 1059 1704 1089 qua-

1009 1099 1109 1130 drans
1128 1100 1216 1130 enim
1235 1105 1304 1131 tres
1320 1099 1485 1137 continet,
1509 1099 1625 1138 Epigr.
1650 1101 1702 1129 28.

1009 1149 1066 1180 lib.
1085 1152 1114 1181 1.
1140 1160 1225 1181 vers.
1241 1153 1271 1180 2.
1318 1150 1444 1180 Seniore
1460 1149 1547 1188 cado]
1569 1149 1703 1179 Veteris

1009 1199 1111 1237 tituli,
1135 1199 1306 1230 interioris
1330 1205 1417 1230 notae
1443 1200 1509 1230 vini
1531 1199 1649 1239 optimi
1668 1205 1704 1229 et

1009 1248 1146 1278 vetustI.

1060 1300 1077 1328 3
1107 1299 1198 1328 Nunc
1225 1299 1302 1329 mihi
1327 1298 1392 1338 dic]
1427 1297 1587 1328 Solebam
1614 1298 1700 1328 enini

1007 1349 1109 1388 prisci
1134 1350 1165 1379 in
1183 1350 1366 1380 amicorum
1385 1349 1526 1389 gratiam
1552 1354 1601 1378 tot
1625 1349 1701 1379 liau-

1008 1399 1074 1429 rire
1090 1399 1238 1439 cyathos,
1255 1404 1337 1439 quot
1350 1399 1480 1429 litteras
1497 1398 1627 1428 illorum
1643 1408 1700 1428 no-

1007 1457 1081 1478 men
1094 1449 1302 1479 continebat.
1328 1449 1442 1480 Caesar
1455 1453 1579 1485 autem,
1592 1450 1702 1479 soluta

1007 1497 1229 1537 diphthongo,
1263 1507 1322 1528 sex
1358 1498 1469 1528 habet.
1533 1498 1700 1538 Calocisse]

1008 1547 1110 1585 Puer,
1127 1547 1288 1579 minister.

1048 1598 1067 1627 4
1085 1596 1259 1635 Sexjubeo,
1272 1597 1340 1637 grau]
1355 1597 1442 1628 Vide
1456 1598 1496 1628 sis
1513 1598 1629 1638 Epigr.
1646 1602 1699 1630 72.

1006 1646 1064 1677 lib.
1080 1651 1109 1678 1.
1127 1657 1214 1678 vers.
1230 1651 1257 1678 1.
1294 1650 1401 1679 Caesar
1413 1648 1489 1688 erit]
1506 1649 1700 1689 Respondet

1007 1706 1102 1736 puer.

1048 1750 1066 1776 5
1090 1746 1203 1777 Sutilis
1229 1747 1368 1787 aptetur]
1397 1748 1543 1779 Bibituri
1571 1753 1699 1780 veteres

1006 1795 1184 1826 sumebant
1201 1806 1350 1834 corona5‚
1377 1807 1415 1827 ac
1440 1799 1540 1828 toties
1557 1807 1698 1839 repone-

1006 1843 1100 1882 bant,
1125 1845 1254 1885 quoties
1278 1846 1438 1885 potaturi.
1461 1847 1631 1887 Epigram.
1646 1852 1698 1880 65.

1004 1895 1060 1926 lib.
1077 1900 1107 1927 5.
1132 1906 1217 1927 vers.
1241 1900 1271 1928 4.
1315 1898 1426 1928 Decies
1447 1909 1529 1937 rosa,
1554 1900 1621 1939 δῖα]
1650 1902 1695 1932 Ut

1003 1946 1169 1986 significet
1185 1949 1193 1963 ‘
1211 1947 1459 1986 Domitianum,‘
1472 1949 1559 1989 qnod
1577 1960 1694 1981 nomen

1003 1997 1118 2028 decem
1137 1998 1238 2029 babet
1255 1999 1382 2030 literas.
1407 2000 1493 2030 Vide
1510 2001 1624 2040 Epigr.
1641 2005 1693 2032 51.

1000 2056 1112 2086 supra,
1125 2053 1159 2077 et
1177 2049 1288 2087 Epigr.
1306 2051 1355 2079 72.
1374 2049 1426 2080 lib.
1444 2053 1472 2080 l.

1041 2100 1061 2127 6
1078 2096 1272 2136 Nobilessyc]
1288 2098 1370 2128 'l'em
1378 2099 1466 2138 plum
1481 2099 1602 2130 Flaviae
1616 2111 1693 2141 gen-

1000 2147 1056 2187 tis,
1070 2147 1111 2177 de
1129 2157 1194 2188 quo
1209 2157 1309 2187 supra
1323 2149 1439 2188 Epigr.
1455 2152 1505 2180 24.
1520 2155 1553 2180 et
1569 2153 1621 2182 35.

1041 2200 1060 2227 7
1084 2197 1146 2227 Bis
1159 2198 1264 2237 quina,
1277 2198 1347 2238 lya]
1364 2199 1416 2229 Ad
1435 2200 1690 2240 significandum

999 2247 1008 2263 ‘
1024 2246 1287 2286 Gernianicum,'
1312 2248 1400 2288 qnod
1414 2259 1535 2280 nomen
1552 2250 1602 2281 bis
1619 2252 1691 2292 qui-

998 2297 1050 2328 nis
1068 2302 1199 2328 constat
1216 2298 1335 2336 literis,
1357 2300 1454 2330 modo
1471 2310 1557 2331 vers.
1573 2305 1604 2332 5.

1041 2350 1060 2377 8
1077 2348 1315 2388 otlirysio,55c.]
1332 2350 1429 2390 Epig.
1443 2353 1473 2381 2.
1486 2351 1543 2382 lib.
1556 2355 1586 2382 5.
1603 2361 1688 2384 vers,

999 2400 1029 2428 7.
1047 2402 1081 2428 et
1096 2398 1153 2428 lib.
1169 2400 1200 2429 7.
1226 2399 1341 2438 Epigr.
1358 2403 1389 2431 7.
1407 2410 1492 2431 vers.
1505 2403 1535 2432 2.

1042 2449 1142 2480 Eme.
1158 2458 1240 2479 xcv.
1259 2453 1274 2479 1
1288 2449 1465 2490 Santonica,
1475 2451 1543 2491 25⁴0]
1559 2452 1688 2492 Hippo-

1000 2505 1109 2530 crates
1120 2500 1208 2531 misit
1217 2501 1295 2530 milii
1307 2501 1522 2541 absinthiten,
1533 2503 1687 2543 petitque

999 2559 1017 2580 a
1029 2559 1079 2579 me
1092 2550 1292 2581 tantundem
1304 2551 1410 2583 mulsi.
1427 2552 1526 2582 Itane
1536 2553 1689 2592 stupidus

998 2601 1045 2630 illi
1061 2601 1250 2642 videor,qui
1266 2602 1404 2633 mulsum
1418 2602 1598 2633 absintliite
1614 2612 1688 2642 per-

998 2656 1121 2680 mutem
1138 2651 1148 2680 ?
1174 2651 1273 2681 Dabo
1289 2657 1413 2690 tamen,
1429 2652 1486 2682 sed
1504 2662 1543 2682 ea
1560 2653 1632 2692 lege
1649 2657 1684 2682 ut

997 2707 1102 2732 suniat
1124 2702 1154 2731 in
1181 2702 1236 2732 illo
1259 2703 1454 2741 elleborum,
1482 2709 1683 2743 purgaturus

998 2751 1081 2782 lianc
1097 2752 1225 2783 cerebri
1242 2753 1291 2783 sui
1309 2754 1480 2785 insaniam.
1526 2754 1592 2785 Pro
1606 2755 1682 2784 Sau-
