1866 3131
222 196 334 238 ³292

221 303 252 332 in
290 302 401 343 hortis,
431 308 531 345 atque
573 305 766 345 intelligunt
804 307 920 337 Plato-

222 364 296 384 nem
326 356 359 386 in
387 356 582 387 suburbano
604 356 749 389 Athenis
773 368 922 400 nemore,

222 405 264 436 ab
283 406 456 438 Academo
482 409 516 438 in
544 419 637 440 usum
662 410 784 441 scholae
803 420 922 442 conse-

223 462 329 496 crato,
344 457 573 498 profitentem.
610 460 689 499 Sed,
706 461 815 501 inquit
832 462 920 492 Scri-

219 509 344 547 verius,
361 519 423 549 ego
447 512 562 552 neque⁴
576 512 794 544 Academiam
819 515 828 531 ‘
847 515 922 545 hor-

221 564 291 589 tum
304 558 311 570 '
327 561 439 590 vocari
453 563 692 601 concesserim,
706 574 816 605 neque
834 566 920 596 alius

218 608 410 649 philosophi
426 611 578 642 ‘bortum
589 612 596 624 ‘
612 622 768 653 agnosco,
780 620 921 654 praeter-

220 668 318 698 quam
335 660 488 699 Epicuri.
532 662 660 693 Statius
677 674 683 693 ε
708 666 715 680 ‘
729 664 850 695 Manet
863 664 919 695 de-

220 715 310 740 serto
328 711 440 742 senior
461 712 659 752 Gargettius
676 714 797 745 liort0.'
819 715 919 748 Quod

217 766 329 790 autem
355 761 540 801 Epicurum
572 763 709 794 ‘senem
741 765 920 804 magnum'

218 817 330 850 vocet,
342 813 530 852 sciendum,
542 815 740 854 magistrum
753 815 844 845 illum
858 816 920 847 otii

219 866 253 892 et
266 862 438 894 hortorum
451 874 469 894 a
482 865 712 895 sectatoribus
729 866 797 896 suis
814 866 920 906 pluris

218 910 346 943 factum
362 923 461 954 quam
478 915 660 945 Platonem
675 926 693 946 a
710 916 790 947 suis.

259 965 279 993 4
305 964 372 994 Nec
389 965 500 1004 minus,
523 965 592 1005 Cyan]
619 967 694 998 Nec
716 967 827 998 minus
849 977 918 999 suae

216 1013 407 1054 (lisciplinae
425 1016 580 1047 aemnlam
608 1017 694 1049 hanc
719 1018 782 1049 sibi
809 1019 920 1050 vendi-

218 1072 297 1098 cant
312 1067 430 1099 Stoici.

259 1121 277 1146 5
305 1117 527 1158 Quodcunque]
550 1120 790 1162 Quodcunque
812 1121 919 1153 Theo-

217 1168 309 1207 phila
323 1170 535 1200 recensuerit
551 1176 586 1200 et
603 1171 802 1202 emendarit.

260 1222 278 1250 7
304 1221 480 1261 Pantoenls,
507 1222 577 1262 ἐξα]
625 1223 772 1253 Doctam
802 1224 918 1254 nescio

217 1280 316 1309 quam
349 1271 459 1302 innuit
489 1272 668 1312 poetriam.
724 1273 778 1304 Ita
808 1274 916 1304 Scriv.

215 1321 390 1352 Panelzenis
420 1332 462 1352 ex
493 1323 577 1354 Mss.
609 1333 698 1354 omn.
737 1324 918 1356 Gruterus.

215 1373 318 1414 Vulg.
338 1374 516 1405 Partlienis.
548 1376 653 1408 Quasi
670 1376 820 1407 diceret:
842 1378 918 1408 Nec

216 1429 253 1455 tu
282 1425 364 1456 Cani
389 1426 570 1456 Pantaeiiin
598 1432 689 1457 tuam
717 1427 917 1458 familiarem

216 1478 452 1516 anteposueris
463 1478 667 1518 Tlleopliilae,
677 1479 827 1519 quamvis
841 1480 918 1510 (loc-

217 1532 285 1557 tam
303 1527 482 1567 po'c'triam.
528 1528 580 1558 An
598 1529 776 1568 Sulpitiam
794 1530 917 1560 intelli-

214 1578 265 1617 git
290 1588 330 1608 eo
359 1584 512 1619 tempore
537 1578 727 1619 florentem,
750 1590 792 1610 an
818 1581 918 1611 aliam

214 1630 384 1669 aliquam?

259 1682 279 1709 9
304 1680 642 1721 Carminafingentem,
658 1682 727 1722 gu]
750 1682 917 1722 Theophi-

214 1730 255 1759 1ae
274 1730 431 1761 Carmina
449 1732 502 1761 vel
528 1732 601 1772 ipsa
616 1733 752 1772 Sappho
771 1733 916 1765 Phaonis

216 1782 362 1811 amatrix
380 1781 552 1812 laudarit:
576 1783 702 1823 legitur
718 1793 864 1825 namque
881 1789 915 1816 et

214 1831 361 1861 laudarit.

260 1885 299 1912 10
325 1883 450 1913 Castior
463 1882 538 1921 hoec,
553 1883 620 1924 fisa]
643 1885 829 1924 Theophila
846 1886 915 1915 vin-

215 1933 263 1963 cit
293 1933 429 1973 Sappho
457 1934 683 1965 verecundia:
722 1935 857 1974 ingenio
881 1941 917 1966 et

216 1982 373 2013 doctrina
386 1983 435 2014 illi
452 1993 515 2014 non
533 1984 639 2015 cedit.

259 2033 365 2063 EP1G.
382 2041 484 2064 LXXI.
503 2036 518 2064 l
546 2034 657 2064 Ficosa
681 2038 726 2065 est
741 2044 831 2074 uxor,
847 2035 916 2075 Sym]

214 2082 299 2113 Tota
316 2082 446 2113 familia
463 2083 593 2115 laborat
608 2085 723 2116 ulcere
741 2096 838 2126 quam
863 2086 917 2116 σύ-

215 2143 309 2163 κωσιν
336 2133 450 2165 Graeci
478 2140 613 2174 vocant,
637 2136 679 2167 de
709 2147 773 2177 qua
798 2137 917 2168 Celsus

216 2184 276 2214 lib.
291 2187 322 2214 6.
339 2193 415 2224 cap.
431 2187 462 2216 3.
478 2195 541 2216 nec
553 2191 664 2217 tamen
680 2187 713 2217 in
727 2197 809 2229 agro
827 2187 917 2219 fruc-

215 2234 349 2266 tificant
365 2235 460 2268 ficus.
506 2238 612 2269 Jocus
625 2239 667 2269 ab
685 2239 843 2279 ambiguo
862 2240 918 2270 τοῦ

218 2285 341 2317 ‘tic-us!
363 2287 450 2318 Vide
466 2288 686 2328 Epigramma
700 2293 753 2323 66.
771 2291 827 2321 lib.
845 2294 876 2323 1.

259 2340 278 2367 2
304 2337 422 2377 Nepos]
446 2338 498 2370 Ita
515 2339 694 2372 Gruterus.
718 2340 786 2372 Alii
802 2351 895 2373 socer.

262 2388 367 2419 Epic.
396 2397 515 2420 Lxxn.
540 2389 570 2421 A
599 2391 704 2422 Paulo
728 2394 830 2422 asseri
859 2402 918 2424 sua

219 2438 376 2470 Carmina
392 2449 411 2470 a
427 2440 581 2480 malignis
594 2442 704 2482 cupit.
732 2443 782 2473 Eo
796 2452 917 2475 sensu:

219 2490 287 2520 Per
308 2490 498 2530 gratissima
513 2492 708 2523 Saturnalia
734 2498 767 2524 te
785 2503 919 2534 precor,

218 2540 338 2580 quibus
364 2546 457 2581 opto,
483 2547 519 2572 ut
546 2542 607 2573 tibi
629 2552 695 2574 nou
719 2553 918 2585 pauperum,

217 2591 276 2621 sed
294 2591 438 2622 divitum
455 2601 594 2623 munera
610 2593 705 2633 larga
727 2595 918 2636 mittantur,

218 2650 285 2671 non
302 2642 416 2674 inanes
443 2642 579 2684 inquam
608 2645 790 2684 pugillares
807 2647 916 2678 tribus

219 2693 362 2732 paginis,
391 2703 456 2724 non
486 2704 632 2734 mappae,
661 2701 721 2727 aut
747 2697 918 2729 semilibra

221 2744 326 2774 turis:
366 2744 426 2774 sed
455 2745 582 2784 lances,
612 2756 671 2777 seu
708 2749 851 2779 scutulae
882 2754 918 2780 et

219 2795 337 2836 scyphi
354 2796 493 2838 antiquo
514 2806 619 2837 opere
635 2797 718 2830 facti
734 2810 741 2830 ε
768 2804 825 2831 aut
840 2810 916 2842 pre-

688 210 827 240 No'rAE
865 212 1126 243 VARIORUM
1165 215 1212 243 [N

974 318 1032 338 cor
1049 308 1176 338 lusores
1194 308 1342 339 Novium
1365 313 1400 339 et
1418 308 1578 339 Publium
1593 308 1673 339 ludo

973 359 1242 389 latrunculorum
1253 364 1289 390 et
1305 359 1417 390 vincas
1432 359 1510 390 ludo
1529 360 1673 398 trigona-

973 409 1011 439 lis
1029 409 1109 449 pilae
1137 409 1326 450 Polybum:
1352 420 1412 451 per
1436 411 1509 441 haec
1539 412 1676 451 inquam

974 464 1008 489 te
1026 469 1159 499 precor,
1174 465 1213 490 ut
1233 461 1259 490 si
1278 461 1454 501 quisquam
1471 459 1611 491 infamia
1632 461 1675 491 de

973 509 1060 548 aliis,
1082 515 1118 540 et
1133 510 1303 541 maledica
1328 510 1504 550 sparserit,
1529 510 1677 550 patroci-

972 559 1063 589 nium
1081 560 1145 589 mei
1161 561 1339 600 suscipias.
1363 561 1482 592 Rader.

1016 613 1032 640 1
1060 610 1183 641 Gratus
1203 612 1248 641 sic
1272 611 1342 649 tibi,
1357 611 1426 650 isc]
1451 612 1673 652 Imprccandi

972 657 1128 692 formula.
1173 661 1228 692 Sic
1241 661 1303 692 tibi
1319 661 1459 693 affluant
1473 672 1596 703 precor
1612 664 1677 694 lar-

973 719 1016 749 ga
1032 720 1051 741 a
1073 712 1256 742 clientibus
1280 717 1316 743 et
1342 713 1459 743 amicis
1486 723 1627 744 munera
1643 713 1675 744 in

971 761 1208 792 Saturnalibus
1225 763 1338 801 missa,
1356 769 1392 794 ut
1410 764 1527 803 Epigr.
1541 767 1593 795 46.
1617 764 1676 796 lib.

969 813 1001 842 4.
1019 820 1107 842 vers.
1127 815 1152 842 l.
1169 812 1245 843 vide
1266 813 1382 854 Epigr.
1403 816 1456 844 52.
1471 824 1584 854 supra.

1013 866 1032 894 2
1061 864 1157 905 Vani]
1182 866 1301 897 Leves.
1357 866 1524 906 Triplices]
1558 867 1676 908 Pugil-

971 914 1072 946 lares.
1096 916 1171 946 Lib.
1185 919 1236 947 14.
1252 916 1370 956 Epigr.
1383 920 1414 947 6.
1460 917 1605 957 Muppoe]
1630 918 1672 948 E-

971 966 1111 1006 pigram.
1125 969 1179 998 46.
1196 967 1298 998 lib.4.
1317 977 1402 998 vers.
1421 970 1471 998 17.

1011 1019 1031 1047 4
1057 1017 1194 1057 Scyphos
1210 1017 1424 1057 ιιι-οναιη,ᾃ·ε.]
1447 1017 1601 1058 Scyphos
1619 1027 1674 1048 ve-

971 1071 1062 1097 teres
1079 1074 1114 1098 et
1129 1069 1357 1108 archetypos:
1383 1068 1435 1098 vel
1448 1077 1568 1108 graves
1584 1077 1677 1107 auro,

970 1118 1124 1158 qualibus
1136 1119 1323 1149 utebantur
1334 1118 1449 1158 prisci,
1463 1119 1674 1159 Nestor,&c.

1011 1172 1029 1198 5
1058 1169 1198 1199 Grandis
1213 1169 1299 1209 reus]
1325 1170 1436 1200 cliens
1451 1168 1557 1199 dives.

1011 1221 1029 1248 7
1054 1218 1107 1248 Sic
1123 1219 1322 1259 vi71caS‚cS*c.]
1345 1219 1399 1249 Sic
1417 1219 1531 1249 vincas
1544 1219 1673 1249 latrun-

969 1269 1119 1300 culorum
1138 1269 1216 1300 ludo
1232 1270 1455 1309 peritissimos
1477 1274 1551 1300 tuos
1568 1269 1674 1299 collu-

968 1331 1060 1351 sores
1078 1322 1224 1352 Novium
1241 1327 1276 1352 et
1295 1321 1465 1352 Publium.

1012 1374 1031 1401 S
1055 1371 1217 1411 Mandris]
1242 1372 1456 1402 Calculorum
1470 1380 1526 1401 seu
1544 1371 1674 1401 latrun-

970 1424 1121 1454 culorum
1137 1425 1245 1464 septis
1263 1431 1296 1455 et
1307 1424 1513 1463 regionibus,
1524 1425 1575 1455 vel
1590 1425 1674 1465 ipsis

971 1474 1137 1504 latronum
1178 1475 1336 1515 gregibus
1375 1475 1519 1506 clausos.
1585 1477 1674 1507 vide

972 1525 1091 1564 Epigr.
1107 1528 1158 1556 23.
1175 1526 1233 1556 lib.
1246 1529 1276 1556 5.
1291 1535 1376 1557 vers.
1390 1529 1421 1556 7.
1437 1525 1581 1557 fortasse
1595 1536 1674 1567 qna-

971 1575 1073 1614 drigis
1089 1576 1412 1616 ebnrneis,namque
1426 1576 1590 1616 ejusmodi
1606 1577 1675 1608 cal-

970 1626 1056 1656 culis
1078 1627 1195 1657 lusisse
1226 1628 1396 1657 Neronem
1414 1632 1512 1657 autor
1529 1631 1581 1657 est
1595 1627 1677 1658 Sue-

971 1676 1093 1707 tonius.
1117 1677 1208 1707 Petr.
1232 1676 1335 1708 Serio.
1360 1678 1505 1708 Mandris
1524 1681 1554 1708 et
1576 1678 1674 1709 vitreo

967 1727 1085 1757 latrone
1098 1727 1229 1767 clausos]
1247 1728 1360 1758 Latini
1376 1728 1570 1766 ‘mandras,'
1581 1730 1672 1768 ‘sep-

969 1777 1025 1816 ta‚’
1041 1779 1050 1794 ‘
1064 1778 1189 1816 vallos‚’
1205 1784 1239 1809 et
1254 1784 1262 1794 ⁶
1273 1778 1416 1818 capsos‚'
1431 1785 1466 1809 et
1483 1780 1492 1796 ⁶
1507 1778 1674 1810 carceres’

968 1827 1147 1866 vocabant,
1161 1829 1232 1858 loca
1250 1829 1307 1859 illa
1319 1838 1376 1859 seu
1388 1829 1485 1860 sedes
1499 1829 1533 1859 in
1547 1829 1675 1862 tabula,

967 1877 999 1906 in
1025 1879 1144 1917 quibus
1162 1880 1270 1910 veluti
1288 1881 1372 1910 clusi
1395 1881 1602 1912 tenebantur
1626 1882 1673 1911 la-

969 1929 1128 1960 trunculi.
1160 1930 1278 1961 Graeci
1293 1930 1412 1970 πόλεις,
1428 1931 1542 1971 χώρας,
1559 1936 1595 1962 et
1611 1944 1671 1971 χα-

966 1980 1143 2020 ρακώματα.
1191 1982 1350 2012 Calculus
1376 1992 1456 2021 ergo
1484 1983 1589 2023 quiin
1607 1984 1674 2013 cal-

967 2031 1034 2061 culi
1051 2031 1226 2062 ‹liscoloris
1251 2032 1368 2062 sedem
1395 2032 1548 2063 faciebat
1568 2033 1672 2073 impe-

969 2086 1052 2120 tum,
1068 2086 1104 2111 ut
1128 2091 1203 2111 eum
1218 2088 1361 2122 caperet
1377 2087 1412 2113 et
1427 2082 1508 2112 sede
1526 2093 1584 2113 sua
1602 2083 1671 2122 pel-

968 2132 1066 2170 leret,
1083 2131 1257 2162 mandram
1274 2132 1346 2172 ejus
1359 2132 1431 2163 sive
1444 2133 1567 2162 vallum
1582 2132 1671 2163 fran—

969 2192 1051 2223 gere
1069 2183 1270 2214 dicebatur:
1295 2183 1372 2213 binc
1401 2188 1513 2214 totum
1542 2184 1672 2214 latrun-

969 2233 1122 2264 culorum
1137 2233 1263 2272 ludum,
1277 2233 1329 2263 vel
1345 2233 1494 2264 tabulam
1509 2235 1622 2274 potius
1637 2235 1671 2265 in

969 2294 1037 2325 qua
1065 2284 1265 2315 latrunculis
1292 2283 1487 2324 ludebatur,
1518 2283 1672 2325 ζατρίκιον

969 2334 1197 2365 nominarunt.
1242 2334 1283 2365 In
1299 2334 1362 2365 hoc
1379 2335 1483 2366 etiam
1501 2335 1580 2366 ludo
1592 2342 1672 2368 sunt

969 2385 1104 2422 calculi,
1137 2385 1193 2425 qui
1223 2385 1342 2416 ordine
1374 2391 1577 2424 moventur3
1613 2386 1671 2417 alii

969 2436 1028 2477 qui
1051 2446 1136 2476 vage
1164 2441 1199 2468 et
1226 2436 1374 2478 oblique,
1397 2437 1534 2468 ‘inciti’
1557 2443 1669 2469 autem

969 2486 1141 2524 dicuntur,
1156 2487 1211 2527 qui
1225 2496 1266 2517 eo
1283 2491 1362 2518 sunt
1376 2487 1519 2526 redacti,
1532 2494 1569 2519 ut
1584 2487 1669 2518 cieri

968 2537 1164 2576 moverique
1182 2542 1373 2578 nequeant:
1399 2537 1478 2569 iude
1494 2538 1669 2578 proverbi-

968 2598 1023 2618 um
1047 2588 1055 2604 ‘
1069 2586 1111 2618 ad
1126 2587 1246 2618 incitas
1263 2589 1444 2629 redigere,⁷
1461 2599 1533 2630 pro,
1549 2590 1592 2620 ad
1609 2600 1667 2621 ex-

970 2643 1093 2670 tremas
1114 2643 1222 2669 metas
1238 2640 1457 2680 compellere,
1473 2645 1508 2671 et
1523 2641 1556 2671 in
1580 2651 1669 2671 sum-
1708 2663 1713 2667 -

968 2698 1053 2718 mam
1071 2687 1343 2727 desperationem
1359 2689 1502 2730 aliquem
1520 2689 1670 2721 adduce-

970 2748 1016 2769 re.
1061 2737 1170 2768 Porro
1192 2748 1292 2778 quem
1315 2740 1459 2770 Veteres
1481 2740 1666 2772 ‘calculum

970 2789 1109 2821 incitum
1124 2787 1132 2801 '
1155 2789 1335 2829 vocabant,
1361 2799 1437 2820 eum
1464 2798 1523 2820 nos
1551 2790 1584 2820 in
1603 2791 1665 2822 hoc
