1866 3131
263 189 376 232 1176

263 297 427 337 impona,
443 304 510 325 non
532 294 683 335 impones
702 294 787 327 Diis.
830 295 959 325 Proser-

260 347 347 385 pina,
382 345 450 384 ssa]
480 345 571 375 Vitae
606 345 790 387 mortisque
821 354 958 385 praeses,

264 406 338 436 quae
356 395 496 435 fingitur
508 396 678 426 morituris
692 396 819 426 crinem
832 404 960 433 secare,

263 451 298 483 et
325 446 382 475 has
407 445 503 486 quasi
527 446 692 485 primitias
708 446 801 477 Orco
825 445 958 476 offerre.

262 497 270 512 ‘
291 495 450 526 Nondum
466 495 513 526 illi
528 494 652 526 flavum
668 496 873 536 Proserpina
887 506 958 526 ver-

264 545 331 577 tice
363 545 491 576 crinem
523 545 737 586 Abstulerat,
772 547 958 587 Stygioque

262 600 368 636 caput
403 596 623 628 damnaverat
656 597 773 628 Orco.’
837 597 957 636 Virgil.

264 645 305 677 de
330 646 466 678 Didone
495 648 527 677 4.
556 646 631 676 AEn.
660 651 696 677 et
726 646 848 677 Horat.
881 649 909 676 1.
938 646 958 676 Ι.

260 696 325 728 ode
350 699 402 728 28.
444 696 607 728 ‘Nullum
630 706 721 727 saeva
742 701 847 737 caput
875 696 959 727 Pro·

261 747 398 787 serpina
414 746 526 785 fugit.’

303 800 322 828 4
348 798 528 836 Personam,
541 796 609 837 isa]
633 797 760 827 Fucum
786 797 879 827 illum
904 805 957 826 ca-

262 849 418 889 pillorum
453 853 489 879 et
527 849 669 879 tinctum
705 848 802 888 quasi
836 847 957 878 calien-

260 899 369 939 drum,
380 900 552 938 eleganter
567 898 654 929 dixit
669 899 677 915 ‘
690 897 839 929 larvam?
855 899 864 914 ⁴
877 898 959 929 Per-

260 948 353 979 sona'
379 949 467 979 enim
508 948 645 989 proprie
674 948 853 979 dicebatur
881 947 961 979 ficta

259 1000 369 1039 imago
388 1001 514 1037 vultus,
532 1010 598 1041 qua
620 1000 698 1031 olim
725 1000 906 1031 histriones
927 999 960 1030 in

262 1051 406 1082 theatris
417 1052 613 1082 utebantur.

302 1103 405 1133 Eric.
417 1110 515 1133 xmv.
526 1104 540 1132 1
561 1102 708 1133 Occurrit
718 1101 777 1132 tibi
787 1111 885 1141 nemo,
895 1099 963 1140 δῖα]

258 1152 483 1194 Χαρακτηρίζει
494 1154 556 1185 hoc
573 1155 826 1195 Epigrammate
841 1155 960 1185 Marti-

259 1203 320 1234 alis
345 1203 516 1235 hominem
547 1204 790 1245 importunum,
816 1205 960 1245 scripto-

260 1263 333 1283 rum
346 1263 481 1284 suorum
498 1255 700 1286 recitatione
715 1255 865 1286 homines
882 1264 960 1287 ene-

258 1308 405 1334 eantem.
451 1304 586 1335 Herald.

302 1356 322 1384 4
347 1353 465 1391 Nimis,
490 1355 557 1395 ἐξα]
592 1355 674 1385 Plus
704 1355 808 1386 habes
838 1355 957 1387 Poe'tae

260 1412 358 1443 quam
382 1404 535 1436 hominis.
579 1405 686 1436 Nimis
715 1406 777 1437 tibi
793 1407 908 1447 places
924 1406 958 1438 in

259 1453 475 1494 carminibus,
489 1465 564 1496 quae
579 1456 733 1487 omnibus
749 1457 958 1488 incontinen-

260 1508 312 1533 ter
349 1510 385 1535 et
414 1504 605 1545 importune
636 1507 733 1547 legis.
777 1507 843 1540 Qui
879 1517 959 1547 ergo

260 1553 413 1586 abutitur
449 1555 561 1587 officio
595 1567 667 1597 suo,
701 1557 828 1588 dicitur
862 1558 960 1589 nimis

259 1614 342 1637 CSSO·

300 1658 320 1686 6
337 1656 454 1697 Tigris,
463 1658 531 1698 Era]
548 1659 667 1699 Epigr.
680 1662 731 1691 18.
743 1660 799 1691 lib.
811 1666 959 1702 spectac.

300 1708 318 1736 7
343 1707 477 1748 Dipsas]
499 1709 691 1749 Serpens,a
708 1720 775 1751 quo
798 1711 858 1742 icti
879 1722 960 1744 vex-

260 1761 360 1787 antur
383 1757 491 1789 sitiet
517 1764 626 1797 aestu3
652 1761 740 1791 unde
766 1766 802 1792 et
825 1772 958 1796 nomen.

260 1807 377 1845 Medio,
393 1807 461 1847 ixcx]
485 1808 654 1848 Apricans
671 1810 712 1841 ad
737 1812 959 1844 meridianum

259 1856 385 1894 solem;
406 1858 460 1887 vel
476 1859 687 1890 meridionali
705 1861 803 1902 plaga
828 1863 956 1895 vivens.

305 1908 342 1936 13
367 1906 528 1938 Piscinam
556 1912 636 1948 peto,
665 1909 734 1950 ἐξα]
767 1911 844 1942 Non
876 1923 957 1954 pau-

259 1964 308 1986 cae
335 1965 397 1987 nec
422 1967 535 1997 parvae
561 1964 660 1990 erant
684 1960 801 1992 Romae
817 1963 956 2002 piscinae

259 2015 325 2046 qua
340 2011 511 2039 natarent.

302 2059 339 2087 15
364 2057 542 2099 sedentem]
566 2059 734 2093 Ramires.
759 2061 844 2102 legit
866 2064 955 2095 eden-

256 2108 330 2137 tem.
361 2106 628 2140 Musambertius
640 2112 761 2142 asserit
776 2113 956 2144 lectionem

259 2157 450 2197 vulgarem3
474 2163 511 2190 ut
528 2159 572 2190 sit
596 2165 675 2192 ante
700 2163 955 2195 accubationem

257 2209 372 2240 sessio.
418 2210 497 2241 Non
511 2211 601 2241 enim
617 2211 700 2243 dicit
722 2215 730 2228 ‘
745 2212 872 2252 coeno;'
896 2215 955 2245 sed

258 2261 267 2276 ‘
285 2259 327 2289 ad
368 2269 498 2291 coenam
534 2262 632 2292 venio
647 2263 666 2300 ;'
704 2267 741 2294 tu
779 2264 955 2296 sedentem

257 2308 370 2350 fugas,
398 2309 432 2340 id
460 2315 526 2350 est,
551 2312 686 2344 interim
718 2313 797 2345 dum
826 2324 956 2345 accum-

257 2359 359 2390 bendi
387 2366 521 2401 tempus
551 2368 758 2402 exspectans
781 2365 896 2404 sedeo,
917 2371 955 2397 tu

255 2410 335 2441 mihi
353 2411 491 2451 recitas,
516 2417 551 2443 et
569 2413 746 2445 sedentem
767 2415 879 2456 fugas,
896 2426 955 2447 an·

260 2465 395 2501 tequam
425 2463 642 2495 accubuerim
682 2470 741 2497 aut
778 2467 953 2508 quicquam

257 2513 438 2552 gustarim;
463 2514 552 2554 quod
583 2516 685 2547 etiam
712 2516 826 2548 durius
856 2528 953 2560 quam

255 2561 374 2601 fugare
393 2563 466 2602 jam
490 2565 748 2598 accumbentem
773 2574 833 2600 aut
857 2570 953 2600 semi-

259 2619 438 2644 coenatum.
455 2618 490 2644 ut
506 2617 558 2645 67.
575 2616 682 2657 epigr.
707 2620 738 2649 8.
754 2619 810 2651 lib.
833 2621 843 2637 ⁴
860 2621 951 2652 Ster-

259 2669 380 2692 nantur
399 2663 493 2704 lecti,
509 2665 690 2698 Caeciliane
709 2668 816 2700 sede?

303 2716 339 2743 15
370 2713 425 2744 Vir
444 2713 557 2754 justus,
578 2716 702 2758 probus,
723 2719 793 2759 ⁸5⁶]
820 2719 953 2751 Caetera

729 200 867 230 NO'PAE
900 199 1163 230 VARIORUM
1199 200 1249 229 IN

1008 303 1083 324 cum
1107 294 1212 325 bonus
1240 293 1283 324 sis
1312 303 1351 324 ac
1369 294 1499 333 justus,
1513 296 1549 323 et
1565 296 1703 333 propter

1009 345 1236 376 innocentiam
1254 350 1357 386 atque
1381 345 1585 385 probitatem
1600 351 1703 383 expe-

1009 394 1149 426 tendus:
1177 400 1317 436 propter
1332 395 1418 425 hanc
1446 400 1558 425 tamen
1582 393 1706 432 impor-

1009 450 1124 476 tunam
1153 446 1401 484 recitationem,
1429 449 1463 476 te
1491 444 1624 485 fugiunt
1641 453 1708 474 om-

1009 505 1066 525 nes
1079 501 1267 537 caventque
1280 501 1315 527 ut
1328 495 1494 536 poeticam
1508 494 1708 525 hirudinem.

1010 546 1133 577 Horat.
1164 547 1194 576 in
1223 546 1318 577 calce
1348 547 1451 587 epist.
1477 546 1519 577 ad
1549 545 1709 583 Pisones,

1010 601 1044 626 et
1080 597 1213 627 Lucillii
1244 597 1352 637 epigr.
1378 606 1409 627 c.
1435 599 1488 627 40.
1514 596 1538 627 l.
1564 598 1595 626 2.
1637 594 1706 625 An-

1010 647 1138 687 tholog.

1051 698 1153 729 Epm.
1182 706 1262 728 XLv.
1289 700 1303 727 1
1332 696 1476 736 Fugerit,
1505 694 1573 735 Ssc.]
1613 694 1703 725 Vide

1008 753 1242 786 argumentum
1280 747 1435 778 Farnabii
1471 747 1504 777 in
1533 746 1708 786 Thyesten

1009 798 1162 829 Senecae.
1208 799 1393 829 Notissima
1408 804 1503 829 certe
1519 796 1633 828 fabula
1647 797 1707 827 hu-

1002 849 1058 889 jus
1084 857 1199 888 coenae,
1225 858 1323 889 quam
1347 848 1496 879 Phoebus
1521 848 1632 878 dictus
1656 852 1708 878 est

1010 899 1154 929 noluisse
1169 904 1336 938 spectare.
1373 899 1504 929 Seneca
1515 897 1603 927 enim
1621 905 1708 927 vers.

1009 951 1084 979 774.
1108 949 1157 979 sie
1175 949 1238 979 ait:
1264 949 1272 964 ‘
1291 948 1321 979 O
1339 947 1467 978 Phoebe
1485 947 1631 988 patiens,
1655 945 1706 977 fu-

1012 1001 1100 1040 geris
1127 1005 1218 1031 retro
1242 1000 1336 1039 licet,
1359 999 1544 1040 Medioque
1571 1003 1709 1038 ruptum

1012 1051 1168 1082 merseris
1184 1051 1268 1082 caelo
1281 1050 1383 1091 diem,
1398 1051 1481 1081 Sero
1493 1048 1674 1081 occidisti.'

1055 1104 1074 1133 3
1099 1101 1175 1141 Illa]
1198 1102 1283 1132 Tua.

1055 1155 1072 1182 5
1098 1151 1284 1191 Mullumve,
1308 1151 1378 1192 ἔξω]
1403 1150 1490 1181 Vide
1516 1150 1626 1191 epigr.
1653 1151 1707 1180 43.

1011 1202 1033 1232 l.
1050 1206 1081 1234 2.
1099 1213 1186 1233 vers.
1202 1205 1253 1233 11.

1052 1256 1072 1283 6
1098 1252 1191 1292 Tace]
1214 1252 1328 1292 Epigr.
1367 1254 1422 1283 49.
1459 1250 1564 1290 infra,
1589 1256 1624 1282 et
1651 1253 1706 1283 79.

1009 1302 1031 1333 l.
1046 1307 1076 1334 5.
1090 1307 1125 1333 et
1141 1304 1162 1334 1.
1182 1306 1232 1334 11.
1244 1303 1351 1343 epigr.
1364 1305 1416 1334 53.

1053 1354 1154 1385 Epm.
1191 1362 1288 1384 nm.
1321 1353 1373 1385 Ad
1423 1351 1612 1391 Candidum]
1650 1351 1704 1382 Ad

1009 1404 1197 1435 Candidum
1222 1404 1377 1442 amicum,
1401 1413 1499 1445 quem
1522 1413 1624 1444 quum
1640 1412 1707 1433 non

1009 1455 1231 1486 comitaretur
1264 1454 1448 1493 Martialis,
1481 1454 1643 1485 mittebat
1673 1453 1704 1484 ei

1008 1505 1189 1537 libertum:
1216 1506 1264 1536 ait
1291 1505 1401 1536 Po'eta
1428 1506 1501 1545 plus
1530 1505 1563 1535 in
1590 1514 1631 1535 ea
1654 1514 1706 1544 re,

1009 1555 1042 1586 id
1059 1560 1123 1593 est,
1148 1556 1356 1594 comitando,
1378 1555 1408 1585 ei
1432 1555 1590 1586 libertum
1606 1563 1707 1595 posse

1010 1611 1185 1646 praestare‚
1225 1616 1323 1646 quam
1356 1606 1429 1646 ipse
1460 1606 1589 1636 valeat:
1623 1615 1704 1646 quo-

1009 1656 1097 1687 niam
1125 1657 1198 1697 ipse
1221 1656 1266 1687 sit
1281 1656 1323 1687 ad
1340 1656 1479 1687 servilia
1501 1665 1640 1687 munera
1655 1655 1704 1686 in-

1010 1711 1129 1747 eptus:
1153 1706 1201 1737 ait
1216 1711 1330 1737 tamen
1347 1716 1382 1736 se
1402 1707 1512 1737 omnia
1527 1706 1557 1736 ei
1573 1706 1705 1746 praesti-

1010 1761 1135 1795 turum,
1164 1767 1239 1797 quae
1276 1756 1417 1787 libertus
1448 1761 1612 1796 praestare
1637 1765 1705 1787 non

1010 1808 1153 1847 poterit,
1168 1808 1231 1838 hoc
1257 1812 1322 1846 est,
1336 1807 1470 1838 laudem
1484 1813 1519 1838 et
1535 1807 1704 1838 immorta-

1007 1859 1150 1889 litatem.
1200 1858 1315 1889 Domit.

1050 1911 1067 1939 1
1093 1907 1255 1947 Togatam]
1278 1907 1556 1939 Anteambulonis
1571 1917 1629 1939 seu
1644 1907 1703 1940 cli-

1007 1959 1093 1990 entis
1108 1959 1226 1998 togati.

1050 2012 1068 2040 3
1094 2011 1165 2040 Non
1190 2012 1248 2048 est,
1263 2008 1330 2049 ssa]
1353 2009 1435 2040 Plus
1463 2009 1557 2048 mihi,
1578 2009 1701 2051 inquis,

1007 2066 1097 2091 esset
1124 2060 1258 2090 lionoris
1291 2069 1332 2089 ex
1370 2060 1419 2090 tui
1449 2060 1567 2100 ipsius,
1601 2070 1701 2101 quam

1006 2110 1118 2141 liberti
1146 2110 1195 2140 tui
1222 2109 1396 2141 comitatu.
1443 2111 1519 2141 Plus
1544 2120 1606 2142 esse
1629 2121 1700 2152 pro—

1007 2161 1094 2201 babo]
1119 2160 1256 2202 Operae.

1048 2216 1066 2244 5
1096 2212 1229 2243 Umbone
1262 2212 1402 2252 repellet]
1434 2211 1701 2243 Musambertius

1007 2263 1048 2294 de
1082 2264 1226 2294 umbone
1257 2269 1344 2303 togae
1370 2263 1542 2304 iutelligit,
1567 2262 1610 2294 de
1634 2273 1701 2304 quo

1006 2315 1084 2346 vide
1113 2325 1188 2356 quae
1206 2314 1247 2345 ad
1277 2314 1385 2345 Persii
1414 2315 1485 2345 Sat.
1513 2318 1544 2346 5.
1569 2317 1623 2346 33.
1644 2315 1699 2345 De

1005 2367 1122 2398 cubito
1138 2367 1249 2406 potius
1277 2365 1345 2396 dici
1371 2365 1488 2405 credo,
1513 2375 1579 2407 quo
1601 2365 1701 2397 turba

1005 2417 1114 2456 obvia,
1129 2416 1216 2447 haud
1232 2426 1326 2447 secus
1348 2425 1385 2446 ac
1411 2416 1533 2456 hostes,
1557 2415 1701 2447 umbone

1005 2467 1206 2508 repellitur3
1229 2471 1264 2497 et
1288 2471 1324 2497 ut
1355 2466 1492 2497 credam
1522 2465 1606 2497 facit
1633 2467 1698 2497 Lu-

1004 2518 1091 2550 ciani
1107 2518 1202 2550 Crito
1226 2516 1360 2548 πολλοὺς
1383 2515 1700 2557 παραγκωνισάμενος,

1003 2569 1053 2600 καὶ
1080 2568 1118 2599 τὸ
1146 2568 1263 2599 ἑωθινὸν
1293 2569 1385 2608 Χαῖρε
1414 2568 1515 2600 εἴπων.
1558 2568 1698 2599 Lucian.

1002 2618 1181 2659 φιλόπατρις
1206 2624 1241 2649 et
1267 2619 1391 2651 Juven.
1419 2621 1449 2650 3.
1477 2618 1590 2659 Satyr.
1621 2618 1698 2648 ‘hic

1003 2671 1119 2702 cubito
1133 2669 1236 2702 ferit.’
1252 2670 1328 2700 vide
1345 2669 1488 2701 Turneb.
1503 2669 1524 2700 l.
1544 2671 1632 2700 13.c.
1646 2670 1701 2701 15.

1004 2726 1040 2752 et
1057 2723 1106 2752 19.
