1866 3131
410 202 457 232 M.
494 202 605 231 VAL.
640 201 915 232 MARTIALIS
951 202 1108 232 EPIGR.
1144 204 1237 234 1213.
1272 204 1341 233 lx.

193 299 206 326 l
234 296 372 334 Arctois,
394 298 461 337 5512]
499 298 705 329 Sarmaticis,
731 298 849 338 Epigr.

148 350 177 377 G.
195 346 251 377 lib.
271 350 301 377 7.
320 357 407 378 vers.
425 351 452 378 1.

190 401 209 427 2
240 398 356 437 Velius]
396 398 512 428 Velius
547 398 699 437 Crispus,
729 398 848 428 Sueto-

149 448 222 477 nius
248 448 374 478 Domit.
403 459 477 488 cap.
496 452 526 478 3.
571 449 674 478 Marti
697 458 752 487 pro
775 449 848 478 duce

145 498 242 538 roric]
258 499 304 528 Ut
317 505 464 528 servaret
482 499 720 528 Domitianum.
738 497 848 537 Avem]

146 547 307 579 Auserem
324 549 418 579 Rom.
437 547 771 589 Imperiicnstodem.
783 549 847 588 Ep.

145 600 196 629 75.
215 599 273 628 lib.
294 601 343 629 13.

188 651 206 678 3
232 649 320 679 Luna
336 651 455 688 quater,
471 647 539 688 ἃς]
573 648 665 679 Octo
682 648 845 678 mensium

146 699 261 738 spacio
279 704 455 739 peractum
473 704 526 729 est
543 700 665 729 bellum
679 700 788 731 Sarni.

186 753 205 780 4
230 749 330 789 Deus]
364 750 469 780 Mars.
505 749 680 780 Redeuute
697 750 846 789 Caesare,

144 806 242 841 parta
259 811 299 831 ex
315 801 479 831 Sarmatis
495 801 623 831 laurea.

185 855 203 881 5
229 852 300 892 Ipse
314 861 397 891 suas,
411 852 480 892 δμη]
503 851 578 881 Non
599 852 770 882 reluctans
786 856 844 883 aut

143 901 290 942 fugiens,
307 903 395 943 quod
415 903 588 942 piaculare
605 901 737 934 fnisset.

185 956 205 983 6
231 954 272 984 Εἰ
299 954 427 993 cecidit]
466 954 610 984 Solenne
638 953 778 983 verbum
809 953 843 983 in

139 1003 255 1034 sacris.
281 1005 368 1034 Vide
386 1005 536 1034 Brisson.
548 1004 606 1034 lib.
624 1007 654 1034 1.
668 1004 778 1033 Form.

182 1057 200 1084 7
228 1056 306 1084 Octo
329 1055 426 1092 vides,
451 1054 520 1094 &eff
558 1055 635 1085 Diis
665 1059 842 1094 argentum

139 1112 203 1134 nou
229 1114 306 1134 raro
336 1105 500 1135 litarunt:
534 1113 698 1143 suspensa
726 1104 842 1144 itaque

139 1153 273 1185 videtur
295 1155 336 1185 ad
365 1155 488 1185 Martis
514 1158 662 1184 statuam
679 1159 843 1193 argentea

138 1205 265 1234 anseris
293 1203 434 1245 effigies,
458 1214 610 1235 nummos
637 1209 715 1234 octo
736 1208 842 1234 rostro

138 1256 327 1296 porrigens,
343 1266 416 1296 qnae
442 1265 572 1286 menses
596 1260 675 1285 octo
702 1254 842 1285 denota-

137 1311 214 1337 rent
232 1306 311 1336 belli
328 1307 472 1337 Sarmat.

180 1359 199 1386 8
223 1356 304 1386 Hoec
315 1356 397 1387 extis
410 1354 549 1395 condita]
578 1355 747 1395 Singulari
766 1365 840 1395 pro-

137 1405 241 1447 digio,
259 1416 324 1447 qno
341 1411 474 1446 tempus
493 1406 571 1436 belli
589 1406 840 1437 continebatur.

138 1457 372 1497 Capiebantur
388 1456 538 1496 auspicia
566 1466 606 1486 ex
625 1457 838 1487 victimarum

136 1507 225 1538 extis
243 1507 464 1547 potissimum.

179 1560 199 1588 9
224 1558 302 1592 Qua>
315 1558 401 1596 litat,
422 1557 493 1598 ξω]
529 1557 688 1587 Rediisse
718 1566 836 1596 argen-

138 1614 240 1645 team,
267 1608 368 1638 immo
394 1617 532 1638 auream
557 1609 618 1638 sub
636 1609 837 1639 Domitiano

136 1663 285 1697 aetatem,
317 1659 434 1698 palpat
460 1658 582 1689 Poeta.
629 1659 725 1690 Citra
756 1659 838 1689 adu-

135 1708 294 1739 lationem
316 1709 531 1739 Domitianus
549 1719 665 1749 pacem
684 1719 749 1740 non
774 1709 838 1741 fer-

136 1769 186 1798 ro,
213 1759 272 1790 sed
302 1769 382 1790 auro
412 1760 557 1790 redemit
574 1770 592 1790 a
608 1760 776 1798 barbaris,
800 1765 837 1791 ut

136 1814 232 1850 patet
256 1820 297 1841 ex
318 1810 497 1841 Theodosii
513 1809 718 1851 fragmento.
757 1812 839 1841 Sen-

135 1869 190 1890 sus
206 1866 277 1891 est:
308 1861 385 1892 Jam
404 1871 470 1892 uon
488 1860 594 1898 ferro,
616 1861 647 1891 id
666 1866 729 1900 est,
744 1862 837 1893 caede

134 1915 169 1942 et
185 1911 349 1951 sauguine
366 1921 450 1952 opus
476 1921 550 1943 esse
576 1912 751 1953 portendit
769 1914 837 1943 vic.-

133 1961 229 2001 tima,
260 1971 336 2003 quae
368 1971 431 2002 pro
462 1963 622 2002 sangnine
658 1969 837 2004 argentum

131 2010 259 2043 fundit.
304 2011 410 2052 Litat]
448 2013 526 2044 Non
558 2018 685 2044 temere
717 2024 837 2055 argen-

134 2067 204 2092 tum
222 2061 263 2092 ab
280 2063 411 2093 anseris
442 2067 553 2094 rostro
577 2064 717 2104 pendet.
762 2065 836 2095 Diis

132 2113 220 2144 enim
247 2119 388 2153 argento
418 2115 619 2155 quandoque
649 2114 835 2147 faciebant.

133 2164 178 2194 Et
200 2164 233 2194 in
255 2164 437 2195 amicornm
453 2166 596 2205 gratiam
614 2163 707 2197 feriis
724 2167 835 2197 solen-

133 2214 244 2253 nibus,
268 2214 356 2254 Diis,
380 2215 501 2255 quibus
536 2216 584 2246 illi
612 2215 684 2247 dies
710 2218 835 2249 sacrati

132 2269 243 2302 erant,
273 2266 449 2304 pecuniam
475 2276 602 2298 meram
631 2266 834 2301 offerebant.

134 2314 266 2346 Herald.

177 2365 282 2395 Eme.
314 2374 430 2397 xxxv.
475 2370 490 2397 l
527 2367 621 2407 Idcez‘]
660 2370 834 2401 Cretensis

131 2415 314 2453 sepulchri.
358 2416 455 2447 Jovis
472 2418 832 2458 enimscpulchrumin

131 2464 246 2495 Gnoso
272 2466 384 2496 cretae
413 2468 539 2507 oppido
564 2469 776 2502 ostenditur:
804 2473 831 2502 si

132 2526 198 2556 qua
210 2515 277 2546 fide
292 2517 385 2555 digni
404 2518 534 2549 Cretes.
553 2520 620 2550 Sed
637 2521 712 2551 vide
729 2522 832 2553 Calli-

130 2567 285 2597 machum
300 2568 427 2608 Hymn.
445 2569 488 2599 de
501 2570 644 2606 Jove,et
661 2582 735 2612 qua²
751 2573 831 2604 doc—

131 2617 204 2647 tiss.
242 2618 410 2649 Seldenus
441 2618 474 2649 in
500 2620 620 2652 ‘ritulis
649 2622 829 2655 Honorum

130 2668 188 2699 lib.
208 2671 238 2699 l.
269 2678 343 2709 cap.
365 2672 396 2700 7.
442 2670 530 2700 Risit
554 2673 712 2703 mendacia
731 2674 828 2714 busti]

129 2720 347 2760 Contempsit
373 2730 445 2760 prae
472 2721 597 2753 Flaviae
618 2724 727 2762 gentis
744 2729 827 2754 teni-

130 2770 198 2809 plo,
223 2770 311 2811 qnod
327 2770 537 2812 Vespasiano
555 2774 643 2813 patri
662 2775 830 2807 Domitia-

1486 194 1598 236 13:33

900 306 960 327 nus
974 297 1186 330 condiderat.
1208 300 1318 340 Supra
1334 299 1450 340 Epigr.
1469 302 1498 330 2.
1513 305 1548 331 et
1563 303 1595 332 4.

941 351 960 379 2
986 349 1071 389 Pali]
1096 351 1189 380 Coelo
1209 351 1364 381 a=n1nlum
1379 351 1554 390 templum.

940 401 960 429 6
985 399 1079 439 Pius]
1111 401 1199 432 Quia
1217 402 1409 432 Mercurius
1436 402 1545 432 cultus
1563 406 1597 432 et

898 457 994 479 sacra
1011 449 1172 487 instituit,
1187 451 1406 492 hominesque
1425 451 1466 481 ad
1485 451 1599 482 huma-

898 499 1025 529 niorem
1053 500 1156 530 vitain
1188 502 1370 533 revocavit.
1415 502 1503 532 Vide
1529 502 1599 532 Ho-

898 553 960 579 rat.
977 549 1034 581 lib.
1053 552 1082 581 1.
1099 551 1210 580 Carni.
1226 551 1292 581 Od.
1310 556 1359 583 lo.
1404 554 1502 583 Arcas
1512 552 1596 592 erat]

896 600 1089 631 Mercurius
1122 602 1154 632 in
1182 602 1322 643 Cyllene
1348 609 1463 634 monte
1493 603 1599 635 Arca-

896 651 960 681 diae
975 657 1085 682 natus.

938 704 952 731 7
984 702 1128 742 Cnossia]
1166 702 1346 732 'l'umuluin
1372 703 1450 733 milii
1478 713 1536 734 vos
1562 704 1596 734 in

897 751 1002 781 Creta
1014 751 1211 782 condidistis
1224 758 1368 792 mortuo,
1380 753 1440 784 sed
1458 763 1524 784 non
1541 764 1597 785 au-

893 807 1027 842 gustuni
1042 809 1078 833 et
1090 802 1315 842 magnificum.

938 856 957 884 8
984 853 1111 884 Cer-nite
1138 863 1226 894 quam
1252 854 1332 894 plus,
1359 854 1428 895 ‘'g-a]
1467 854 1595 886 Videte

894 913 994 945 quam
1011 904 1125 935 nobile
1149 906 1313 945 templum
1338 905 1426 945 patri
1448 915 1508 935 suo
1525 906 1596 935 Do-

893 954 1052 985 mitianus
1081 954 1317 993 azdificaverit,
1341 955 1429 996 quod
1455 962 1596 996 superat

893 1004 975 1034 illud
1003 1011 1258 1036 monumentum
1287 1016 1306 1036 a
1332 1007 1426 1037 vobis
1442 1006 1520 1037 milii
1537 1016 1594 1037 ex-

895 1059 1065 1085 tructum:
1084 1056 1248 1095 praestitit
1263 1054 1368 1086 fuisse
1385 1066 1437 1086 me
1450 1057 1596 1088 Caesaris

895 1108 1039 1144 patrem,
1052 1115 1151 1145 quam
1170 1111 1330 1137 vestrum.

930 1155 1181 1186 EP1G.xxxvi.
1196 1156 1282 1186 Vide
1295 1156 1595 1197 mihiTheophras-

894 1202 920 1233 ti
936 1203 1165 1235 characterem
1177 1204 1243 1246 περὶ
1258 1205 1438 1244 Myon-osas.

936 1257 954 1283 3
978 1254 1063 1294 Scis]
1090 1256 1189 1287 Quod
1207 1256 1360 1286 universe
1378 1257 1509 1287 dixerat
1525 1267 1594 1288 mo-

893 1313 928 1334 re
951 1314 1023 1344 suo,
1039 1306 1212 1345 speciatim
1232 1316 1293 1347 per
1309 1313 1425 1346 partes
1443 1308 1594 1347 exponit.

891 1354 1038 1396 Arsacia]
1077 1356 1248 1388 Parthica.
1273 1357 1477 1388 Parthorum
1496 1367 1595 1397 reges

891 1405 933 1435 ab
955 1405 1097 1444 Arsace,
1113 1406 1236 1437 deinde
1262 1407 1407 1438 Arsaces
1424 1408 1528 1439 dicti:
1556 1413 1594 1438 ut

892 1455 1040 1494 Pontici,
1065 1457 1302 1495 Mithridatem
1330 1458 1494 1498 AEgyptii,
1512 1459 1592 1489 Pto-

890 1505 1023 1544 lemaei;
1048 1506 1212 1545 Armenii,
1235 1509 1424 1548 Tigranem
1452 1510 1593 1539 Romani

889 1556 976 1596 Imp.
991 1558 1158 1594 Caesares,
1173 1562 1234 1590 otc.
1274 1559 1431 1599 Pacorus]
1450 1560 1594 1591 Partho-

888 1617 961 1637 rum
978 1617 1050 1639 rex.

931 1660 950 1688 4
974 1659 1157 1690 Rhenanam
1186 1670 1340 1699 numeras,
1369 1661 1439 1700 ὅκκ]
1474 1661 1590 1701 Fingis

889 1714 923 1740 te
941 1708 1070 1741 referre
1096 1720 1194 1750 posse
1218 1712 1390 1751 copiarum
1417 1711 1592 1742 Germani-

889 1770 1005 1791 carum
1020 1766 1054 1791 et
1070 1762 1215 1792 Sarmat.
1231 1772 1418 1792 numerum.

931 1815 949 1841 5
979 1811 1203 1852 Daciclmrtis]
1228 1812 1590 1853 Gruternslegenduin

889 1869 1018 1901 censet,
1035 1863 1117 1893 Daci
1136 1863 1241 1894 Cattis
1255 1865 1422 1894 mandata.-
1448 1869 1483 1894 ut
1496 1863 1591 1893 nimi-

889 1921 961 1943 rum
990 1913 1107 1943 Dacus
1124 1913 1312 1954 Cattusqne
1338 1914 1465 1944 litteris
1489 1914 1590 1944 inter-

887 1962 1015 1992 nuntiis
1031 1961 1203 2003 fingantur
1219 1964 1397 1995 consulere
1420 1964 1462 1994 de
1490 1964 1589 1995 rebus

886 2012 1124 2052 spectantibus
1152 2013 1193 2044 ad
1224 2014 1348 2044 bellum
1381 2020 1503 2045 contra
1526 2015 1591 2045 Ro-

886 2072 1019 2094 manos:
1044 2073 1086 2094 an
1110 2064 1174 2094 loci
1192 2064 1406 2095 intervallum
1425 2065 1491 2096 tale
1510 2065 1590 2105 qnid

886 2112 1075 2152 admiserit,
1101 2113 1338 2155 dijudicabunt
1366 2115 1428 2154 illi,
1466 2116 1588 2156 quibus

885 2165 990 2195 otium
1008 2169 1059 2194 est
1075 2165 1258 2205 inquirere.
1296 2165 1467 2205 Resignas]
1497 2165 1590 2206 Ape-

886 2215 946 2254 ris,
962 2224 1001 2246 ac
1015 2215 1042 2245 si
1057 2219 1094 2245 tu
1111 2225 1227 2246 nosses
1242 2221 1372 2247 secreta
1389 2226 1518 2256 regum,
1534 2227 1589 2248 ac-

885 2265 995 2306 ceptis
1010 2266 1259 2306 resignatisqne
1276 2267 1382 2297 literis
1399 2268 1440 2298 ab
1457 2268 1532 2298 illis.

927 2320 946 2348 6
974 2315 1152 2355 Victricem,
1175 2318 1244 2357 δῖα]
1280 2316 1310 2347 Α
1325 2317 1487 2348 Sarmatis
1504 2319 1588 2349 rela-

885 2374 966 2399 tam.
992 2367 1112 2407 Epigr.
1132 2370 1184 2397 15.
1198 2367 1253 2397 lib.
1273 2369 1303 2397 S.
1322 2377 1407 2399 vers,
1424 2371 1455 2398 ὓ.

926 2420 944 2448 7
970 2417 1052 2456 Scis,
1067 2417 1136 2457 ἔξω]
1173 2418 1221 2447 Tu
1247 2419 1314 2448 scis
1337 2418 1469 2459 quoties
1490 2420 1586 2458 pluat

883 2468 914 2498 in
944 2468 1106 2508 AEgypto,
1136 2467 1227 2508 qnod
1261 2478 1411 2508 perraro.
1467 2470 1586 2500 Phario

882 2519 1020 2557 madeat]
1043 2519 1216 2559 AEgyptia,
1230 2529 1248 2549 a
1263 2519 1375 2550 Pharo
1392 2520 1512 2552 insula.
1529 2521 1586 2551 In-

882 2569 935 2599 fra
951 2569 1069 2609 Epigr.
1082 2571 1135 2600 41..
1154 2579 1240 2601 vers.
1257 2572 1287 2601 2.
1331 2571 1424 2611 dore]
1449 2572 1586 2611 Pluvia,

881 2619 1000 2650 imbre.
1043 2620 1181 2660 Jupiter
1196 2621 1282 2651 enim
1301 2621 1410 2652 inedia
1428 2622 1515 2654 aeris
1532 2633 1583 2653 re-

881 2670 947 2711 gio,
968 2670 1034 2701 ima
1058 2671 1166 2709 Luna,
1187 2681 1316 2702 summa
1339 2672 1509 2710 Minerva,
1526 2676 1584 2715 qni

880 2722 991 2761 magni
1007 2722 1084 2752 hinc
1102 2722 1172 2752 Dii.
1219 2723 1320 2754 fusca
1335 2724 1450 2765 Syene]
1477 2727 1582 2766 Cujus

881 2773 1002 2806 incolae
1038 2783 1057 2805 a
1092 2774 1168 2806 Sole
1206 2774 1412 2813 colorantur.
1472 2777 1582 2817 Syene
