1866 3131
378 180 425 208 M.
461 179 571 208 VAL.
604 177 880 208 MARTIALIS
918 177 1075 208 EPIGR.
1111 177 1205 207 LIB.
1240 177 1332 207 xil.

159 279 178 306 5
196 275 294 306 Carus
305 278 335 306 te
347 273 473 314 detulit]
490 273 711 305 Caussidicns
722 277 757 304 et
771 272 829 303 de-

129 326 240 357 lator:
266 325 308 356 (le
332 335 398 366 quo
417 325 507 356 Ptin.
532 325 640 365 Epist.
664 328 696 356 5.
719 324 778 355 lib.
804 332 829 354 i.

128 383 163 408 et
174 377 334 409 Juvenal.
349 377 473 417 Satyra
491 379 521 408 l.
548 386 634 407 vers.
652 378 704 406 35.
733 375 827 406 Adsit

127 427 261 467 agellus]
284 427 358 458 Tibi
377 425 567 466 injudicio,
586 435 720 456 causam
737 430 829 455 tuam

129 483 211 517 agat
240 477 369 517 agellus
400 486 504 515 meus,
520 477 574 507 cui
593 476 698 516 magis
715 475 830 507 credis

129 536 228 567 quam
242 527 332 558 milii.
355 526 530 566 Scoptice.

171 581 192 608 6
215 577 346 616 Ageltus
363 575 427 616 eat]
453 576 531 607 Non
548 585 624 617 ego,
650 581 746 608 vetus
776 586 828 607 so-

128 629 222 660 dalis.

172 680 275 710 Eric..
294 688 404 711 xxvr.
429 678 577 710 Eosdem
607 678 828 718 labores,non

128 729 247 761 eadem
266 731 404 769 praemia
420 729 582 760 divitibus
607 734 644 760 et
671 730 829 770 pauperi-

127 779 190 810 bus
206 789 280 810 esse
298 779 476 820 proposita
492 780 621 819 Romae,
650 780 744 820 quasi
770 779 830 810 ad-

126 831 193 862 huc
209 830 354 871 degeret
367 831 401 861 in
415 830 512 864 urbe.
526 829 686 861 ostendit.
713 830 794 861 Rad.

172 883 189 911 1
213 880 402 920 Sexaginta,
430 880 501 921 ἐγὼ]
531 880 616 912 Cum
643 886 679 911 tu
703 880 830 912 ordinis

126 931 296 962 Senatorii
324 931 493 962 discurras
518 930 687 962 officiosus
705 931 828 961 saluta-

127 986 195 1020 tor,
207 991 278 1017 „me
302 981 475 1013 insimulas
497 981 650 1021 desidiae,
673 982 731 1022 qui
754 991 828 1012 cum

129 1042 231 1074 eques
255 1032 316 1063 sim
341 1033 460 1074 (idque
485 1033 610 1064 honore
626 1042 693 1064 non
709 1031 830 1073 censu)

127 1083 218 1114 idem
236 1093 302 1114 uon
326 1082 459 1116 faciam.

170 1136 190 1164 4
214 1134 318 1165 Basia
347 1135 431 1165 mille
456 1134 593 1174 domum]
631 1134 749 1176 Epigr.
778 1137 831 1166 95.

126 1183 187 1215 lib.
202 1187 234 1216 7.
247 1194 332 1216 vers.
347 1188 379 1216 2.

172 1238 190 1264 5
214 1234 277 1265 Sed
292 1238 327 1265 tu
339 1235 514 1275 purpureis,
535 1235 604 1275 esa]
632 1235 698 1266 Sed
717 1240 752 1267 tn
768 1235 830 1266 hoc

126 1283 224 1324 facis,
247 1289 284 1316 ut
310 1284 369 1315 fias
393 1286 528 1316 Consul.
573 1286 757 1317 Consulum
774 1296 830 1316 au-

128 1340 197 1366 tem
226 1336 362 1366 nomina
384 1335 623 1367 referebantur
646 1338 681 1368 in
698 1337 831 1376 Fastos,

129 1385 188 1426 qui
216 1395 364 1427 purpura
388 1385 619 1418 illiuebantur.
663 1387 780 1427 Epigr.
798 1389 830 1418 4.

127 1435 187 1467 lib,
211 1438 262 1466 ll.
288 1445 374 1466 verS.
392 1440 424 1466 5.
451 1442 487 1466 et
509 1436 576 1477 ipsi
592 1437 689 1468 Coss.
706 1446 831 1477 purpu-

134 1486 213 1517 rati.

171 1539 191 1566 6
215 1536 284 1567 Aut
311 1537 493 1577 Numidum,
522 1537 593 1578 8502]
620 1538 686 1568 Vel
709 1542 747 1569 ut
772 1538 830 1569 ob-

129 1586 240 1618 tineas
259 1589 466 1627 provinciam
485 1590 517 1619 in
532 1588 653 1620 Africa
669 1589 723 1620 vel
738 1588 831 1620 Asia.

173 1641 193 1669 8
217 1639 411 1670 Matutinum
435 1639 536 1679 serre,
550 1640 621 1680 Sym]
644 1640 765 1680 Epigr.
779 1642 831 1671 36.

129 1688 188 1721 lib.
205 1692 235 1721 3.
249 1699 334 1721 vers.
350 1693 382 1722 4.
398 1697 433 1722 et
452 1692 624 1732 Epigrani.
640 1694 690 1722 10.
706 1691 766 1722 lib.
780 1695 832 1722 10.

130 1749 219 1770 vers.
247 1743 277 1771 S.

171 1793 192 1821 9
217 1791 301 1826 Quid
325 1792 462 1832 petitur]
486 1792 525 1823 Id
544 1798 610 1831 est,
639 1792 720 1833 quid
751 1793 832 1823 milii

132 1848 183 1873 est
200 1843 442 1875 emolumenti?
486 1845 601 1885 Aluta]
628 1844 736 1884 Pelle,
763 1846 833 1876 cal-

131 1904 203 1926 ceo.

174 1949 212 1976 ll
239 1946 306 1977 Nec
327 1947 426 1987 venit]
448 1946 524 1977 Nec
551 1955 669 1977 servus
692 1951 831 1978 vocatus

130 1997 227 2029 adest
243 1998 298 2039 qui
315 1997 436 2029 afferat
452 1999 621 2036 lacernas,
651 1998 809 2029 detrahat
824 2010 832 2036 3

131 2048 225 2079 venit
241 2053 370 2080 tantum
397 2059 416 2079 a
440 2054 585 2089 patrono
603 2049 752 2079 Laetorio
775 2051 831 2090 qui

131 2108 185 2130 me
202 2099 284 2130 trita
294 2105 327 2130 et
345 2100 460 2140 gelida
477 2107 555 2140 toga
572 2100 767 2131 horrentem
785 2102 831 2131 in·

131 2150 218 2181 vitet
232 2150 274 2181 ad
287 2160 431 2181 coenam.

176 2203 214 2232 14
250 2200 376 2240 Viginti
411 2202 560 2240 nummis,
591 2201 662 2241 ὅπη]
708 2201 831 2233 Annon

135 2250 215 2280 milii
236 2251 341 2282 satius
358 2254 448 2283 esset
462 2251 552 2282 domi
570 2256 706 2283 tenuem
726 2262 832 2293 parvo

134 2301 247 2340 pretio
263 2306 410 2341 emptam
426 2311 557 2332 sumere
574 2311 718 2342 coenam,
732 2312 832 2343 quam

134 2355 189 2381 tot
205 2349 324 2381 officiis
338 2356 372 2382 et
383 2356 478 2383 tanto
491 2352 605 2383 labore
618 2351 762 2384 fractum
775 2353 832 2385 de-

134 2401 255 2431 mereri
267 2406 396 2432 rectam
412 2411 542 2433 coenam
556 2404 608 2433 vel
623 2404 831 2443 sportulam?

134 2453 223 2484 Vide
247 2453 400 2493 Epictet.
427 2455 483 2485 lib.
509 2457 541 2485 3.
557 2464 631 2494 cap.
647 2458 699 2486 26.
715 2462 748 2487 et
765 2457 832 2488 An-

135 2505 264 2544 tholog.
281 2504 340 2534 lib.
355 2508 386 2536 5.
403 2513 478 2544 cap.
494 2507 543 2536 12.
554 2504 596 2535 εἰς
609 2505 799 2547 αὐτάρκειαν.

178 2555 284 2585 Eme.
300 2562 438 2584 xxvm.
458 2556 472 2584 1
491 2554 671 2594 δέπίιινιιεε,
684 2556 753 2597 5⁶12]
767 2557 832 2588 Po-

135 2604 212 2636 cula
243 2604 387 2634 duoruui
416 2604 627 2645 cyathorum.
656 2607 831 2647 Epigram.

133 2658 188 2687 28.
217 2656 275 2687 lib.
304 2658 332 2686 l.
351 2664 436 2686 vers.
452 2658 484 2687 2.
522 2656 679 2697 Deunces]
704 2658 833 2689 Pocula

135 2706 293 2737 undecim
312 2706 523 2746 cyathorum.

179 2759 198 2787 2
220 2759 264 2788 Et
279 2758 428 2798 quereris,
443 2757 511 2798 Hya]
533 2759 582 2791 Tu
607 2759 755 2801 quereris
780 2769 832 2790 me

224 2811 337 2851 Delph.
355 2815 384 2842 ct
407 2812 479 2843 Var.
499 2813 583 2843 Clas.

797 2814 942 2845 martial.

1468 167 1582 209 1409

881 271 941 303 tibi
973 281 1147 312 apponere
1163 272 1312 303 deterius
1338 272 1449 303 vinum
1479 282 1581 312 qnam

880 332 944 361 ego
975 322 1065 352 bibo.
1122 323 1194 353 Imo
1211 332 1274 363 ego
1297 331 1420 364 queror
1436 323 1526 362 quod
1544 327 1582 353 tu

880 373 967 403 bibis
995 372 1071 413 plus
1100 382 1199 413 qnam
1230 382 1306 412 ego.
1352 373 1581 404 Convenimus

880 427 994 453 tamen
1007 427 1043 453 et
1060 431 1158 462 pares
1177 432 1309 461 sumus3
1338 422 1427 464 quod
1444 432 1506 462 ego
1523 432 1580 463 ge-

881 483 974 512 nere,
989 478 1025 503 tu
1048 482 1202 511 numero,
1218 472 1307 513 quod
1322 482 1386 513 ego
1400 473 1582 513 qualitate,

880 530 916 555 tu
934 524 1127 565 quantitate
1144 523 1240 554 bibis,
1287 525 1408 565 Neque
1426 524 1514 555 enim
1538 535 1582 554 ’(9.-

879 585 981 616 quum
998 578 1051 605 est
1071 578 1105 605 te
1132 573 1292 605 biboneiu
1310 575 1444 605 haurite
1462 575 1584 615 optimi

880 626 946 656 vini
965 623 1159 664 amphoras.

923 676 1027 706 Erro.
1044 682 1150 705 xxix.
1176 674 1302 705 Furem
1319 673 1467 705 nobilem
1482 679 1517 705 et
1534 674 1582 704 in-

880 726 1054 766 geniosum
1084 725 1147 756 sub
1185 734 1330 764 persona
1364 724 1584 766 Hermogenis

880 775 1047 816 depingit.
1094 774 1210 806 Finxit
1223 774 1326 805 etiam
1341 774 1453 806 Poeta
1465 781 1583 816 aptum

879 823 947 856 furi
962 836 1097 857 nomen.
1138 825 1286 857 Hermes
1303 825 1394 856 enim
1415 835 1476 856 seu
1492 826 1583 856 Mer-

880 877 992 908 curius
1004 877 1116 908 furum
1136 877 1240 908 Deus.

925 931 939 959 l
966 929 1192 968 Hermogenes,
1226 927 1296 969 ξω]
1336 926 1471 958 Nomen
1503 932 1584 968 apte

879 977 1010 1019 fictum,
1039 980 1135 1021 quasi
1163 986 1261 1010 natus
1302 979 1489 1019 Mercurio,
1527 980 1585 1021 qui

881 1030 1028 1062 callebat
1041 1030 1202 1072 quicquid
1219 1031 1349 1071 placuit
1362 1030 1479 1061 doloso
1489 1031 1498 1047 ‘
1508 1040 1587 1062 con-

881 1081 964 1113 dere
978 1081 1095 1114 furto.'
1132 1082 1221 1114 Vide
1253 1082 1379 1113 Catulli
1410 1083 1584 1123 Epigram.

887 1133 1101 1164 ‘Marrucine
1119 1133 1229 1172 Asini,
1246 1142 1349 1164 manu
1365 1133 1503 1165 sinistra
1518 1144 1584 1165 non

882 1182 970 1214 belle
985 1185 1090 1215 uteris
1112 1190 1148 1216 et
1175 1185 1279 1215 Tollis
1291 1185 1400 1216 lintea
1413 1186 1587 1227 negligen-

883 1234 1032 1265 tiorum.'

923 1287 944 1315 2
967 1285 1077 1316 Massa
1094 1285 1181 1326 suit]
1204 1284 1313 1326 Alius,
1328 1286 1444 1325 credo,
1466 1296 1485 1318 a
1508 1288 1586 1318 Bae-

881 1333 936 1365 bio
952 1334 1067 1366 Massa
1080 1336 1223 1368 Baeticae
1237 1337 1422 1377 provinciae
1436 1343 1586 1378 praetore.

881 1389 918 1416 et
933 1386 1107 1425 praedone.
1145 1387 1277 1419 Plinius
1293 1388 1412 1419 ultima
1428 1388 1587 1429 Epistola

881 1436 960 1467 libri
978 1439 1009 1469 7.

924 1491 942 1518 5
970 1488 1123 1520 Cervinus
1149 1489 1302 1529 gelidum,
1328 1490 1400 1530 φλ]
1430 1489 1587 1523 Attrahit

882 1539 1094 1580 surripitque
1122 1549 1267 1580 mappas
1292 1540 1408 1572 nativa
1438 1541 1585 1582 quadam

883 1587 1080 1629 summitate,
1097 1599 1161 1620 non
1177 1600 1276 1621 secus
1293 1600 1332 1622 ac
1349 1600 1470 1622 cervus
1486 1597 1586 1623 natu·

883 1639 945 1670 rali
972 1641 1165 1680 antipathia
1193 1644 1372 1680 serpentes
1400 1651 1418 1672 e
1444 1641 1586 1672 latebris

883 1690 1007 1729 spiritu
1034 1691 1199 1729 extrahit,
1223 1700 1330 1722 cornu
1356 1691 1455 1723 elidit
1472 1698 1586 1722 vorat-

884 1750 969 1781 que:
1003 1741 1094 1772 unde
1126 1739 1242 1780 ἔλαφος
1266 1741 1452 1772 Plutarcho
1468 1742 1526 1774 lib.
1543 1742 1586 1772 de

884 1789 992 1821 Prud.
1015 1790 1130 1821 Anim.
1149 1791 1261 1822 dictus
1282 1790 1343 1822 ἀπὸ
1356 1793 1414 1822 τοῦ
1428 1792 1512 1823 ἑλεῖν
1531 1793 1586 1823 vel

884 1839 960 1880 ἐλᾷν
987 1839 1058 1872 τοὺς
1088 1839 1183 1880 ὄφεις.
1213 1841 1328 1872 sanius
1358 1842 1513 1873 duxerim
1544 1843 1585 1873 ab

883 1885 1008 1930 15¹7]ss
1026 1909 1128 1932 cerva
1156 1901 1199 1931 ab
1216 1885 1303 1931 '7³⁸
1327 1910 1459 1932 cervus.
1496 1900 1586 1932 Vide

883 1951 973 1983 Plin.
989 1952 1047 1983 lib.
1062 1954 1113 1983 ll.
1129 1961 1204 1993 cap.
1219 1955 1274 1985 83.
1288 1957 1326 1984 et
1342 1951 1462 1983 AElian.
1477 1950 1536 1982 lib.
1553 1954 1586 1982 ⁶2..

883 2011 958 2042 cap.
970 2005 1002 2033 9.

925 2055 946 2082 6
965 2053 1103 2083 Casuras
1126 2054 1202 2093 alte,
1226 2052 1298 2094 Sta]
1320 2054 1366 2085 Et
1389 2053 1496 2084 veluti
1521 2052 1587 2084 Iris

883 2101 998 2133 furtim
1022 2103 1111 2134 tollit
1136 2113 1240 2144 aquas
1280 2113 1395 2135 rursus
1426 2113 1586 2134 casuras:

883 2151 948 2183 hoc
973 2162 1015 2182 ex
1042 2153 1201 2192 opinione
1232 2154 1336 2194 vulgi.
1391 2153 1447 2184 Fit
1473 2158 1586 2184 autem

883 2202 948 2233 Iris
964 2213 1005 2233 ex
1022 2201 1151 2233 reflexu
1170 2203 1341 2234 radiorum
1363 2203 1450 2234 Solis
1467 2203 1509 2233 ad
1526 2213 1587 2233 nu-

884 2252 960 2283 bem
976 2253 1163 2283 resolutam
1186 2253 1325 2295 Solique
1345 2253 1536 2294 oppositam
1553 2253 1587 2284 in

883 2302 1054 2343 adspectu
1071 2308 1199 2334 nostro.

925 2356 944 2384 7
986 2354 1114 2394 Myrino
1158 2353 1332 2394 peteretur]
1378 2353 1586 2386 Gladiatori.

884 2404 1004 2444 Epigr.
1034 2407 1087 2435 20.
1117 2404 1173 2435 lib.
1195 2404 1315 2445 Spect.
1370 2405 1485 2436 Missio
1498 2404 1587 2445 taeso]

884 2455 980 2485 L‘aeso
995 2455 1185 2494 gladiatori,
1202 2465 1294 2486 arma
1308 2455 1524 2486 submittenti
1552 2462 1587 2487 et

883 2506 1009 2537 ferrum
1033 2512 1231 2547 accepturo,
1259 2508 1373 2539 missio
1397 2518 1490 2549 saepe
1507 2509 1588 2540 data

883 2568 902 2588 a
918 2560 1120 2596 munerario,
1145 2569 1185 2590 ne
1203 2559 1465 2599 interficeretur,
1482 2560 1588 2591 inter-

884 2608 1032 2640 cedente
1052 2610 1187 2649 populo.

925 2663 946 2690 9
971 2661 1144 2698 Cretatam,
1175 2661 1243 2701 ἔξω]
1279 2661 1466 2693 Candidam
1492 2671 1587 2703 map-

884 2720 961 2750 pam
986 2711 1018 2741 in
1045 2711 1177 2751 signum
1196 2711 1404 2743 Circensium
1434 2714 1588 2744 commit-

887 2761 1064 2792 tendorum
1084 2763 1230 2800 l’raetor,
1248 2763 1300 2804 qui
1315 2763 1504 2804 plerunque
1517 2764 1588 2794 edi-

1428 2818 1502 2848 4U
