1866 3131
290 182 310 192 J

259 182 295 221 1.

297 193 310 208 S

314 185 369 222 δί)

286 211 310 221 δ

257 286 368 326 potius
386 286 530 326 pretium
559 286 722 326 ipsorum.

300 337 404 368 EP1G.
422 345 513 367 xvn.
538 336 794 377 Autographnm
826 342 956 377 septem

256 387 416 417 librorum
430 387 724 427 Epigrammatum
739 387 875 418 dedicat
887 386 957 417 bib-

256 437 414 468 liothecae
431 437 515 469 Julii
532 437 716 476 Martialis,
732 438 828 478 cujus
840 438 957 468 hortos

258 493 293 518 et
309 497 364 518 rus
380 488 412 518 in
429 488 586 519 Janiculo
602 488 794 519 suburbano
807 488 958 528 descrip-

257 546 314 570 sit.

304 592 319 619 1
346 589 457 628 Raris,
475 588 542 628 elya]
558 589 658 619 Ruris
676 588 857 619 suburbani
873 587 958 620 Julii

257 639 445 679 Martialis,
468 638 557 680 quod
575 639 759 679 descripsit
774 640 890 679 Epigr.
907 641 958 669 64.

257 691 279 722 1.
298 693 330 721 4.

299 744 318 772 2
347 740 489 772 Vicinam
519 740 615 779 videt,
641 739 710 780 asca]
732 739 787 770 Sic
819 739 884 780 Ep.
906 741 958 770 64.

257 792 316 823 lib.
333 794 364 822 4.
381 801 468 821 vers.
488 794 539 822 ll.

301 846 319 873 4
344 842 485 873 Lasciroe
502 840 635 880 Thaliae]
661 840 748 871 Meis
764 840 814 871 bis
830 839 958 870 Carmi-

254 891 646 933 nibusjocosis‚floridae
664 897 699 921 et
721 890 885 921 conviviis
902 899 958 929 ap-

259 950 303 974 1ae
319 944 428 974 Musae
442 942 573 973 Θαλείας
591 942 729 972 foetibus
745 952 753 972 2
779 946 816 972 ut
839 940 958 981 Epigr.

259 998 290 1026 8.
310 995 366 1026 lib.
379 997 410 1025 4.
429 1003 516 1024 vers.
531 996 581 1024 12.

300 1050 317 1076 5
345 1046 430 1076 Nido
460 1043 535 1084 imo]
562 1043 685 1074 Infima
718 1042 878 1082 statione,
905 1051 958 1073 or-

260 1098 349 1128 dine.
387 1096 466 1127 Nidi
479 1096 568 1126 enim
582 1094 679 1125 foruli
694 1098 774 1125 sunt
786 1094 961 1133 librorum,

259 1150 292 1178 in
309 1147 442 1188 quibus,
458 1146 551 1177 velut
569 1145 693 1185 capsis,
721 1149 816 1175 certo
840 1143 960 1174 ordine

258 1199 433 1239 graduque
475 1202 697 1237 reponuntur,
734 1201 772 1226 ut
814 1194 959 1225 diximus

261 1250 379 1290 Epigr.
395 1251 468 1279 118.
481 1247 541 1278 lib.
560 1250 589 1278 1.
602 1256 689 1277 vers.
707 1249 760 1277 15.

301 1303 320 1330 8
345 1299 426 1330 Hoec
442 1299 506 1329 illis
529 1299 678 1338 pretium,
695 1297 763 1337 ξι]
787 1296 885 1330 Quod
904 1306 961 1327 au-

263 1350 344 1381 toris
379 1349 580 1389 autographi
607 1354 699 1386 sunt,
728 1353 763 1379 et
787 1357 870 1389 qnos
896 1348 961 1387 Ep.

263 1404 314 1432 10.
343 1411 444 1441 supra
461 1400 548 1430 (lixit
571 1400 787 1439 archetypos.
833 1398 960 1437 Litura]

262 1454 307 1483 Et
319 1453 435 1492 majori
449 1452 481 1482 in
500 1451 608 1492 pretio
632 1455 744 1489 erunt,
757 1449 845 1491 quod
861 1459 960 1480 manu

261 1511 335 1533 mea
353 1501 537 1532 emendati.

304 1556 325 1584 9
351 1553 396 1584 Tu
410 1551 547 1592 munere]
572 1551 634 1583 Cui
647 1560 807 1582 consecro
823 1555 858 1581 et
874 1550 961 1581 dono

260 1603 320 1634 bos
348 1602 480 1633 libellos
502 1611 604 1632 meos.
651 1600 825 1640 Dedicata]
850 1600 962 1631 Dona·

264 1659 311 1692 ta,
342 1657 554 1684 consecrata.
617 1651 846 1682 Bibliothecae
875 1651 962 1682 enim

263 1703 373 1734 Musis
391 1709 426 1733 et
443 1702 593 1743 Apollini
609 1712 715 1734 sacrae
733 1707 843 1733 erant.
893 1703 963 1733 De-

262 1754 466 1785 dicabantur
490 1759 525 1785 et
554 1758 676 1784 statuae
700 1758 736 1784 et
751 1754 913 1794 imagines
929 1753 963 1783 iu

265 1803 491 1835 bibliothecis.

306 1857 347 1885 10
373 1853 472 1893 Nota]
497 1854 655 1884 Carmine
673 1863 754 1884 meo.

297 1905 399 1935 Erro.
417 1913 527 1935 xvxix.
544 1908 563 1934 2
578 1905 708 1942 Dicere,
724 1904 791 1944 dra]
804 1905 848 1935 Se
860 1905 962 1935 talem

263 1956 409 1986 habere:
431 1955 463 1985 id
492 1960 558 1994 est,
578 1955 637 1986 tibi
656 1955 878 1993 contendere,
900 1955 964 1985 tibi

263 2016 299 2036 se
315 2006 539 2047 aeqniparare,
562 2004 727 2044 praeferre
753 2005 874 2035 sallem
898 2015 964 2035 non

264 2056 368 2086 ausit.
403 2056 518 2086 Litura
546 2055 646 2095 notet]
674 2054 813 2094 Menda,
835 2064 966 2092 naevus,

264 2107 316 2137 vel
333 2107 519 2137 lomentum
538 2115 602 2146 quo
630 2114 726 2145 rugas
752 2104 902 2135 condunt
927 2105 964 2135 li-

265 2162 430 2198 nuntque.
479 2156 687 2196 Epigramm.
703 2158 756 2187 -12,
771 2155 829 2185 lib.
847 2158 878 2187 3.

309 2211 346 2239 11
372 2208 467 2239 Faeni
493 2211 697 2248 poppysmata
735 2205 842 2246 cunni]
876 2205 965 2236 Vide

266 2260 386 2300 Epigr.
401 2261 455 2289 71.
472 2258 531 2288 lib.
546 2261 574 2288 3.
594 2267 681 2288 vers.
697 2260 729 2288 8.

308 2310 414 2340 EP1G.
431 2317 509 2340 xrx.
534 2309 587 2339 De
615 2308 708 2349 Argo
732 2307 968 2346 nave‚doctis-

266 2360 350 2390 sime
376 2359 666 2400 disertissimeque
694 2368 777 2389 unus
800 2359 833 2389 in
851 2359 966 2399 paucis

266 2411 495 2452 Hieronymus
507 2410 671 2441 Columna
683 2409 725 2440 ad
736 2410 837 2440 Ennii
853 2408 968 2439 Mede-

266 2471 319 2492 am
332 2461 483 2501 disputat
497 2463 658 2501 pag.3l4.
679 2460 789 2500 Hujus
802 2458 969 2499 fragmen-

265 2516 337 2542 tum
363 2516 517 2551 tempore
539 2510 710 2542 Martialis
727 2511 844 2542 Romae
855 2516 968 2542 exsta-

266 2561 338 2600 bat,
350 2562 384 2592 in
396 2561 484 2602 quod
499 2567 550 2591 est
566 2562 628 2592 hoc
642 2562 867 2601 Epigramma.
887 2561 967 2592 Raa.

304 2615 319 2643 1
339 2611 656 2651 Fragmerztun1,35·c.]
670 2611 769 2644 Quod
788 2612 902 2642 Romae
914 2620 970 2641 ex-

268 2662 367 2693 tabat
384 2668 537 2701 tempore
550 2662 730 2701 Martialis,
745 2668 783 2693 ut
799 2662 948 2693 videtur.

312 2716 331 2742 2
366 2713 475 2752 Ignoti.
509 2713 624 2752 prima,
656 2714 725 2752 &al
762 2713 837 2744 Non
877 2714 969 2753 prius

272 2764 393 2794 tentati
412 2763 620 2794 mortalibus.
666 2765 675 2779 ‘
692 2763 861 2804 Nullaque
886 2773 972 2794 mor-

721 192 860 222 No'rAE
896 192 1159 222 VARNJRUM
1200 191 1248 220 ΙΝ

1009 286 1095 316 tales
1114 290 1241 325 praeter
1258 294 1318 315 sua
1342 284 1444 315 litora
1466 284 1610 315 norant?
1647 283 1708 315 Ar-

1009 342 1173 377 gonautas
1201 336 1342 376 primum
1371 340 1523 366 tentasse
1544 344 1634 366 mare
1654 344 1708 365 vo-

1008 387 1081 417 lunt
1095 386 1217 427 poetae.

1051 440 1069 468 3
1096 439 1228 479 Cyaneas>
1255 438 1418 478 quondam,
1447 436 1513 476 ³5⁶]
1545 436 1630 467 Duae
1661 436 1708 466 in-

1008 490 1089 520 sulae
1114 490 1146 519 in
1176 489 1278 520 Ponti
1307 488 1429 519 Euxini
1455 489 1553 526 ostio,
1574 497 1650 528 quae
1673 493 1709 519 et

1008 540 1265 580 Symplegades,
1292 548 1374 580 quas
1401 539 1620 569 transmisere
1648 538 1711 569 Ar-

1009 595 1164 629 gonautae
1187 599 1251 619 non
1280 590 1351 619 sine
1368 588 1530 628 periculo,
1554 587 1709 618 mutilata

1009 649 1136 671 summa
1175 640 1300 680 puppis
1340 644 1450 679 parte.
1518 638 1591 669 Has
1629 647 1709 677 ergo

1010 691 1240 729 transmisere,
1255 689 1387 720 Phinaei
1403 689 1544 727 monitu,
1559 687 1710 728 praemis-

1009 749 1044 770 sa
1057 741 1118 770 viae
1131 741 1217 771 duce
1229 740 1397 771 columba.
1424 740 1433 755 ⁴
1446 739 1564 769 Ruinae
1577 737 1584 750 ¹
1602 737 1711 776 addit,

1010 792 1091 831 quia
1135 790 1178 822 ad
1216 791 1370 830 Cyaneos
1413 790 1514 820 hosce
1555 789 1710 829 scopulos

1009 851 1168 881 magnum
1205 841 1319 872 adiere
1369 841 1563 872 discrimen.
1622 839 1710 869 vide

1009 902 1085 932 quae
1115 892 1157 923 ad
1186 901 1273 922 vers.
1307 895 1401 924 1210.
1447 892 1552 922 Herc.
1580 891 1640 920 Fu.
1677 895 1710 920 et

1010 952 1097 974 vers.
1132 945 1206 973 341.
1242 942 1378 973 Medeae
1404 942 1546 973 Senecae
1578 942 1712 972 notavit

1011 993 1207 1025 Farnabius.

1053 1049 1071 1076 5
1110 1045 1219 1076 Secula
1254 1046 1407 1084 vicerunt,
1443 1043 1512 1084 ἂι]
1563 1043 1713 1083 Fluctus,

1010 1097 1180 1136 scopulos,
1195 1096 1316 1136 Syrtes
1332 1100 1594 1136 praetervectam
1611 1100 1645 1125 et
1662 1104 1714 1124 su-

1012 1152 1200 1187 perantem,
1226 1147 1309 1177 vicit
1330 1146 1468 1176 tandem
1493 1150 1588 1176 aetas.
1636 1144 1712 1175 Hoc

1012 1202 1084 1229 est:
1111 1197 1166 1234 Et,
1190 1206 1265 1237 qua:
1284 1206 1349 1227 non
1367 1200 1516 1227 cesserat
1539 1194 1715 1233 flucfibuffi

1012 1248 1173 1287 scopulis,
1192 1252 1227 1277 et
1251 1247 1420 1287 Syrtibus,
1446 1247 1547 1278 cessit
1574 1246 1711 1277 tandem

1012 1298 1172 1338 tempori,
1201 1297 1289 1338 quod
1319 1297 1439 1328 exedit
1476 1297 1712 1338 consumitque

1013 1348 1134 1379 omnia.

1055 1402 1075 1429 6
1103 1398 1248 1428 Sanctior
1284 1401 1340 1437 est,
1371 1397 1442 1437 Era]
1470 1398 1713 1439 Fragmentum

1013 1450 1076 1480 boc
1097 1449 1258 1488 religione
1274 1454 1309 1479 et
1335 1449 1548 1489 antiquitatis
1575 1459 1714 1479 venera-

1014 1501 1106 1531 tione
1136 1500 1190 1530 vel
1228 1499 1335 1540 ipsam
1362 1500 1529 1540 integram
1556 1500 1607 1530 vel
1633 1500 1713 1530 alias

1014 1550 1149 1592 quasvis
1161 1559 1266 1581 naves
1283 1555 1436 1591 superat.

1058 1601 1162 1632 Eme.
1187 1609 1251 1632 xx.
1276 1601 1472 1641 Emptorem
1491 1610 1663 1631 coenarum
1680 1605 1715 1632 et

1015 1652 1226 1682 venditorem
1250 1652 1434 1683 earundem
1457 1652 1636 1683 Sanctram
1660 1652 1715 1682 de-

1015 1702 1146 1734 scribit.

1059 1757 1074 1784 l
1101 1753 1266 1794 Miserius]
1289 1755 1375 1786 Tum
1401 1755 1516 1786 labore
1540 1760 1576 1786 et
1597 1755 1715 1787 officiis

1016 1805 1139 1846 quibus
1165 1815 1296 1836 coenam
1313 1806 1492 1846 captavit:
1519 1812 1589 1838 tum
1613 1808 1716 1838 maxi-

1015 1865 1068 1886 me
1099 1856 1255 1891 avaritia‚
1283 1856 1339 1897 qui
1366 1857 1524 1888 analecta
1549 1857 1716 1889 vendidit.

1019 1904 1167 1934 Gulasius
1182 1904 1329 1945 Sauctra]
1353 1905 1538 1946 Rapacius,
1564 1907 1618 1948 qui
1647 1913 1719 1938 tan-

1017 1960 1085 1984 tum
1103 1953 1285 1986 suffuratus
1301 1960 1364 1986 est.

1058 2008 1077 2035 2
1097 2006 1225 2036 Rectam
1241 2006 1379 2046 vocatus]
1398 2006 1436 2037 In
1454 2017 1520 2047 qua
1532 2007 1717 2039 accumbit.

1016 2055 1234 2086 Domitianus
1257 2057 1360 2095 enim,
1387 2057 1558 2096 abrogatis
1581 2063 1715 2098 sportw

1016 2105 1069 2142 lis,
1094 2111 1273 2136 revocarat
1290 2111 1401 2137 rectas
1417 2116 1541 2145 coenas,
1558 2112 1593 2138 nt
1615 2117 1717 2148 supra

1016 2156 1098 2186 dict.

1059 2209 1078 2236 4
1097 2206 1155 2236 Ter
1173 2206 1286 2246 poscit]
1312 2206 1538 2238 Liberaliores
1563 2208 1721 2238 conviva-

1018 2263 1110 2287 tores
1126 2256 1309 2287 clientibus
1329 2263 1364 2287 et
1390 2259 1543 2288 convivis
1568 2264 1718 2298 potesta-

1019 2312 1085 2336 tem
1102 2305 1275 2337 faciebant
1291 2308 1468 2347 poscendi,
1483 2319 1558 2350 quae
1581 2309 1716 2340 vellent.

1018 2357 1136 2398 Epigr.
1153 2359 1205 2388 82.
1219 2357 1276 2388 lib.
1288 2360 1319 2389 3.
1337 2367 1425 2390 vers.
1440 2361 1493 2389 23.

1061 2411 1079 2437 5
1103 2408 1272 2448 Utramque
1297 2408 1420 2448 coxam]
1444 2409 1578 2450 Nempe
1601 2411 1718 2441 melio-

1019 2467 1073 2489 res
1090 2459 1214 2498 leporis
1231 2463 1359 2499 partes.

1061 2512 1081 2539 6
1098 2509 1244 2548 PeJ'erare
1255 2510 1293 2540 de
1308 2510 1414 2551 tur-ao]
1429 2511 1451 2543 J
1457 2521 1554 2542 nrare
1568 2511 1630 2543 sibi
1648 2516 1718 2543 tur—

1019 2559 1098 2590 dum
1122 2569 1187 2590 non
1204 2561 1409 2601 appositum,
1438 2572 1512 2593 cum
1530 2563 1642 2602 plures
1660 2572 1718 2603 ap·

1020 2612 1145 2652 positos
1162 2611 1387 2644 subduxisset.

1061 2665 1079 2692 7
1097 2662 1290 2700 ostreorum,
1311 2662 1380 2702 &ej
1403 2663 1518 2694 Cirros
1530 2666 1718 2694 ostreorum

1021 2711 1174 2743 Raderus
1214 2713 1373 2751 opinatur
1417 2713 1484 2744 dici
1529 2722 1717 2752 purpureos

1022 2762 1147 2799 crines,
1160 2761 1212 2801 qui
1227 2760 1327 2792 fibras
1342 2768 1529 2792 ostreorum
1546 2763 1718 2799 ainbiunt3
