1866 3131
244 160 352 201 1448

242 265 405 298 Queritur
419 274 500 306 ergo
517 265 570 296 hic
589 265 795 296 Boletarium
813 275 847 296 se
864 266 937 305 cogi

242 315 282 346 ad
300 315 458 346 ferendos
475 315 646 355 εοὶίειιὶοε,
661 314 716 356 qui
734 319 832 345 eraut
849 315 940 345 vilio-

242 376 294 397 res
311 366 443 397 boletis.

283 420 302 448 2
328 417 525 456 Protutomis,
540 416 607 456 isca]
627 415 693 449 Qui
705 416 813 446 adhuc
830 415 939 445 teneri

242 467 461 498 suchduntur
476 467 647 504 caulibus;
677 466 793 507 Epigr.
810 468 863 497 48.
880 465 938 495 lib.

243 522 293 550 10.
311 528 395 550 vers.
415 521 465 550 16.

284 570 389 600 Eme.
407 578 470 600 cu.
504 572 524 600 2
551 568 757 606 Surrentium,
773 567 840 607 ego]
865 567 939 597 Fic-

241 620 300 650 tile
325 620 413 658 leve,
439 624 474 650 et
498 625 576 650 rota
600 618 692 659 figuli
719 619 872 659 politum,
898 627 939 648 ex

241 674 335 699 terra
360 669 571 701 Surrentina.
610 669 698 700 Vide
724 669 840 708 Epigr.
869 670 941 699 110.

241 719 301 750 lib.
316 723 368 751 13.
385 720 475 751 Plin.
492 719 550 750 lib.
568 722 619 750 35.
636 728 711 759 cap.
727 721 777 749 12.

284 771 391 800 Eme.
405 778 483 800 cm.
508 772 524 800 1
543 769 678 807 Samos,
691 768 760 808 iren]
785 768 941 799 Calorem

242 820 447 860 optimorum
472 820 626 850 vinorum
650 824 818 858 tempera,
835 824 941 849 trans-

242 870 406 902 mittendo
435 879 495 911 per
519 872 628 901 colum
653 870 787 901 nivibus
817 870 943 900 disten-

241 929 324 955 tum.
359 923 499 963 Frange]
520 922 726 953 Transmitte
744 931 805 962 per
821 923 943 960 colum,

242 983 307 1013 quo
324 973 473 1003 nonnihil
492 972 559 1003 vini
578 973 626 1002 vis
643 971 880 1012 frangebatur.

283 1027 302 1055 2
336 1024 539 1064 Pauperiore,
570 1023 638 1063 ξω]
680 1023 790 1054 Vilius
831 1024 943 1053 vinum

241 1085 340 1106 sacco
370 1075 475 1106 linteo
492 1074 698 1114 attenuabis,
715 1078 752 1105 ut
775 1083 840 1116 seq.
866 1074 944 1115 Epi-

242 1130 438 1166 grammate.

286 1176 391 1208 Eme.
407 1184 481 1207 clv.
506 1179 520 1206 1
536 1176 722 1213 Attenuare,
732 1175 801 1215 liu]
827 1175 941 1215 Epigr.

243 1226 511 1266 praecedenti,et
526 1226 646 1266 Epigr.
660 1226 779 1257 60.lib.
793 1228 841 1256 12.
855 1234 942 1256 vers.

241 1280 271 1307 9.
300 1281 336 1308 et
361 1277 418 1308 lib.
446 1279 479 1307 2.
514 1276 689 1316 Epigram.
719 1278 772 1306 40.
795 1285 880 1306 vers,
910 1279 939 1307 5.

241 1328 327 1359 Vide
344 1329 446 1359 Turn.
464 1327 520 1358 lib.
542 1330 591 1358 17.
606 1336 681 1366 cap.
697 1328 748 1356 18.

284 1379 394 1409 ΕΡιῦ.
411 1387 465 1409 cv.
489 1381 505 1408 1
534 1378 668 1416 Frigida
683 1387 742 1407 nou
765 1376 856 1414 (lesit,
870 1375 941 1415 isc]

240 1429 274 1459 Si
289 1428 386 1460 modo
398 1431 559 1468 suppetat
569 1436 656 1467 aqua
667 1431 739 1457 arte
752 1425 941 1465 frigefacta‚

241 1479 413 1519 Epigram.
430 1481 502 1509 117.
530 1482 566 1508 et
588 1479 662 1507 118.
689 1475 787 1514 infra,
813 1474 939 1506 affatim

242 1529 308 1560 erit
321 1528 440 1559 calidae
457 1527 499 1558 ad
517 1526 775 1567 temperandum
793 1526 917 1556 vinum.

283 1581 303 1609 2
330 1578 453 1608 Morosa
469 1579 574 1608 ludere
588 1586 679 1617 parce
695 1576 767 1618 siti]
800 1575 939 1607 Difficili

242 1633 276 1659 et
294 1628 440 1659 delicata
456 1627 566 1658 nimis.

285 1680 480 1709 EP1G.CVI.
506 1680 521 1708 1
541 1677 670 1717 Panda]
703 1677 842 1717 Magna,
871 1677 939 1708 lato

244 1729 383 1760 ambitu.
429 1728 533 1759 Ruber
547 1738 656 1759 urceus
669 1727 757 1768 ansa]
790 1729 821 1758 A
838 1732 941 1768 terra,

241 1780 293 1810 vel
311 1779 388 1819 igni.

285 1832 304 1859 2
328 1828 467 1868 Stoicus]
502 1830 546 1860 Et
570 1828 643 1869 ipse
670 1828 802 1859 Stoicus
829 1838 941 1859 move-

243 1879 343 1910 batur
359 1880 456 1920 hujus
472 1880 598 1919 colore,
611 1879 666 1920 qui
690 1884 802 1909 tamen
819 1888 855 1909 se
872 1888 939 1909 mo-

243 1930 313 1960 veri
328 1934 443 1970 negat.

286 1981 390 2011 Eme.
407 1989 495 2011 cvu.
520 1983 535 2010 l
556 1981 623 2010 Nos
636 1979 757 2020 Satyri,
771 1979 840 2019 ἐξα]
880 1979 941 2010 Ca-

242 2030 361 2070 lathos,
375 2030 497 2061 calices
510 2030 668 2061 vinarios.
714 2030 801 2060 Vide
819 2030 940 2069 Virgil.

244 2081 364 2111 Ecl.5.
390 2080 446 2111 ubi
472 2080 504 2111 in
531 2080 635 2111 sacris
658 2080 783 2110 Bacchi
806 2079 942 2111 adhibe·

242 2131 368 2162 bantur
394 2130 527 2162 calathi.
573 2130 670 2161 Ebria
706 2130 813 2170 tigris]
843 2131 942 2168 Vino,

243 2186 281 2212 ut
297 2180 425 2220 ferunt,
442 2180 603 2221 eicurata,
618 2186 652 2211 et
666 2180 791 2211 Bacchi
805 2190 938 2212 currum

245 2231 394 2261 trahens.

285 2284 304 2312 2
328 2281 473 2320 Domini]
520 2280 660 2319 Bacchi,
698 2280 749 2310 vel
780 2280 942 2320 magistri.

244 2330 391 2362 Lambere
405 2332 493 2362 docta
506 2331 610 2371 pedes]
635 2331 804 2370 Epigram.
819 2334 868 2361 18.
883 2331 940 2362 lib.

243 2382 534 2422 Spectaculorum.

288 2432 392 2462 EPIG.
409 2440 511 2463 cvm.
531 2432 650 2462 Calices
661 2431 845 2473 Saguntini]
867 2431 941 2463 Fic-

245 2482 323 2512 tiles
354 2492 372 2513 e
394 2482 543 2522 Sagunto
572 2481 746 2521 Hispaniae
788 2482 938 2514 civitate.

246 2532 498 2572 Epigrammate
512 2534 564 2562 46.
582 2532 666 2562 libro
682 2535 713 2562 4.
726 2542 824 2563 versu
842 2536 892 2564 15.

290 2585 302 2610 l
333 2582 403 2611 Non.
418 2582 564 2612 sollicitus
577 2585 691 2624 teneat,
705 2583 774 2622 ‘sse-J
795 2584 940 2614 Securus

246 2630 288 2660 de
316 2631 461 2662 damno:
508 2633 535 2662 si
566 2633 703 2672 cadant,
730 2633 939 2674 frangantur-

248 2691 312 2722 que
331 2693 338 2711 :
363 2692 439 2712 mox
456 2682 575 2723 Epigr.
594 2686 665 2713 lll.

290 2731 392 2761 Erro.
409 2740 484 2762 crx.
515 2735 529 2762 1
559 2732 765 2772 Gemmatum,
780 2733 847 2772 mn]
879 2732 942 2764 Ar-

709 171 849 201 NOTAE
887 170 1145 201 VARIORUM
1183 172 1231 201 lN

991 265 1122 305 genteis
1147 266 1277 305 poculis
1301 275 1365 296 non
1387 275 1540 305 gemtum,
1556 267 1612 296 sed
1633 277 1687 297 au-

991 326 1047 347 rea
1065 315 1300 346 inscrebantur
1313 315 1538 353 emblemata3
1563 326 1636 356 quae
1655 322 1690 348 et

989 369 996 382 ‘
1015 367 1253 407 chrysendeta,
1265 367 1272 378 ’
1289 372 1324 397 et
1341 368 1349 383 ‘
1362 367 1626 407 chrysocolleta‚'
1655 374 1689 398 ct

991 420 998 433 ⁴
1017 417 1259 458 chrysoclista'
1289 416 1369 447 iude
1391 417 1616 448 dicebantur:
1641 418 1687 449 sic

991 477 1131 505 gemmae
1149 467 1258 497 aureis
1275 468 1416 508 poculis,
1439 477 1553 498 aurum
1572 477 1689 507 argeu-

991 518 1054 547 teis
1078 518 1337 549 includebatur:
1363 519 1560 558 crystallina
1577 523 1688 549 antem

991 574 1024 597 et
1052 568 1197 607 myri-ina
1222 569 1321 599 nullis
1348 568 1536 599 istiusmodi
1568 568 1691 599 emble-

992 619 1090 648 matis
1118 628 1257 658 usquam
1283 620 1482 657 incrustata,
1507 629 1581 659 quae
1609 628 1691 659 pura

991 673 1025 698 et
1055 669 1187 700 sincera
1212 679 1272 709 per
1299 679 1335 700 se
1362 670 1466 709 magis
1498 669 1692 709 placebant.

992 719 1170 751 Salmasius,
1216 720 1371 761 Scythicis
1386 720 1525 760 ignibus]
1543 722 1692 761 Smarag-

993 769 1054 801 dis.
1080 771 1195 810 Epigr.
1210 774 1262 801 60.
1281 771 1340 801 lib.
1361 774 1391 801 9.
1417 781 1504 802 verS.
1530 773 1579 801 17.
1625 772 1691 803 Au-

992 821 1076 860 rum]
1100 821 1262 852 Poculum
1277 831 1426 853 aureum.

1036 873 1055 901 2
1082 871 1163 906 Quot
1179 871 1307 910 digitos,
1326 871 1393 910 Bra]
1429 871 1438 888 ‘
1454 872 1501 902 Eo
1525 871 1691 911 processit

994 920 1103 959 luxus,
1133 925 1169 951 ut
1196 921 1291 952 multi
1316 931 1465 961 gemmas
1493 921 1608 960 digitis
1634 921 1691 952 de·
1712 928 1719 937 ²

994 975 1122 1002 tractas
1141 971 1270 1011 poculis
1287 971 1460 1002 inserant!
1483 972 1615 1002 Plinius
1631 972 1690 1003 lib.

994 1023 1046 1053 37.
1062 1032 1137 1062 cap.
1153 1025 1183 1053 2.
1196 1027 1231 1053 et
1243 1022 1522 1055 Juvenal.Sat.5.
1536 1033 1621 1054 vers.
1637 1026 1691 1055 42.

1036 1072 1142 1102 Eme.
1162 1081 1217 1103 cx.
1244 1076 1258 1103 l
1277 1073 1420 1112 Gemma,
1436 1072 1505 1113 iffa]
1530 1073 1690 1113 Ampulla

993 1130 1035 1151 ex
1061 1123 1203 1162 onyche.
1238 1123 1446 1162 Epigramm.
1480 1126 1533 1154 29.
1563 1123 1620 1153 lib.
1639 1126 1691 1154 11.

993 1182 1080 1205 vers.
1096 1175 1127 1204 7.
1141 1178 1177 1204 et
1194 1173 1399 1214 Epigramm.
1412 1178 1463 1205 82.
1478 1174 1535 1205 lib.
1554 1177 1584 1206 3.
1600 1184 1691 1206 vers.

992 1225 1044 1253 25.

1033 1275 1052 1303 2
1077 1272 1235 1310 Sisoliata
1249 1273 1335 1314 silis]
1367 1273 1516 1304 Invaluit
1538 1274 1692 1313 luxuria,

993 1328 1029 1353 ut
1059 1329 1230 1362 unguenta
1258 1324 1477 1355 biberentur:
1515 1323 1596 1364 μύρῳ
1611 1323 1691 1355 οἶνον

988 1371 1149 1411 μιγνύντες
1167 1373 1262 1404 οὕτως
1279 1372 1390 1404 ἔπινον.
1435 1374 1582 1404 AElianus
1609 1375 1691 1406 Var.

991 1424 1082 1455 Hist.
1109 1425 1130 1455 l.
1160 1426 1211 1456 12.
1235 1435 1265 1455 c.
1286 1427 1337 1456 31.
1382 1425 1551 1455 Foliatum
1579 1431 1689 1457 autem

991 1479 1063 1505 erat
1080 1485 1096 1504 ε
1113 1473 1204 1505 foliis
1229 1475 1350 1514 Nan-di,
1376 1475 1476 1515 costi,
1498 1477 1562 1506 ὅτε.
1600 1476 1691 1507 Plin.

990 1524 1050 1555 lib.
1068 1528 1119 1556 13.
1138 1535 1213 1566 cap.
1231 1528 1261 1557 l.
1275 1532 1308 1556 et
1326 1529 1355 1556 3.

1033 1575 1140 1606 Epic.
1172 1585 1245 1607 ext.
1291 1579 1307 1606 1
1336 1577 1483 1613 Peccant,
1509 1574 1575 1616 ὅγε]
1612 1576 1693 1616 Alii,

991 1625 1107 1656 Peccat
1128 1625 1242 1656 Secura
1258 1626 1399 1665 nimium,
1421 1626 1611 1666 sollicitaque
1626 1636 1689 1656 nm-

991 1685 1050 1706 nu:
1085 1685 1146 1716 per
1169 1675 1380 1716 diligentiam
1398 1680 1432 1707 et
1448 1685 1576 1715 curam,
1596 1685 1691 1717 aeque

993 1735 1031 1757 ac
1046 1735 1107 1766 per
1121 1727 1372 1767 negligentiam.

1036 1777 1141 1808 Epic.
1157 1786 1246 1808 cxu.
1280 1780 1295 1808 1
1325 1778 1486 1808 Miscenda
1506 1778 1545 1808 ad
1569 1777 1690 1817 pocula,

991 1825 1061 1866 ἐγὼ]
1084 1827 1214 1859 Quibus
1229 1828 1376 1858 diluatur
1388 1837 1526 1858 merum.

1034 1880 1054 1907 2
1078 1877 1157 1908 Vina
1178 1878 1279 1917 dabit]
1316 1879 1363 1908 Ut
1390 1878 1493 1908 nimbi
1509 1877 1690 1908 theatrales

994 1934 1180 1968 aspergunt
1192 1938 1328 1959 crocum
1346 1938 1407 1968 per
1431 1929 1578 1959 latentes
1598 1925 1691 1958 fistu-

994 1980 1041 2009 las
1059 1978 1092 2008 in
1110 1979 1306 2009 immensam
1322 1978 1535 2009 altitudinem
1553 1986 1689 2017 expres-

994 2038 1078 2058 sum.
1102 2028 1200 2067 Epig.
1219 2031 1249 2058 3.
1271 2028 1328 2058 lib.
1350 2029 1465 2068 Spect.
1482 2037 1568 2057 vers.
1585 2029 1616 2057 8.
1637 2027 1687 2058 ita

994 2078 1047 2109 hic
1065 2078 1187 2109 vinum.

1036 2129 1141 2160 EPm.
1158 2138 1262 2160 cxnl.
1291 2129 1449 2169 Murrina]
1470 2129 1570 2160 Clzina
1579 2130 1690 2161 «liskes.

994 2179 1049 2211 Ita
1077 2190 1154 2210 sane
1193 2181 1351 2211 videntur
1384 2190 1426 2211 ex
1463 2180 1688 2221 descriptione

995 2230 1099 2260 Plinii
1117 2230 1176 2261 lib.
1194 2234 1245 2261 37.
1274 2240 1304 2261 c.
1320 2233 1350 2261 2.
1391 2230 1515 2261 Oriens
1545 2230 1689 2271 (inquit)

994 2281 1164 2311 murrliina
1180 2280 1284 2311 mittit
1300 2290 1340 2311 ex
1362 2280 1500 2311 humore
1517 2281 1578 2312 sub
1596 2286 1689 2312 terra

993 2333 1106 2363 calore
1119 2332 1269 2362 densata.
1306 2333 1346 2362 In
1366 2332 1476 2373 pretio
1497 2338 1574 2363 suut
1587 2332 1628 2363 ob
1639 2333 1688 2363 ni-

994 2389 1100 2414 torem
1119 2389 1153 2413 et
1165 2384 1284 2413 coloris
1295 2384 1505 2422 varietatem,
1517 2383 1689 2424 purpurei,

993 2433 1140 2471 candidi,
1155 2438 1188 2464 et
1206 2434 1299 2464 tertii
1316 2433 1530 2473 ignescentis.
1566 2433 1689 2474 Aliqua

993 2489 1027 2514 et
1053 2484 1084 2514 in
1117 2483 1219 2514 odore
1250 2483 1500 2514 commendatio
1530 2488 1595 2522 est,
1622 2486 1688 2515 &c-

991 2534 1061 2565 Jos.
1079 2533 1203 2573 Scalig.
1223 2533 1263 2563 ad
1282 2543 1411 2564 versum
1427 2534 1518 2564 illum
1543 2533 1689 2574 Proper-

993 2585 1029 2614 tii
1048 2585 1104 2614 lib.
1119 2588 1149 2615 4.
1175 2586 1183 2600 ‘
1202 2584 1407 2624 Murreaque
1424 2584 1458 2613 in
1472 2583 1608 2614 Parthis
1627 2593 1686 2623 po·

992 2635 1069 2664 cula
1095 2638 1194 2665 cocta
1211 2633 1320 2672 focis‚’
1343 2633 1540 2664 adversatur
1563 2633 1687 2672 Plinio,

993 2686 1179 2725 asseritque
1207 2684 1376 2714 murrhiua
1404 2684 1524 2723 pocula
1546 2692 1587 2712 ex
1611 2683 1685 2723 Sig-

993 2735 1069 2766 nino
1083 2739 1179 2765 cocto
1189 2733 1277 2774 apud
1295 2734 1389 2764 Sinas
1404 2732 1492 2764 facta
1506 2742 1591 2772 esse,
1609 2743 1683 2773 quae
