1866 3131
360 204 406 232 M.
443 204 498 231 ΨΑ
512 203 550 231 1..

115 296 200 328 vatis
217 296 488 336 celebritatibus,
505 300 542 326 ut
558 295 743 335 innuptiis,
759 303 811 325 or-

114 351 273 378 namenta
288 347 464 387 ejusmodi.
509 346 618 386 Hujus
637 346 685 376 rei
701 354 810 376 exem-

116 399 171 438 pla
188 403 265 428 suut
280 397 423 438 πρόχειρα
446 397 534 437 apud
561 397 719 430 Juvenal.
739 398 810 428 Sat.

114 451 146 478 6.
171 449 179 464 ‘
194 449 366 479 Ornentur
381 453 495 488 postes
520 452 556 478 et
580 447 812 488 grandijanua

114 499 230 538 lauro,’
260 501 325 530 dcc.
379 498 447 529 Sed
477 503 511 529 et
535 497 554 535 ἦ
582 497 724 538 αὐλητρὶς
750 508 812 539 per

116 550 266 589 compita
277 549 575 588 circumcursabat,
587 553 622 579 et
634 549 743 580 vicum
757 559 811 579 ca-

117 610 195 630 nore
212 610 272 630 suo
288 599 462 639 implebat.
509 600 565 630 Sic
581 598 736 630 solebant
753 599 813 630 eti-

116 660 182 688 am,
209 660 283 680 cum
307 650 370 680 sibi
385 648 495 679 infans
511 653 719 680 nasceretur.
749 648 810 681 Ju-

115 700 224 730 venal.
242 701 314 730 Sat.
329 703 359 731 9.
384 700 392 716 ‘
405 699 546 730 Foribus
571 699 740 739 suspende
756 709 811 730 co-

115 760 233 781 ronas:
257 750 334 781 Jam
352 755 450 790 pater
467 749 526 781 es.’
571 749 624 780 Ad
641 760 815 790 summam,

114 800 311 832 festivitatis
340 802 471 839 insigne
500 802 610 832 laurus
625 801 738 841 januis
755 811 812 842 ap·

115 861 228 890 pensa.
255 852 385 884 Hernld.
433 852 542 892 Cultu]
570 852 687 883 Niveis
713 853 812 884 vesti-

115 902 176 933 bus
194 903 323 934 induta.
791 897 798 906 ⁴

158 957 178 983 (J
203 954 360 994 Munuque
372 954 492 994 ducem]
517 953 739 993 Adorafioue,
755 953 812 984 ad-

115 1009 206 1033 mota
234 1005 285 1034 ori
306 1015 418 1043 uranu,
441 1010 478 1035 ut
503 1005 536 1035 in
553 1004 814 1036 salutationibus

116 1054 280 1091 Deorum,
307 1054 416 1094 inquit
442 1055 535 1094 Lips.
565 1055 714 1086 Doctiss.
743 1054 814 1085 He-

114 1103 228 1133 raldus
245 1103 286 1134 ad
303 1105 467 1143 plausum,
479 1114 544 1145 quo
556 1105 733 1144 excipiunt
749 1103 814 1134 Im-

114 1160 303 1194 peratores,
319 1154 437 1185 refert.
467 1155 601 1195 Ducem]
617 1155 715 1185 Dicit
726 1154 815 1184 enim

111 1205 175 1236 hoc
192 1206 428 1245 accipiendum
446 1206 488 1236 tle
506 1206 724 1244 salutatione,
742 1214 815 1245 quae

114 1255 147 1285 ἐν
170 1255 299 1296 εὐφημίᾳ
326 1255 376 1286 καὶ
405 1256 512 1295 κρότῳ.
560 1257 649 1286 Nam
676 1264 758 1285 voce
782 1259 818 1284 et

113 1307 235 1346 plausu
261 1311 425 1347 exceptos
456 1306 560 1336 fuisse
584 1305 818 1344 Imperatores

114 1357 252 1398 probari
282 1363 395 1398 potest
422 1356 593 1388 facillime.
640 1357 698 1396 Et,
723 1361 817 1387 nete

114 1409 227 1439 multis
253 1418 376 1447 morer,
401 1408 434 1438 in
460 1412 620 1448 promptu
638 1413 702 1444 est,
728 1407 817 1447 quod

113 1464 214 1490 antea
230 1459 320 1499 apud
337 1459 528 1489 Martialem
548 1463 698 1488 nostrum
714 1467 818 1498 expo-

116 1510 262 1540 suimus:
286 1511 294 1526 ‘
309 1510 463 1549 Quaeque
491 1514 614 1539 sonant
638 1508 738 1548 pleno
761 1517 817 1538 vo·

118 1570 241 1601 cosque
259 1569 443 1600 manusque
458 1560 604 1598 theatro,
615 1560 699 1590 Cum
714 1569 818 1599 popu-

117 1612 166 1640 lus
182 1610 287 1640 subiti
304 1610 450 1640 Caesaris
467 1620 527 1640 ora
544 1609 663 1641 videt.’

160 1663 178 1691 7
206 1662 333 1691 Grande
358 1661 416 1691 loci
444 1661 600 1700 meritum]
641 1661 742 1693 Quod
773 1661 820 1692 ibi

120 1714 233 1743 Caesar
257 1713 343 1752 Pop.
374 1713 468 1742 Rom.
487 1713 688 1743 salutantem
708 1712 820 1742 huma-

119 1765 209 1794 uiter
225 1763 415 1803 exceperit,
433 1762 603 1793 Martialis
627 1772 688 1803 pro
703 1762 820 1802 grandi

119 1815 239 1845 merito
271 1814 421 1853 accipit;
457 1823 565 1854 eoque
604 1812 738 1843 nomine
775 1812 821 1842 ibi

120 1866 279 1895 Fortunae
306 1864 440 1894 Reduci
464 1864 624 1902 templum
649 1868 684 1893 ct
708 1872 821 1893 arcum

120 1915 358 1955 triumphalem
391 1914 439 1943 ait
465 1913 663 1944 Domitiano
693 1913 823 1943 excita-

121 1973 202 1996 tum.
234 1965 345 1995 Altera
356 1964 450 2004 dona]
473 1963 584 1994 Arcus
600 1964 824 2003 triumphalis.

121 2015 274 2046 Primum
303 2014 440 2053 donum,
468 2014 633 2054 templum
662 2014 824 2044 Fortunae

120 2067 286 2107 intellige.

163 2121 182 2149 8
207 2119 308 2149 Arcus
338 2117 446 2157 ovans]
482 2116 568 2156 Ἀψῖς
596 2115 826 2157 τροπαιοφόρος,

122 2180 219 2201 arcus
237 2170 464 2210 triumphalis,
483 2174 620 2200 arcuata
634 2175 755 2209 porta,
770 2171 826 2200 cui

123 2231 141 2251 e
173 2220 286 2260 lapide
313 2221 345 2250 in
372 2220 478 2250 altum
502 2224 670 2251 extructae
699 2220 825 2260 pictam

125 2271 261 2302 inscribi
273 2271 450 2301 victoriam
467 2270 610 2312 ejusque
622 2272 743 2302 seriem
756 2282 826 2302 mo·

124 2323 168 2353 ris
186 2327 271 2353 erat.
317 2322 371 2352 De
385 2321 487 2352 variis
501 2322 647 2353 arcubus
660 2323 826 2354 Domitia-

125 2373 158 2404 ni
176 2372 252 2402 vide
269 2372 409 2402 Sueton-
437 2372 567 2403 Domit.
590 2382 664 2413 cap.
685 2376 735 2404 13.
783 2374 827 2404 0-

126 2417 215 2462 ῑ·ιιη,ς]
254 2423 422 2454 Ovantem
462 2432 576 2453 arcum
618 2423 714 2462 dicit,
747 2425 829 2464 quia

127 2481 135 2491 ⁸
155 2474 224 2505 Hic
257 2472 380 2513 gemini
404 2481 522 2503 currus
552 2479 732 2504 numerant
759 2474 828 2505 ele-

128 2525 252 2564 phanta
269 2521 506 2563 frequentem.⁷
551 2522 592 2553 In
610 2532 650 2554 eo
666 2533 746 2555 arcu
759 2524 828 2555 Do-

126 2574 257 2606 mitiani
290 2573 463 2604 victoriam
490 2577 525 2603 et
549 2574 754 2614 triumphum
771 2575 828 2606 de-

127 2627 322 2667 pinxerant.
369 2624 424 2654 De
451 2632 557 2654 more.
579 2624 738 2656 Juvenal.
755 2625 828 2656 Sat.

128 2681 160 2708 9.
183 2678 192 2693 ‘
209 2677 254 2707 Et
279 2684 407 2705 summo
425 2673 533 2704 tristis
554 2675 709 2715 captivus
726 2676 761 2706 in
778 2685 829 2706 ar-

129 2727 195 2759 cu.’
242 2726 422 2758 Rationem
448 2723 560 2758 adfert
582 2726 672 2758 Plin.
693 2726 755 2759 lib.
774 2728 828 2759 34.

585 199 856 231 MAR'rlAiAS
895 201 1051 230 kil’lGR.
1088 202 1178 231 Lllss.
1214 202 1318 232 Vlll.

1447 192 1558 233 1317

863 303 937 333 cap.
955 296 986 324 6.
1011 296 1018 310 ‘
1033 293 1270 325 Columnarum
1297 293 1385 325 ratio
1407 298 1494 333 erat,
1509 298 1561 325 at-

864 345 936 375 tolli
952 354 1054 384 supra
1068 350 1210 376 caeteros
1229 345 1397 384 mortales,
1419 344 1508 385 quod
1524 349 1561 376 et

864 404 960 426 arcus
970 394 1142 434 significat
1155 396 1281 426 novitio
1292 394 1452 426 invento?
1471 395 1560 426 Hos-

863 455 903 476 ce
933 455 1029 476 arcus
1058 445 1164 485 ἀψῖδας
1188 446 1425 486 τροπαιοφόρους
1447 445 1563 478 Graeci

863 497 1050 537 scriptores
1066 497 1291 536 appellarunt,
1307 503 1343 528 ut
1360 498 1427 528 Dio
1444 498 1563 537 smpis-

863 547 956 578 sime.
1001 547 1173 578 Caeterum
1190 548 1332 578 arcubus
1347 548 1438 578 hisce
1451 548 1564 578 delec-

864 606 971 632 tatum
997 600 1102 632 fuisse
1124 600 1352 630 Domitianum
1370 604 1506 630 constat
1520 607 1562 629 ex

862 651 1026 683 Suetonio
1043 656 1078 682 et
1098 651 1181 681 aliis.
1209 651 1379 681 Her-aldus.

906 706 926 733 9
950 702 1155 741 Hic-gemini,
1169 700 1238 741 ἡκκ]
1257 702 1366 741 Supra
1376 708 1490 730 arcum
1506 708 1565 739 po—

864 754 936 785 sitae
962 757 1060 784 erant
1083 753 1225 792 geminae
1255 752 1442 793 quadrigae,
1463 760 1564 791 prop-

865 808 918 834 ter
943 805 1106 844 geminam
1134 813 1152 833 e
1182 803 1285 834 Dacis
1310 803 1498 839 victoriam,
1522 802 1564 832 ad

865 864 947 894 quas
963 853 1274 894 elepliantijuueti,
1295 862 1379 894 quos
1398 851 1567 882 Domitia-

864 915 925 936 nus
941 904 1049 935 victor
1063 903 1215 944 regebat.

910 958 949 986 10
974 955 1095 996 Sufficit
1122 953 1292 994 immensis]
1316 953 1450 984 Aureus
1476 953 1566 984 enim

866 1010 902 1037 et
919 1010 1102 1045 argenteus
1127 1005 1158 1035 iu
1184 1005 1258 1035 istis
1282 1004 1427 1035 arcubus
1453 1003 1566 1034 stabat

866 1056 1098 1087 Domitianus.
1135 1054 1260 1085 Aureus
1282 1055 1346 1095 ipse
1364 1053 1467 1093 jugis]
1491 1054 1566 1085 Sta-

867 1112 941 1138 tuas
958 1107 1021 1138 sibi
1038 1117 1103 1138 non
1121 1107 1183 1138 nisi
1201 1116 1320 1137 aureas
1337 1112 1370 1136 et
1388 1111 1568 1146 argenteas

869 1158 948 1197 poni
962 1157 1127 1197 permisit,
1141 1166 1180 1187 ac
1195 1156 1353 1196 ponderis
1366 1156 1464 1187 certi.
1498 1156 1567 1186 Do-

868 1209 942 1238 luit.
988 1208 1129 1238 Suetou.
1155 1217 1232 1247 cap.
1260 1209 1311 1237 13.
1337 1211 1372 1237 et
1398 1206 1568 1246 Xipliilin.

869 1258 998 1288 Domit.

914 1311 953 1338 12
977 1308 1048 1338 Hos
1071 1307 1190 1347 adicus]
1216 1307 1287 1338 Has
1314 1311 1431 1347 portas
1455 1316 1570 1337 arcua-

870 1362 924 1389 tas
955 1364 989 1389 et
1022 1358 1255 1398 triumphales.
1299 1358 1412 1388 Urbem
1439 1358 1569 1395 Martis,

868 1408 938 1448 ssa]
971 1409 1126 1447 Romam,
1141 1419 1160 1438 a
1176 1408 1299 1439 Martis
1314 1408 1476 1448 progenie
1491 1416 1569 1438 con-

869 1460 986 1490 (litam.

913 1510 1134 1540 BHG-LXVL
1158 1508 1378 1539 Consulatum
1405 1508 1478 1547 tilii,
1505 1517 1570 1538 non

870 1560 976 1601 patris
993 1560 1069 1591 Silii
1086 1564 1183 1590 ornat
1200 1560 1358 1590 Carmine
1383 1559 1572 1596 Martialis;

870 1617 906 1642 et
930 1616 1041 1651 optat,
1058 1616 1095 1641 ut
1118 1610 1286 1651 quondam
1313 1616 1348 1641 et
1373 1612 1461 1641 alter
1485 1609 1573 1640 iilius

870 1662 987 1691 consul
1025 1666 1183 1699 creetur;
1223 1660 1340 1700 sicque
1377 1661 1572 1691 consulares

872 1711 983 1743 fasces
1010 1716 1062 1742 ter
1084 1711 1126 1742 ad
1151 1712 1286 1741 domum
1316 1711 1389 1742 Silii
1415 1709 1571 1741 redeant.

874 1763 955 1793 Ruri.

918 1817 934 1843 l
959 1812 1120 1851 Augusto]
1142 1811 1347 1851 Imperatori
1364 1811 1574 1841 Domitiano.

916 1866 935 1893 3
960 1863 1020 1893 Bis
1030 1861 1302 1901 senosjzabet‚sssc.]
1324 1862 1406 1892 Silio
1422 1862 1573 1892 delatum

874 1914 1110 1945 consulatum:
1137 1913 1213 1943 vide
1238 1913 1357 1953 Epigr.
1383 1916 1436 1944 62.
1464 1912 1522 1942 lib.
1545 1915 1575 1942 7.

876 1974 960 1995 vers.
975 1967 1006 1996 2.
1023 1969 1059 1995 et
1074 1967 1106 1995 4.

917 2018 938 2045 4
961 2015 1048 2045 Nato
1071 2014 1206 2054 consule]
1232 2014 1318 2044 Filio
1345 2013 1418 2044 Silii
1440 2012 1573 2053 poetae3

874 2065 931 2096 alii
956 2065 1075 2105 legunt
1102 2065 1199 2103 Noto,
1225 2070 1261 2095 et
1291 2063 1434 2094 eundem
1456 2063 1575 2094 Silium

875 2116 926 2146 bis
951 2117 1027 2147 Cos.
1055 2114 1225 2155 designari
1250 2115 1380 2152 volunt,
1396 2113 1450 2144 cui
1477 2118 1576 2153 optet

875 2166 987 2197 Poeta
1008 2166 1147 2197 tertium
1171 2165 1393 2196 consulatum.
1438 2163 1502 2193 Scd
1526 2162 1575 2192 Si-

876 2219 940 2250 lius
959 2228 1025 2249 uno
1043 2218 1217 2249 consulatu
1235 2222 1415 2248 contentus
1437 2214 1577 2246 recessit

877 2280 897 2300 a
913 2268 1126 2310 Republica:
1151 2268 1266 2307 Epigr.
1283 2270 1334 2297 62.
1351 2266 1411 2297 lib.
1427 2268 1460 2297 7.
1485 2265 1578 2295 Mar-

878 2320 967 2351 tialis
990 2319 1105 2359 itaque
1129 2318 1285 2348 hortatur
1301 2318 1428 2356 Musas,
1446 2317 1575 2355 gratias

877 2375 912 2402 et
925 2379 1022 2401 sacra
1038 2369 1118 2399 dare
1132 2368 1259 2399 Caesari
1271 2372 1411 2408 propter
1425 2367 1576 2398 consula-

877 2426 949 2452 tum
974 2419 1049 2451 Silii
1069 2418 1139 2449 tilio
1163 2419 1324 2458 delatum,
1339 2422 1504 2457 optatque
1528 2417 1575 2447 al-

877 2471 943 2502 teri
972 2470 1046 2502 Silii
1075 2469 1145 2500 filio
1171 2469 1309 2499 tertium
1340 2468 1574 2498 consulatum:

877 2521 925 2552 ita
941 2526 977 2551 ut
995 2520 1120 2560 triplex
1135 2518 1288 2559 ejusdem
1306 2517 1442 2549 familiae
1455 2528 1575 2549 consu-

877 2573 964 2603 latus
980 2571 1150 2611 exprimat
1172 2569 1339 2610 triplicem
1362 2569 1456 2599 illum
1473 2568 1576 2599 Pom-

878 2622 947 2663 peii
977 2626 1012 2651 et
1042 2620 1220 2661 Agrippae.
1268 2619 1432 2659 Nobilique
1468 2618 1577 2659 virga]

877 2671 1085 2712 Magistratu
1099 2670 1233 2702 domum
1251 2680 1342 2701 suam
1357 2675 1416 2701 aut
1433 2669 1577 2703 alienam

879 2721 1078 2763 accedente,
1092 2721 1192 2754 lictor
1208 2721 1282 2761 ejus
1294 2720 1493 2762 praecedens
1510 2720 1576 2752 vir·
