1866 3131
219 199 334 242 1190

219 313 381 336 annornm
406 301 493 332 ratio
521 309 540 330 a
565 299 638 340 pari
665 298 758 329 Coss.
780 295 920 338 singulis

217 355 312 387 annis
329 357 460 385 creato.
506 351 569 382 Est
592 354 705 381 autem
721 347 921 390 hyperbole,

218 411 255 437 nt
272 405 325 435 bic
342 404 516 444 pleraque.

261 458 281 486 2
308 455 351 486 Et
367 457 431 484 tres
454 452 571 492 capuli,
585 450 654 491 Sym]
685 449 741 481 Sic
757 459 812 490 ep.
829 451 881 480 20.
897 447 920 478 l.

222 510 249 538 l.
266 505 340 536 etl.
356 508 388 535 2.
403 503 510 544 epigr.
525 505 578 533 41.
596 502 670 532 etl.
687 504 737 532 12.
750 501 858 542 epigr.
875 503 907 532 7.

261 558 280 586 4
302 552 553 592 Stolafrontem]
578 553 813 584 Matronarnm
826 554 921 581 veste

217 605 380 637 exteriori
398 605 431 635 in
445 605 568 635 multas
586 603 691 643 plicas
704 606 836 642 rugata.

260 662 278 687 5
303 657 499 688 Aranearum
512 653 664 694 cassibus]
699 653 872 684 Pannosas
887 654 922 682 et

217 706 379 739 flaccidas
393 714 565 737 mammas.

260 761 282 790 6
307 759 384 788 Cum
400 759 577 797 comparata
590 752 736 793 rictibus]
759 753 848 783 Mira
863 751 923 792 hy-

218 808 369 850 perbole.
424 806 620 838 Vetustillae
658 804 781 835 rictum
812 803 922 833 inesse

219 860 326 898 dicit3
348 857 522 890 crocodilo
546 865 630 887 vero
652 855 680 885 si
697 864 772 885 cum
790 863 829 884 ea
844 863 922 884 con-

216 910 348 942 feratur
375 918 450 940 esse
480 917 530 947 os,
560 911 595 938 et
617 905 708 937 idem
732 908 923 945 angustum.

219 961 343 992 Rumir.

262 1014 281 1042 S
306 1009 518 1049 Ravennates]
557 1009 709 1039 Raucum
737 1010 924 1037 coaxantes

218 1061 251 1092 in
269 1059 451 1103 paludibus
469 1059 652 1090 Ravennae.
690 1057 800 1097 Supra
814 1056 923 1097 epigr.

219 1116 274 1144 55.

262 1166 282 1194 9
304 1162 467 1194 Adrianus
488 1161 620 1199 duleum,
641 1160 710 1200 ἔξω]
746 1158 786 1189 In
804 1158 922 1195 Adria,

220 1224 295 1254 quse
322 1214 553 1244 Romanorum
577 1210 709 1242 colonia
734 1210 767 1240 in
786 1209 923 1240 Piceno.

221 1264 309 1295 Plin.
323 1264 394 1295 3.1.
412 1273 443 1294 c.
460 1265 511 1293 13.
527 1272 557 1293 c.

262 1317 300 1344 11
332 1312 493 1352 Viri‚85c.]
515 1311 627 1343 Hirci.

262 1367 303 1395 12
332 1363 527 1404 Uropygium
560 1362 687 1402 macroe]
721 1360 922 1401 Ὀῤῥοπῖπγιον

219 1424 281 1446 seu
311 1412 503 1454 οὗροπὺγιον,
525 1413 778 1444 extremitatem
810 1419 920 1444 verte-

219 1466 303 1503 brae,
330 1466 381 1496 the
407 1475 508 1505 rump.
554 1464 654 1495 Sacra
670 1463 759 1503 spina
777 1462 922 1501 Isidoro,

216 1517 312 1548 Sacri
324 1516 408 1547 ossis
421 1525 560 1548 acumen
572 1515 690 1554 κόκκυξ.
706 1515 803 1554 Belg.
817 1515 922 1555 Sluyc.

261 1571 300 1599 13
325 1569 507 1608 Senemque,
522 1567 595 1607 Esca]
622 1566 736 1597 Macie
763 1571 799 1596 et
824 1576 921 1606 squa-

217 1619 311 1649 lore:
354 1617 484 1649 sordidi
515 1617 643 1658 quippe
673 1621 709 1647 et
751 1615 922 1647 macilenti

215 1667 354 1700 fuerunt
373 1667 506 1708 Cynici.

260 1721 300 1749 14
325 1718 512 1758 Exstincta]
533 1716 705 1748 Vilissima
726 1721 840 1747 scorta
864 1715 919 1747 ad-

216 1769 444 1800 mittebantur
460 1768 639 1799 exstinctis
650 1768 794 1798 lucernis
809 1768 840 1797 in
857 1767 923 1798 bal-

216 1830 294 1859 nea,
306 1829 349 1850 ne
366 1824 506 1859 possent
523 1820 718 1858 internosci,
738 1829 804 1860 qno
829 1826 864 1850 ct
886 1829 920 1850 se

215 1879 283 1900 non
301 1878 377 1899 raro
392 1867 618 1899 conferebant
635 1869 771 1908 aucupii
788 1870 906 1909 gratia.

262 1923 300 1951 15
327 1920 417 1950 Inter
439 1918 616 1950 bustuarias
636 1919 781 1959 moechas]
806 1919 921 1950 Anim-

217 1969 361 2001 adverto
372 1969 404 2000 id
422 1969 586 2010 explicari
602 1969 645 2000 de
661 1969 857 2000 mulieribus
878 1970 919 2001 ad

215 2020 317 2051 funus
340 2019 586 2060 deplorandum
609 2019 800 2057 conductis,
832 2021 919 2061 quod

214 2079 429 2111 nequaqnam
469 2079 585 2101 verum
633 2079 709 2101 esse
755 2070 918 2102 arbitror:

215 2131 320 2162 quum
352 2120 468 2161 potius
495 2120 677 2161 significari
712 2121 862 2161 vulgaria
885 2126 921 2152 et

213 2171 405 2203 diobolaria
425 2172 579 2203 scortilla
598 2172 802 2211 existimem,
832 2172 921 2203 inter

214 2223 316 2254 busta
332 2227 436 2264 atque
458 2227 677 2254 monumenta
692 2232 778 2263 pene
792 2223 826 2253 in
843 2233 920 2264 pro-

216 2273 331 2313 patulo
366 2273 576 2313 prostantia:
614 2272 657 2303 de
687 2273 809 2314 quibus
838 2274 860 2305 Ι.
890 2278 919 2305 1.

214 2324 323 2365 epigr.
347 2327 401 2355 34.
447 2325 456 2342 ‘
471 2323 699 2355 Abscondunt
721 2333 862 2364 spurcas
885 2330 920 2355 et

213 2381 434 2407 monumenta
453 2375 576 2416 lupas!
621 2375 711 2406 Vide
735 2375 882 2407 Turneb.
899 2376 919 2407 l.

214 2428 266 2457 13.
284 2436 314 2457 c.
331 2429 383 2458 19.
407 2426 497 2457 Vide
510 2425 618 2467 epigr.
628 2428 681 2457 35.
693 2426 716 2457 l.
735 2429 765 2458 1.
781 2435 870 2457 vers.
886 2429 917 2457 8.

257 2480 297 2509 16
323 2477 403 2508 Cum
418 2477 537 2517 bruma,
552 2477 619 2518 Sym]
653 2477 736 2508 Cum
754 2486 795 2508 eo
812 2487 918 2518 usque

213 2526 276 2558 tibi
293 2528 467 2558 extinctus
495 2527 539 2558 sit
562 2528 728 2558 naturalis
754 2528 859 2567 calor,
881 2533 918 2558 nt

214 2579 268 2611 vel
284 2579 363 2609 anni
377 2583 476 2620 parte
491 2578 699 2610 calidissima
712 2578 849 2619 frigeas.

255 2632 294 2660 17
320 2630 473 2668 Regelare
488 2639 542 2660 nec
569 2633 611 2667 te,
628 2630 697 2670 δῖα]
721 2629 795 2661 Nec
822 2629 916 2671 frigi-

212 2679 354 2711 ditatem
369 2686 458 2713 tuam
473 2691 630 2721 grassans
641 2682 813 2721 pestilenti
828 2692 916 2713 mor-

212 2729 255 2760 bo
281 2731 401 2761 mensis
433 2732 540 2771 possit
564 2732 731 2771 regelare.
777 2734 832 2764 Sic
856 2734 915 2764 Se—

210 2789 295 2812 neca
312 2784 429 2822 ep.68.
452 2783 460 2798 ‘
477 2781 555 2813 Jam
573 2787 655 2814 artas
669 2793 743 2814 mea
754 2789 915 2815 contenta

688 202 830 235 NOTAE
865 200 1127 232 VARIORUM
1166 199 1215 229 IN

972 298 1025 326 est
1040 303 1099 324 suo
1116 292 1257 333 frigore,
1282 292 1338 322 vix
1366 291 1477 322 media
1503 292 1673 330 regelatur

972 344 1115 376 aestate.'
1137 349 1173 374 et
1187 343 1311 376 Juven.
1325 342 1360 373 S.
1378 344 1430 373 10.
1444 344 1518 372 218.
1542 342 1551 358 ‘
1565 341 1675 372 Febre

972 397 1063 428 calet
1081 394 1174 426 sola?

1016 450 1056 478 18
1080 446 1184 478 Andes
1196 447 1354 483 ducentas,
1368 443 1438 484 ἂι]
1468 443 1675 475 Maritornm

973 498 1127 529 scilicet:
1152 496 1384 537 hyperbolice.

1017 552 1057 580 19
1082 545 1338 587 (“ἰηει“ἱὺιιε,ᾅ”ε.]
1362 545 1428 578 Qui
1441 544 1581 576 libidine
1598 553 1676 584 prn-

973 600 1040 630 riat
1056 599 1147 639 inte,
1161 597 1315 639 qnaejam
1329 596 1410 628 nihil
1421 595 1511 627 aliud
1526 605 1561 626 es
1578 604 1679 636 quam

973 650 1132 682 cadaver.
1181 649 1248 679 Une
1263 648 1427 686 churogne.

1015 705 1056 732 20
1079 702 1219 739 Sarrire,
1244 701 1311 741 35⁹⁶]
1346 701 1393 731 Te
1421 707 1556 730 saxeam
1581 706 1677 729 exer-

974 760 1065 782 cere.
1078 752 1187 791 epigr.
1204 754 1256 782 32.
1272 759 1385 791 supra.

1016 806 1057 833 22
1082 803 1275 833 Philomelus
1298 802 1413 840 aviam,
1435 801 1506 841 δῖα]
1544 801 1588 831 Et
1604 799 1678 839 ipse

974 862 1093 891 senex,
1123 862 1222 894 quem
1250 853 1449 884 maritorum
1483 860 1678 892 supremum

975 903 1141 935 extulisti.

1018 958 1059 986 24
1084 954 1252 985 Sternatur
1267 963 1286 984 α
1304 952 1517 993 Εοτ·ἱεῙε,8)·ε.]
1550 951 1680 984 Sanda-

975 1006 1043 1047 pila
1061 1006 1121 1037 tibi
1138 1005 1320 1037 conveniet
1336 1004 1443 1045 magis
1458 1012 1555 1045 qnam
1572 1003 1680 1034 lectus

975 1057 1128 1097 genialis.

1018 1110 1057 1138 25
1088 1105 1331 1146 Thalassizmem]
1381 1106 1525 1137 Carmen
1555 1103 1681 1144 nuptiis

975 1158 1116 1189 solenne
1130 1157 1219 1197 apud
1232 1158 1411 1197 Romanos,
1423 1162 1461 1188 nt
1471 1156 1681 1197 Hymenaeus

976 1209 1065 1249 apud
1098 1209 1252 1240 Graecos.
1285 1208 1364 1239 vide
1390 1208 1498 1249 epigr.
1524 1209 1576 1239 36.
1598 1206 1620 1237 l.
1647 1209 1677 1237 l.

977 1270 1060 1290 vers.
1075 1262 1105 1291 6.

1016 1313 1057 1340 26
1085 1310 1237 1349 Ustorque
1250 1309 1350 1347 tedas,
1371 1309 1440 1349 δἀ]
1470 1306 1581 1347 Magis
1598 1315 1677 1337 con-

972 1362 1065 1392 venit
1081 1361 1159 1392 lmic
1176 1361 1269 1393 aetati
1297 1366 1366 1391 tuae
1387 1359 1445 1391 fax
1460 1359 1597 1398 ustoris‚
1620 1360 1679 1400 qui

973 1421 1092 1452 pyram
1117 1416 1227 1443 struat
1240 1415 1276 1442 et
1289 1411 1468 1450 accendat,
1483 1421 1581 1452 quam
1598 1410 1678 1441 teda

973 1462 1135 1502 nuptialis
1171 1462 1213 1493 ab
1248 1462 1439 1502 Hymenaeo
1471 1463 1525 1493 vel
1562 1461 1677 1503 pueris

974 1513 1120 1553 praelata
1136 1513 1168 1543 in
1191 1513 1334 1553 nuptiis.
1383 1513 1479 1544 Ustor
1494 1514 1557 1545 Gr.
1577 1525 1679 1554 νεκρο·

974 1562 1112 1600 καύστης
1126 1575 1133 1595 z
1158 1565 1294 1604 ustrina,
1308 1562 1448 1604 καύστρα
1460 1567 1581 1605 νεκρῶν.

1018 1614 1239 1646 E121c..xc1v.
1278 1617 1293 1645 1
1311 1615 1388 1646 Esse
1398 1625 1505 1656 negas,
1517 1617 1587 1657 Sym]
1611 1617 1678 1647 Ru-

975 1664 1027 1695 fus
1053 1674 1130 1696 cum
1153 1666 1258 1697 vellet
1285 1665 1436 1707 leporem
1461 1667 1495 1698 in
1512 1667 1677 1698 ‘convivas

974 1715 1110 1756 partiri,
1138 1716 1310 1748 simulavit
1330 1726 1404 1748 esse
1429 1717 1590 1757 crudnm;
1622 1727 1677 1749 co-

974 1777 1075 1807 quum
1089 1776 1169 1807 ergo
1194 1768 1288 1799 velut
1305 1768 1410 1799 iratus
1424 1768 1562 1809 invasit,
1582 1773 1618 1800 et
1630 1769 1678 1799 lo-

975 1818 1019 1848 ris
1037 1828 1095 1848 seu
1121 1817 1264 1858 flagellis
1292 1819 1469 1851 conscidit.
1514 1819 1619 1851 Ludit
1643 1819 1677 1850 in

974 1878 1055 1899 voce
1069 1870 1078 1885 ‘
1097 1868 1280 1907 scindere,’
1298 1870 1392 1909 qnasi
1406 1869 1548 1910 diceret,
1562 1870 1676 1901 Mavis

974 1918 1130 1949 scindere
1158 1923 1192 1949 et
1218 1919 1369 1950 lacerare
1392 1929 1550 1961 coquum,
1576 1930 1676 1962 quam

974 1970 1136 2009 leporem.
1169 1969 1252 2002 Rau.
1297 1969 1386 2001 Vide
1415 1980 1469 2011 ep.
1493 1973 1545 2003 13.
1570 1975 1606 2002 et
1620 1973 1674 2002 23.

971 2029 1063 2060 supr.

1016 2071 1124 2101 Eme.
1150 2079 1233 2103 xcv.
1281 2073 1297 2102 l
1329 2071 1433 2110 Dicis,
1457 2072 1574 2111 redditi,
1605 2071 1675 2111 ἃς]

973 2120 1108 2151 Naevoli
1129 2120 1304 2162 cujusdam
1321 2121 1446 2153 fastum
1469 2129 1505 2153 et
1520 2131 1677 2163 arrogan-

973 2171 1051 2202 tiam
1076 2172 1245 2213 increpat,
1269 2173 1325 2214 qui
1343 2183 1478 2214 semper
1493 2178 1675 2214 exspecta-

972 2225 1031 2257 bat
1056 2225 1135 2257 dnm
1153 2235 1171 2256 a
1188 2225 1350 2256 Martiale
1377 2226 1596 2264 salutaretur,
1611 2234 1675 2256 nec

972 2276 1047 2316 ipse
1063 2276 1157 2317 prior
1185 2276 1358 2308 salutabat
1371 2286 1529 2317 unquam.
1575 2276 1674 2308 Com-

972 2332 1069 2368 parat
1085 2327 1118 2357 in
1134 2327 1250 2358 multis
1266 2332 1458 2368 utrumque,
1475 2332 1511 2359 et
1526 2327 1676 2358 ostendit

971 2378 1065 2408 nulla
1089 2378 1124 2408 in
1151 2387 1187 2408 re
1216 2388 1252 2409 se
1280 2378 1423 2409 Naevolo
1447 2388 1520 2409 esse
1540 2377 1675 2409 inferio-

970 2438 1062 2466 rem;
1089 2428 1159 2459 sola
1174 2428 1316 2460 mollitie
1333 2434 1368 2460 et
1392 2428 1605 2470 turpitudine
1626 2428 1676 2460 fa-

971 2484 1063 2510 tetur
1092 2489 1169 2510 eum
1201 2480 1347 2520 priorem
1388 2490 1474 2512 esse.
1518 2480 1675 2512 Ramires.

970 2530 1036 2562 Qui
1052 2531 1146 2570 prior
1168 2530 1349 2570 salutabat,
1366 2531 1549 2562 videbatur
1565 2541 1602 2562 se
1624 2531 1673 2562 in-

968 2579 1129 2611 feriorem
1142 2578 1241 2611 fateri
1257 2581 1416 2613 salutato.

1011 2632 1031 2661 2
1062 2629 1183 2661 Corvus
1197 2630 1308 2670 dicere,
1319 2631 1386 2672 5⁶12]
1414 2630 1587 2662 Humanas
1601 2630 1673 2661 imi-

969 2681 1032 2712 tari
1060 2688 1158 2711 voces
1184 2680 1324 2712 edoctus
1352 2681 1529 2712 salutator.
1548 2690 1603 2721 ep.
1618 2682 1670 2713 74.

968 2733 989 2763 l.
1006 2734 1057 2763 14.

1011 2787 1028 2814 5
1054 2784 1204 2823 Pmmia,
1219 2783 1440 2824 Natorumque,
1462 2782 1532 2822 ἑγὼ]
1556 2782 1672 2824 Epigr.
