1866 3131
421 204 467 232 Μ.
493 203 604 232 VAL.
640 201 915 231 MAR'l‘iAms
953 202 1114 232 EPlGR.
1150 202 1245 232 LlB.
1282 202 1346 232 tv.

204 300 221 327 3
246 298 311 328 Ser
337 297 501 337 scriptula]
533 296 599 328 Sex
627 296 777 335 scripula
804 295 858 326 vel

161 348 323 388 scriptula
347 348 440 389 (uam
456 348 504 378 sic
520 352 612 377 recte
627 345 767 384 dicitur,
791 354 856 375 non

160 397 334 437 scrupula)
350 404 427 428 sunt
438 398 511 428 duae
525 397 704 428 drachmae.
728 396 857 427 Dracli-

160 459 213 478 ma
242 449 329 479 enim
359 449 457 480 trium
489 448 723 488 scripulorum.
767 448 855 478 Duae

160 500 340 539 draclnnzc,
362 504 480 540 quarta
507 508 585 539 pars
613 499 732 529 unciae.
775 498 856 528 Gro-

157 562 226 582 nov.
271 550 443 590 Scriptum]
479 549 610 581 Graecis
638 547 806 589 γράμματα,
837 558 856 579 a

158 611 296 632 numero
331 601 517 639 literarum,
547 600 645 632 uncia
677 601 764 631 enim
802 602 856 631 24.

157 652 357 683 continebat
382 651 540 691 scripula.
585 651 662 682 Hoc
678 652 752 682 loco
768 651 856 682 acci-

157 703 212 743 pio
241 704 423 744 scripulum
449 712 509 743 pro
533 703 684 743 pondere
713 703 858 743 argenti,

157 764 222 785 non
239 764 298 795 pro
322 764 467 786 nummo.
511 755 577 785 Sex
601 764 683 793 ergo
709 755 857 795 scripula

154 805 344 836 octodecim
376 804 553 836 cruciferis
582 805 854 838 aestimabuntur.

155 854 341 895 Septiliani]
365 855 570 895 Argenti,ut
586 856 718 894 volunt,
734 856 856 896 impro-

155 906 257 937 bioris
272 912 374 938 uotae.
421 906 487 938 Alii
501 907 543 938 ad
557 908 675 938 libram
690 907 858 948 referunt,

156 957 198 987 de
216 966 280 997 qua
294 958 503 997 Epigramm.
519 961 570 990 71.
587 959 644 991 lib.
661 962 690 989 8.

197 1009 217 1036 4
244 1007 393 1046 Quernlo]
426 1008 493 1040 Qui
519 1018 654 1049 semper
679 1008 768 1049 apud
797 1019 853 1049 pa-

155 1061 289 1087 tronum
328 1057 369 1088 de
407 1058 536 1098 inopia,
573 1062 640 1090 διο.
685 1059 852 1099 queritur.

153 1107 362 1147 Epigramm.
377 1111 428 1139 50.
443 1108 500 1140 lib.
518 1112 548 1140 1.
562 1119 647 1139 vers.
659 1112 712 1140 27.
736 1109 854 1149 Mappa

152 1158 354 1198 clicntcfuit]
373 1159 481 1198 Supra
497 1159 612 1199 Epigr.
625 1161 679 1190 46.
694 1169 780 1190 versu
800 1162 853 1190 10.

195 1212 214 1238 5
231 1208 453 1249 Antipolitani,
466 1209 534 1249 Cra]
560 1210 634 1240 Nec
647 1210 767 1247 muria,
778 1220 852 1250 quae

152 1269 172 1290 e
195 1261 357 1300 sanguine
383 1261 500 1291 thunni
524 1259 681 1291 confecta
697 1261 852 1292 mitteba-

152 1316 206 1341 tur
237 1312 375 1342 Romam
403 1311 444 1341 ab
473 1310 628 1351 Antipoli
657 1311 759 1352 Asiae,
781 1312 854 1342 aliis

154 1361 278 1393 Gallias
296 1361 542 1400 Narbonensis,
561 1361 656 1393 urbe.

195 1415 215 1443 6
241 1414 390 1451 Comma,
418 1412 487 1453 Sym]
526 1412 626 1444 Fleus
659 1422 782 1452 parvas
809 1422 851 1443 ex

151 1462 262 1503 Syria.
287 1462 363 1493 Lib.
381 1465 432 1493 13.
452 1463 569 1503 Epigr.
586 1465 639 1494 28.

194 1514 212 1542 7
239 1512 306 1542 Nec
321 1522 515 1551 rugosarum,
531 1512 599 1552 850]
634 1512 708 1544 Nec
723 1511 852 1544 fiscella

151 1561 314 1593 olivarum
331 1562 549 1594 Picenarum.
598 1563 637 1595 L.
664 1566 715 1594 13.
734 1563 850 1603 Epigr.

153 1616 208 1644 36.

195 1666 214 1693 8
239 1663 352 1695 Dicere
374 1668 405 1695 te
418 1674 534 1705 posses,
559 1663 627 1703 Sym]
651 1663 852 1702 Μνημόσυνυν

153 1714 287 1744 scilicet
302 1718 336 1744 et
353 1718 590 1754 argumentum
607 1714 744 1745 amoris.

197 1767 235 1795 10
259 1766 484 1797 Dissimulator
499 1764 577 1804 eris]
594 1765 764 1804 Ingratus.
790 1765 853 1797 Est

152 1818 241 1848 enim
264 1818 416 1856 ingratus
441 1815 498 1856 qui
527 1814 727 1847 beneficium
755 1825 852 1847 acce-

151 1868 241 1908 pisse
278 1878 313 1898 se
344 1871 460 1906 negat,
497 1870 534 1896 et
561 1865 619 1906 qui
647 1865 850 1897 dissimulat.

150 1919 229 1950 Sen.
258 1915 380 1948 Benef.
406 1916 464 1947 lib.
493 1919 525 1947 3.
550 1925 625 1954 cap.
651 1919 681 1946 l.
712 1917 767 1947 vel
795 1916 852 1957 qui

150 1969 341 2000 dissimulas
354 1972 388 1998 te
403 1977 470 1998 non
487 1967 692 2007 intelligere,
705 1967 785 2008 quid
799 1977 853 1999 ve·

149 2020 219 2050 lim.
242 2018 331 2050 Vide
345 2017 464 2059 Epigr.
478 2020 531 2049 16.
541 2027 628 2049 vers.
638 2020 669 2048 9.
683 2022 720 2049 et
732 2017 850 2058 Epigr.

150 2073 204 2101 26.
221 2070 278 2101 lib.
293 2073 325 2100 5.
343 2078 431 2100 vers.
447 2071 478 2099 8.

193 2121 298 2152 Eme.
317 2128 371 2150 xc.
394 2119 486 2149 Vitae
503 2128 572 2150 snae
587 2118 736 2157 modum,
750 2128 850 2160 quem

150 2171 290 2203 tenebat
306 2171 340 2201 in
355 2169 586 2208 rusticatione,
600 2170 760 2210 exprimit
775 2169 849 2201 bre-

149 2222 237 2252 viter
257 2222 321 2251 hoc
349 2221 625 2260 Epigrannnate:
657 2231 725 2262 quo
751 2221 851 2261 fingit

151 2271 357 2311 respondere
386 2275 524 2310 rogatus
553 2270 595 2302 ab
628 2271 736 2302 amico
767 2272 848 2312 quid

151 2327 269 2361 ageret
285 2321 372 2360 ruri3
396 2327 432 2351 et
448 2322 545 2352 simul
561 2322 634 2352 vult
646 2321 754 2352 videri
768 2323 846 2362 Epi-

152 2377 337 2413 grammata
355 2372 546 2403 successivo
561 2372 675 2403 labore
688 2373 847 2405 scribere.

151 2423 358 2454 Rmnz‘resius.
416 2422 494 2453 Hoc
529 2423 595 2463 Ep.
633 2424 734 2464 longe
761 2424 848 2455 infra

152 2474 318 2505 Martialis·
350 2473 520 2512 ingenium
553 2474 699 2505 videtur.
755 2475 847 2506 Loco

150 2530 263 2556 tamen
278 2533 343 2554 non
357 2533 488 2563 moveo,
502 2525 631 2564 totjam
641 2525 847 2557 editionibus

151 2575 279 2616 publici
290 2574 377 2613 juris
391 2572 532 2605 factum.

193 2630 212 2657 3
237 2625 388 2656 Partibus
401 2628 503 2665 atque,
518 2625 587 2666 fisa]
609 2627 698 2658 Meis
713 2627 846 2659 famulis

151 2686 234 2718 opus
252 2675 429 2707 distribuo.
475 2676 531 2707 Sic
551 2677 644 2709 Dido
658 2679 849 2719 Virgiliana

1493 189 1604 231 1221

907 297 917 312 ‘
931 304 1139 336 operumque
1156 296 1305 327 laborem
1320 294 1484 326 Partibus
1500 304 1609 335 arqua-

907 344 966 375 bat
978 345 1091 384 justis,
1108 351 1165 376 aut
1180 352 1269 377 sorte
1284 345 1465 377 trahebat!
1497 345 1608 376 Rami-

908 395 1015 425 resins
1034 395 1082 425 sic
1098 397 1237 436 exponit
1253 407 1260 426 ;
1285 398 1294 414 ‘
1313 396 1425 438 Atque
1442 395 1549 435 meis,’
1573 395 1606 426 id

908 449 972 485 est,
1001 445 1148 485 famulis,
1178 447 1310 478 ‘indico
1333 448 1446 488 justos
1474 447 1608 479 labores

908 496 1090 536 partibus,'
1106 497 1139 528 id
1157 502 1220 536 cst,
1238 508 1300 538 per
1316 504 1442 539 partes.

951 549 970 577 4
998 548 1200 588 Phoebumque
1215 549 1274 588 cz'o,
1289 548 1358 588 esu]
1391 549 1510 590 Pango
1534 558 1608 580 car-

909 599 1009 630 mina.

951 654 969 681 5
997 651 1071 681 Oleo
1099 660 1275 691 corpusque,
1298 650 1367 691 ‹Vs-a]
1404 651 1523 691 Epigr.
1552 652 1606 681 5⁷·

909 701 966 731 lib.
992 704 1023 732 3.
1040 710 1127 732 vers,
1150 704 1181 731 4.
1207 704 1243 731 et
1268 701 1327 731 lib.
1355 709 1404 731 iv.
1433 700 1550 740 Epigr.
1590 724 1600 733 .

909 753 1058 793 Mollique
1098 753 1244 792 palaestra
1279 750 1426 790 Stringo]
1469 751 1607 791 Stringo

909 804 1001 834 lucta
1030 813 1172 844 corpus;
1196 804 1248 834 vel
1280 802 1409 842 stringo
1437 803 1607 842 palaestrae

908 855 1063 894 pulvere,
1079 863 1178 894 quem
1195 853 1255 885 lib.
1271 856 1302 884 7.
1322 853 1439 894 Epigr.
1451 856 1503 885 96.
1535 853 1607 884 Ha—

908 905 997 946 plien
1011 909 1124 936 vocat.

950 959 968 986 7
997 956 1152 995 pondero,
1182 954 1252 995 &c.]
1289 954 1418 986 Omnes
1446 963 1512 984 uno
1549 963 1607 985 ore

907 1006 1104 1045 emendant,
1118 1007 1273 1045 Pramum,
1285 1015 1394 1046 neque
1407 1004 1495 1036 enim
1509 1014 1608 1046 pran-

907 1057 999 1087 dium
1016 1057 1151 1087 omnino
1170 1056 1268 1087 Latio
1286 1055 1457 1087 exulabat.

949 1110 968 1137 8
991 1107 1145 1148 Lychnus,
1178 1105 1247 1146 δῖα]
1294 1105 1522 1146 Eilyclmium,
1557 1106 1605 1136 lu·

905 1167 1022 1189 cerna.

949 1212 969 1239 9
997 1209 1074 1239 Hcec
1086 1209 1140 1239 dat
1149 1208 1318 1246 nocturnis,
1330 1206 1400 1247 Sym]
1420 1207 1499 1237 Nox
1513 1207 1606 1238 lucu·

908 1258 1008 1289 brata
1024 1259 1084 1290 dat
1099 1258 1172 1289 haec
1188 1267 1292 1288 carm.
1315 1259 1379 1288 ἃς.
1417 1258 1499 1288 Vel:
1527 1258 1606 1288 Nox

906 1309 967 1340 dat
994 1310 1068 1340 haeo
1103 1308 1254 1340 carmina
1284 1307 1465 1339 lucubrata
1498 1307 1606 1339 Musis

906 1360 1092 1391 nocturnis.

950 1410 1053 1442 Eme.
1069 1419 1142 1441 xci.
1166 1409 1359 1450 Alloquitur
1379 1409 1514 1451 librum,
1535 1420 1606 1442 mo-

906 1466 1031 1503 netque
1043 1462 1116 1502 jam
1133 1461 1373 1503 quiescendum
1390 1470 1477 1492 esse.

949 1516 965 1543 l
994 1513 1060 1543 Ohe
1080 1513 1147 1551 jam
1172 1511 1249 1542 satis
1273 1515 1329 1550 est,
1351 1512 1420 1551 θα]
1452 1511 1606 1543 Imitatio

905 1563 1105 1600 Horatiana,
1118 1563 1190 1594 Sat.
1203 1566 1233 1593 5.
1248 1561 1307 1593 lib.
1326 1565 1355 1592 l.
1371 1566 1405 1592 et
1420 1562 1491 1593 Sat.
1502 1565 1533 1592 2.
1548 1562 1607 1594 lib.

904 1616 935 1645 2.
974 1614 1067 1644 Hinc
1091 1614 1247 1645 Juvenal.
1288 1614 1299 1630 ⁴
1318 1614 1419 1644 Satur
1445 1617 1498 1644 est
1528 1622 1603 1644 curn

905 1664 990 1695 dicit
1007 1663 1182 1702 Horatius,
1197 1663 1300 1694 Ohe.’

945 1718 965 1745 2
987 1715 1040 1745 Ad
1056 1714 1227 1755 umbilicos]
1261 1713 1302 1744 Id
1329 1717 1394 1752 est,
1420 1712 1461 1744 ad
1485 1712 1601 1744 finem.

901 1764 990 1796 Vide
1019 1764 1118 1805 adag.
1146 1764 1212 1794 ‘ad
1231 1763 1426 1794 umbilicum
1452 1763 1603 1794 ducere.'

903 1816 958 1846 De
975 1815 1140 1846 umbilicis
1157 1819 1270 1845 autem
1280 1818 1316 1844 et
1328 1813 1492 1844 librorum
1504 1823 1602 1843 orna-

902 1865 1042 1904 mentis,
1055 1865 1131 1895 vide
1142 1865 1260 1905 Epigr.
1270 1867 1323 1895 67.
1334 1863 1391 1896 lib.
1406 1867 1436 1895 1.
1451 1873 1538 1895 vers,
1550 1867 1602 1895 ll.

943 1917 963 1946 3
987 1916 1033 1946 Tu
1041 1916 1201 1954 procedere
1210 1914 1320 1954 adhuc,
1331 1915 1400 1955 mu]
1414 1914 1467 1945 Tu
1477 1919 1604 1956 tamen,

902 1975 921 1997 o
945 1965 1073 2004 libelle,
1098 1966 1147 1996 vis
1175 1965 1224 1996 irc
1249 1966 1410 2004 ulte1·ius;
1433 1975 1497 1997 nec
1523 1975 1604 1997 con-

902 2020 1017 2048 tentus
1047 2025 1082 2047 es
1112 2016 1246 2057 paginae,
1278 2022 1468 2047 extremam
1498 2017 1602 2048 etiam

902 2071 1036 2107 partem
1071 2066 1226 2106 implere,
1259 2070 1420 2108 tauquam
1452 2067 1600 2098 nondum

901 2116 1089 2158 perfeceris
1117 2127 1201 2156 rem,
1224 2126 1322 2157 quarn
1348 2117 1401 2147 vel
1428 2116 1462 2147 in
1492 2117 1602 2157 prima

901 2168 1034 2209 paginae
1052 2172 1150 2208 parte
1163 2166 1288 2206 fecisti,
1304 2168 1367 2198 boc
1389 2171 1454 2207 est,
1470 2167 1600 2198 satiasti

899 2220 1063 2250 lectorem
1087 2223 1123 2249 et
1148 2217 1252 2249 toedio
1275 2218 1438 2250 enecasti.
1482 2218 1601 2249 scheda

899 2269 1034 2309 summa]
1057 2269 1190 2299 Sebeda
1206 2278 1382 2299 commune
1399 2278 1522 2299 nomen
1549 2274 1601 2300 est

900 2321 1054 2353 omnibus
1071 2320 1207 2351 chartis.
1248 2320 1384 2350 Summa
1399 2318 1524 2349 scheda
1544 2319 1600 2350 hic

901 2382 963 2413 pro
988 2375 1141 2402 extrema
1160 2369 1237 2400 libri
1260 2369 1385 2408 pagina
1408 2368 1598 2409 accipitur:

897 2426 906 2440 ‘
924 2420 1070 2453 summa'
1101 2419 1191 2449 euim
1226 2424 1389 2458 extrema,
1417 2422 1485 2455 est,
1511 2418 1599 2450 sicut

898 2473 907 2490 ‘
924 2481 1072 2502 summus
1089 2469 1184 2508 dies,'
1208 2473 1381 2499 extremus
1403 2468 1489 2499 dies.
1534 2469 1597 2499 Vel

900 2532 962 2563 pro
979 2531 1037 2552 ora
1052 2525 1087 2551 et
1101 2519 1253 2559 margine
1266 2519 1341 2549 libri
1353 2518 1507 2551 sumitur.
1545 2519 1597 2550 De

898 2572 1022 2605 scheda
1044 2572 1118 2601 vide
1135 2570 1306 2601 Vitellium
1325 2579 1400 2610 cap.
1416 2572 1446 2600 3.

943 2626 962 2655 8
985 2622 1161 2658 Librarius,
1185 2620 1253 2661 iffa]
1285 2620 1354 2653 Qui
1379 2620 1480 2651 libros
1508 2624 1600 2652 tran-

902 2673 1031 2706 scribit.
