1866 3131
358 202 405 229 M.
439 201 547 229 VAL.

127 295 233 333 liruli,
255 305 327 335 pro,
356 293 528 333 cauliculi)
561 297 637 324 sunt
660 293 817 324 brassicae

128 355 204 384 pars
221 346 371 375 interior.

168 398 187 425 2
215 396 355 434 Nitrata,
377 393 446 433 ἔξω]
481 394 578 424 Nitro
603 394 690 424 enim
728 394 819 424 olera

127 444 286 475 viridiora
317 444 411 476 fiunt.
439 444 568 474 Plinius
593 443 650 474 lib.
675 446 726 474 31.
743 453 819 484 cap.

131 497 180 523 lt).

168 545 272 574 Erm.
300 553 407 575 xviii.
441 546 454 573 l
484 542 571 582 Fila]
596 543 635 573 In
666 542 820 574 herbulas

125 594 213 624 enim
230 594 432 633 fruticescit‚
448 594 480 623 in
498 593 611 623 tenuia
637 593 730 633 qnasi
753 598 819 623 sta-

125 644 211 675 mina
225 654 394 677 crescens.
443 643 620 683 Tarentini]
645 643 743 675 Quod
761 653 819 683 op-

126 695 245 725 timum
263 695 414 726 nascitur
430 694 584 724 'rai-enti.

167 747 186 774 2
212 745 326 775 Clausa
341 744 428 784 dato]
460 743 588 774 Clausis
605 743 713 773 labiis.

167 795 273 826 Epic.
297 804 377 826 mx.
420 798 430 825 1
461 794 570 825 Aricia
598 794 719 834 porros]
756 795 819 826 ‘Et

124 849 234 874 mater
266 845 382 875 Aricia
416 844 532 884 porri‚'
563 844 726 875 Columel.
772 846 818 875 Ut

124 902 206 933 ergo
230 895 346 925 sectile
368 905 503 935 porrum
527 895 685 932 'l‘arenti;
710 895 757 925 sic
776 894 819 925 A·

124 942 216 972 riciae
248 945 434 983 capitatum
466 945 618 974 nascitur
644 944 817 983 optimum.

123 991 248 1027 Aricia,
273 993 362 1023 Latii
386 994 518 1025 civitas.
565 994 753 1025 Nemoralis
771 996 818 1025 di-

123 1042 222 1078 citur,
238 1048 379 1082 propter
397 1044 544 1074 vicinum
562 1054 689 1075 nemus.

163 1094 182 1122 2
207 1093 324 1132 Stipite
349 1094 450 1133 cerne]
488 1096 607 1135 Capite
635 1100 670 1125 et
701 1097 816 1135 stipite

122 1153 180 1173 seu
199 1145 337 1175 calamo.
375 1146 500 1186 Comus]
525 1146 617 1176 Folia
633 1150 669 1176 et
688 1146 818 1184 herbas,

121 1193 234 1224 [eludes.

163 1244 269 1275 Erro.
295 1253 356 1276 xx.
393 1248 404 1275 l
436 1245 517 1285 Nos]
555 1244 638 1283 Alii,
665 1245 756 1276 Hos.-
782 1247 814 1277 id

119 1298 182 1332 est,
199 1304 316 1334 napos,
334 1297 433 1335 paulo
449 1297 595 1326 minores
612 1296 714 1337 rapis.
727 1297 816 1327 Ami-

119 1347 237 1383 ternus,
260 1345 329 1385 8503]
364 1345 553 1376 Arnitoruni
584 1347 664 1376 urbs
693 1346 817 1385 Italiae,

119 1394 288 1435 Aquileiae
316 1396 438 1428 vicina.
477 1398 540 1428 ‘In
571 1408 638 1438 qua
676 1398 814 1437 palude’

119 1446 244 1486 (inquit
256 1446 412 1477 Sidonius
427 1447 634 1487 Apollinaris
652 1447 761 1488 Epist.
783 1451 814 1479 S.

120 1496 178 1526 lib.
208 1495 252 1536 1.)
287 1497 392 1527 ‘muri
424 1497 562 1536 cadunt,
586 1507 681 1538 aquae
713 1502 816 1537 stant,

121 1551 229 1576 turres
259 1545 391 1586 fliumt,’
429 1549 493 1578 &c.
543 1551 552 1565 ‘
567 1548 663 1578 Mare
702 1553 814 1579 autem

120 1596 334 1627 Adriaticum
354 1598 523 1628 Ravennae
555 1598 732 1637 paludibus
760 1598 816 1629 im-

120 1648 281 1679 miscetur
294 1648 313 1678 :'
336 1648 469 1678 Viti-nv.
488 1648 545 1679 lib.
562 1651 590 1679 l.
610 1658 682 1688 cap.
697 1651 729 1679 4.

161 1702 180 1728 2
216 1699 374 1729 Nursinas
402 1698 497 1738 pilus]
538 1699 645 1738 Rapa,
676 1709 751 1739 quae
782 1699 812 1729 in

119 1750 233 1779 orbem
258 1750 387 1789 optima
418 1755 602 1780 nascuntur
630 1750 663 1779 in
689 1750 828 1787 Nursia,

118 1801 321 1831 Sabinorum
354 1800 503 1832 civitate.
548 1801 624 1830 Esse
647 1800 743 1840 pilas]
771 1801 814 1831 E-

120 1851 211 1881 dere.

163 1902 269 1931 Epio.
290 1910 364 1932 xxr.
391 1904 405 1932 1
432 1902 585 1941 AEquorea
611 1911 679 1940 quoe
700 1900 813 1941 crevit]

120 1951 234 1990 Epigr.
248 1955 299 1981 55.
315 1951 372 1982 lib.
390 1953 419 1981 3.
451 1951 550 1990 Spina
565 1951 727 1990 Ravenna]
752 1952 760 1968 ‘
773 1951 812 1981 Iu

119 2006 227 2031 totuin
258 2002 354 2041 spina
378 2005 429 2032 est
451 2001 655 2040 asparagus‚’
687 2001 813 2031 nullum

116 2052 231 2082 folium
248 2053 359 2091 habet,
378 2053 465 2082 Plin.
485 2052 541 2082 lib.
557 2055 609 2084 21.
632 2062 707 2092 cap.
725 2055 777 2083 15.

160 2106 179 2133 2
204 2103 276 2133 Non
292 2104 364 2139 erit,
379 2103 448 2143 350]
465 2103 655 2143 Sylvestres
672 2106 816 2143 etspon-

120 2159 153 2183 te
172 2162 230 2184 sua
245 2153 314 2183 nati
343 2163 403 2192 per
419 2158 551 2184 montes
570 2152 724 2192 asparagi
749 2162 814 2182 non

118 2203 241 2233 cedunt
261 2203 409 2233 altilibus
436 2208 472 2234 et
498 2203 579 2233 satis
611 2203 813 2233 Ravennati-

119 2254 187 2283 bus.
201 2253 384 2283 Atheniens
399 2253 454 2284 lib.
471 2256 501 2284 2.
520 2263 595 2292 cap.
612 2255 665 2284 22.

164 2304 266 2333 Epio.
286 2312 379 2333 xxn.
404 2305 490 2335 Quae
507 2304 618 2334 acinos
630 2304 746 2341 duros,
763 2303 814 2333 vel

118 2354 202 2383 duro
221 2358 329 2383 tectos
346 2353 437 2383 corio
454 2353 566 2384 habet.
579 2353 668 2384 Plin.
686 2353 744 2384 lib.
764 2355 813 2384 14.

117 2415 192 2444 cap.
213 2407 240 2434 l.
256 2409 291 2434 et
307 2406 336 2434 3.
354 2403 487 2433 Gallice
503 2403 707 2442 I'iquepoulle.

163 2459 177 2485 l
206 2456 276 2485 Non
291 2453 402 2484 habilis
413 2453 546 2494 cyathis,
562 2453 630 2492 &ej
656 2454 764 2484 Prelis
779 2458 813 2484 et

119 2505 196 2535 vino
215 2503 355 2533 inutilis.

160 2558 178 2585 2
207 2553 365 2593 Tibi‚85·c.]
388 2552 455 2583 Sed
473 2552 600 2590 edenti,
616 2557 812 2585 nectaret'O.

162 2606 266 2635 Epio.
286 2612 397 2635 xxm.
425 2606 438 2633 1
461 2602 609 2642 Chiu]1n
626 2603 813 2634 Chiainsu-

116 2657 149 2687 la
179 2659 271 2693 nata,
296 2659 414 2694 postea
437 2654 502 2684 alio
529 2654 700 2684 translata.
737 2653 815 2684 Seni

120 2706 230 2736 similis
259 2704 400 2743 Baccho]
447 2705 532 2736 Quae
572 2704 684 2734 vinum
717 2709 814 2734 vetus

122 2755 208 2796 sapit
240 2760 275 2786 et
307 2755 423 2785 salem.
469 2754 639 2794 Epigram.
667 2756 719 2784 25.
757 2753 815 2784 lib.

583 199 855 229 ,xtAR'rlALtS
893 201 1050 231 EPIGR.
1085 202 1177 231 [AB.
1212 202 1324 231 xlll.

1456 192 1561 232 1429

869 297 899 324 7.
929 304 1014 325 vers.
1034 299 1063 325 8.
1108 296 1195 326 Setia
1221 295 1321 335 misit]
1358 296 1563 336 Campaniae.

870 345 1065 385 [Cretaener‘
1081 355 1120 375 au
1135 346 1352 387 Campaniae?
1367 346 1470 377 habet
1483 347 1561 377 Far-

869 394 964 434 nab.]

913 445 1017 475 Epio.
1039 453 1138 476 xxxv.
1164 449 1177 476 l
1205 447 1364 487 Cecropio]
1388 446 1520 486 Attico,
1543 457 1561 478 a

871 494 1025 534 Cecrope
1055 503 1144 534 rege.
1189 496 1355 537 Saturam]
1388 498 1492 528 Melle
1514 498 1562 528 in-

869 548 978 574 cocta.
1004 545 1136 575 Plinius
1158 545 1215 576 lib.
1237 549 1286 577 15.
1303 557 1380 587 cap.
1399 550 1450 579 17.
1496 549 1563 588 Cy-

870 594 968 625 donia
980 605 998 626 a
1010 595 1161 635 Cydone,
1175 597 1388 637 nrbeCretae‚
1400 599 1446 630 sic
1458 599 1562 631 dicta.

912 648 931 675 2
955 646 1128 686 Melimela]
1152 646 1286 678 Mellita
1303 657 1413 687 poma.

913 696 1016 726 Eme.
1036 705 1123 727 xxv.
1148 699 1163 727 1
1189 698 1287 728 Poma
1301 703 1411 730 'sumus
1427 699 1564 740 Cybeles,

868 746 936 786 ἕνα]
962 747 1067 777 Pinus
1095 747 1230 786 Magnae
1247 749 1351 778 Matri
1369 755 1564 780 consecrata

870 802 933 833 est,
958 801 1098 837 propter
1121 797 1214 838 Atyn
1240 801 1404 829 mutatum
1422 798 1455 828 in
1477 799 1564 830 hanc

870 846 1034 878 arborem.

912 900 931 927 2
957 898 1005 929 Ne
1035 899 1137 938 cadat,
1161 899 1230 939 Sym]
1254 898 1306 929 Ne
1338 898 1497 930 cadamus
1529 900 1561 930 in

871 953 962 978 tuum
980 953 1094 989 caput.

913 998 1015 1029 Eme.
1031 1006 1133 1028 xxV1.
1159 1000 1178 1028 2
1197 998 1311 1037 Puero,
1327 1007 1415 1038 quam
1425 998 1496 1037 tibi,
1513 1009 1565 1038 po-

870 1058 917 1078 ma
945 1047 1046 1087 dabis]
1071 1048 1136 1080 Qui
1162 1048 1312 1078 molliore
1336 1053 1388 1078 est
1415 1049 1503 1087 alvo,
1529 1054 1565 1079 et

870 1107 960 1138 saepe
985 1097 1148 1137 profluvio
1174 1097 1315 1129 laborat.
1359 1097 1565 1136 Videndum,

869 1157 910 1177 ne
938 1147 1045 1178 subsit
1081 1148 1205 1188 aliquid
1242 1148 1394 1189 nequiuS,
1423 1156 1565 1189 propter

867 1197 948 1228 illud
977 1198 1086 1229 Gildae
1115 1198 1148 1228 in
1178 1198 1348 1230 Quen-olo:
1379 1199 1503 1237 ‘Nam‚
1535 1199 1563 1229 si

867 1246 1004 1287 insuper
1022 1257 1122 1278 nuces
1135 1252 1169 1278 et
1182 1247 1280 1278 sorba
1296 1248 1441 1288 dederis,
1453 1255 1562 1280 totum

867 1306 909 1336 pu
918 1297 1030 1336 pillum
1047 1296 1202 1337 ceperiS.’

910 1347 1015 1378 EP1G.
1046 1356 1166 1378 xxvn.
1203 1348 1340 1379 Termes
1375 1348 1417 1379 ab
1443 1350 1562 1381 arbore

868 1397 978 1437 palma
994 1397 1185 1437 decerptus.
1208 1397 1325 1430 Diosc.
1349 1398 1407 1428 lib.
1432 1400 1462 1429 1.
1484 1409 1562 1439 cap.

869 1450 941 1478 123.
966 1448 1149 1478 Salmasius
1166 1453 1282 1479 censet
1298 1448 1474 1488 legendum
1488 1459 1562 1480 esse

868 1498 1052 1538 Spalathion
1070 1499 1121 1529 vel
1132 1499 1311 1530 Palathion.
1327 1497 1455 1536 Παλάθη
1472 1501 1561 1531 enim

866 1547 988 1579 ficuum
1018 1548 1194 1579 dicebatur
1223 1548 1340 1588 globus
1368 1548 1421 1579 vel
1444 1559 1564 1581 massa.

868 1599 908 1630 In
940 1608 1079 1629 massam
1104 1598 1249 1628 conditae
1273 1598 1428 1629 similiter
1442 1598 1561 1630 affere-

869 1648 992 1680 bantur
1009 1652 1168 1688 caryotae.
1193 1647 1398 1688 Hesychius:
1417 1648 1560 1689 Παλάθη,

866 1698 886 1736 ἡ
914 1701 975 1729 τῶν
997 1697 1097 1728 σύκων
1124 1696 1307 1734 ἐπάλληλος
1336 1695 1428 1729 θέσις.
1476 1699 1561 1730 lude

865 1748 1009 1780 σαλάθιον
1024 1754 1058 1779 et
1073 1747 1251 1779 σπαλάθιον.
1297 1749 1442 1780 Cottana
1459 1750 1562 1780 etiam

865 1810 905 1831 ac
923 1809 1030 1840 pruna
1048 1800 1080 1829 iu
1099 1808 1223 1829 massas
1238 1799 1286 1829 sic
1316 1799 1563 1839 componeban-

867 1856 933 1883 tur.
949 1851 1038 1881 Hinc
1055 1849 1221 1880 Martialis
1238 1859 1245 1879 ε
1269 1849 1278 1865 ‘
1294 1849 1391 1889 Haec,
1407 1849 1469 1880 tibi
1485 1860 1560 1891 quae

865 1907 954 1934 torta
970 1906 1136 1932 venerunt
1158 1900 1296 1931 condita
1318 1906 1421 1940 meta,
1445 1902 1478 1932 Si
1495 1912 1563 1933 ma-

858 1953 936 1993 jora
951 1950 1062 1981 foi-ent
1077 1954 1228 1989 cottana,
1242 1949 1326 1981 ficus
1341 1951 1463 1982 erant)
1488 1953 1562 1982 Sta-

867 2002 956 2034 tius:
1001 2001 1196 2041 ‘Nusquam
1229 2001 1362 2032 lurbine
1403 2001 1561 2032 conditus

867 2052 978 2084 ruenti
996 2053 1187 2082 Prnnorum
1205 2051 1322 2091 globus
1339 2055 1440 2092 atque
1458 2056 1564 2082 cotta-

866 2104 1007 2136 norum.’
1048 2104 1099 2134 Ad
1127 2104 1264 2134 verbnm
1297 2103 1414 2144 globus
1440 2114 1564 2145 pruno-

866 2166 937 2186 rum
956 2159 1008 2185 est
1021 2152 1156 2190 παλάθη.
1180 2153 1314 2184 Salmas.

912 2210 925 2237 l
949 2205 1042 2245 Janz']
1066 2204 1227 2235 Calendis
1253 2203 1420 2235 Januariis
1449 2202 1562 2234 mitte-

868 2257 989 2288 bantur
1005 2266 1023 2286 a
1036 2253 1238 2295 pauperibus
1255 2255 1414 2294 palmulae
1428 2255 1558 2285 inaura-

868 2312 924 2346 t‘ae,
940 2306 991 2337 vel
1008 2309 1122 2336 crusta
1144 2303 1254 2342 illitae,
1282 2308 1319 2334 ut
1348 2304 1460 2343 placet
1485 2303 1558 2335 Jor».

867 2357 988 2396 Scalig.
1006 2354 1174 2386 inTibull.
1202 2353 1261 2384 lib.
1291 2356 1319 2385 l.
1365 2353 1453 2384 Vide
1479 2354 1558 2393 Epi-

868 2418 971 2447 gram.
1003 2409 1055 2436 33.
1087 2405 1145 2435 lib.
1171 2407 1200 2433 8.
1226 2403 1377 2434 Martial.
1405 2413 1489 2434 vers.
1507 2407 1558 2435 11.

868 2460 1003 2499 Curyota
1027 2453 1192 2492 Kalendis]
1217 2453 1443 2484 palmularum
1471 2453 1559 2485 fruc»

866 2515 919 2540 tus
936 2509 983 2539 ita
1004 2506 1099 2545 dicti,
1115 2504 1201 2546 quod
1219 2504 1323 2544 capiti
1338 2514 1454 2545 graves
1472 2511 1564 2537 sunt.

865 2559 954 2590 Plin.
971 2559 991 2588 1.
1006 2560 1055 2588 13.
1068 2566 1096 2587 c.
1112 2558 1144 2586 4.

908 2612 927 2640 2
952 2608 1014 2638 Sed
1039 2610 1152 2642 tamen,
1173 2604 1240 2644 lfa]
1277 2603 1362 2635 Haec
1382 2614 1520 2635 munera
1537 2605 1564 2636 si

867 2659 1006 2690 mittant
1034 2664 1213 2697 pauperem
1232 2659 1357 2694 quanto
1373 2655 1503 2695 majora
1519 2655 1566 2686 di-

869 2708 978 2740 vites?

911 2761 1016 2791 Eme..
1030 2766 1161 2790 xxvm.
1187 2762 1200 2789 l
1223 2758 1315 2789 Torta
1327 2762 1484 2798 venerunt,
1495 2757 1562 2797 ssa]
