1866 3131
373 212 422 241 M.
458 211 570 241 vAL.
603 209 878 241 MARTIALlS
913 211 1074 242 EPIGR.
1109 212 1202 243 LIB.
1236 212 1309 243 IX.

161 310 179 338 5
206 307 353 338 Nieidum
368 306 486 347 orbem]
516 306 708 347 Speculum.
732 304 814 345 Epi-

120 368 225 398 gram.
238 358 420 396 superiore.

160 412 180 439 6
202 409 315 439 Juciice
334 408 414 448 tota]
440 408 608 438 Gruterus
634 416 676 437 ex
702 406 813 437 Palat.

118 459 296 498 legendum
322 458 499 490 contendit
528 461 617 488 tuta:
651 457 735 489 adeo
766 467 813 488 se.

118 509 277 540 confisam
295 510 433 549 speculo
459 507 594 546 facicm,
617 513 654 538 ut
670 508 695 538 si
715 508 756 538 al)
775 517 814 538 eo

118 560 224 590 solum
248 560 468 596 laudaretur;
492 559 614 589 nullius
635 563 706 589 toto
731 558 814 588 orbe

119 608 359 640 reformidaret
378 609 546 649 judicium
568 618 811 640 censuramve:

117 660 172 690 cui
189 666 224 690 et
236 660 418 690 Petronius
435 658 651 700 suffragatur,
678 659 812 691 dicens:

116 712 125 726 ‘
139 710 239 742 Quod
261 710 302 740 ad
319 720 372 740 me
395 710 535 749 attinet,
561 719 626 740 non
655 710 757 740 timeo
773 720 814 740 ne

116 761 189 801 quis
213 761 404 791 inveniatur
434 760 489 791 cui
519 760 628 791 minus
650 760 815 800 placeam,

116 819 180 842 nec
196 811 372 851 speculum
389 811 482 851 mihi,
508 820 571 842 nec
590 810 680 842 fama
695 812 815 843 menti-

118 861 197 893 tur.'

158 915 177 942 7
205 912 264 952 Ta]
287 912 472 953 AEscukxpi,
484 913 539 952 da,
550 917 589 944 ut
605 917 675 944 tam
690 913 735 944 sit
748 913 814 944 ele-

114 972 196 1002 gans
212 968 338 1003 tonsus,
351 973 449 1004 quam
465 963 606 1004 pulcher
620 968 696 994 erat
707 964 815 994 inton-

116 1023 182 1043 sus.

159 1064 263 1094 Eme.
280 1072 357 1095 xrx.
381 1064 442 1095 Ait
456 1074 492 1095 se
509 1064 678 1096 rusculum
690 1063 816 1095 habere

114 1113 354 1153 suburbanum,
391 1119 427 1145 et
466 1114 626 1145 urbanam
662 1114 816 1152 domum3

115 1170 298 1206 utrumque
325 1166 432 1204 sitire,
456 1170 491 1196 et
517 1176 573 1196 rus
597 1172 633 1196 et
659 1165 813 1196 domum:

115 1215 175 1246 sed
193 1216 338 1256 agellum
357 1217 405 1246 ait
418 1225 453 1246 se
467 1216 623 1256 irrigare,
638 1215 757 1245 hausta
773 1214 815 1245 de

117 1266 227 1296 vicina
245 1266 334 1296 valle
351 1276 457 1306 aqua3
475 1265 608 1295 domum
621 1274 686 1295 non
698 1274 813 1304 posse:

115 1316 204 1356 petit
220 1317 375 1346 venulam
389 1325 485 1356 aquae
504 1315 640 1346 Martiae
655 1324 722 1346 non
737 1325 814 1356 pro·

115 1368 170 1398 cul
186 1367 266 1398 inde
281 1367 446 1398 salientis.

159 1421 175 1449 l
199 1417 351 1457 Longam,
366 1417 433 1457 8,·c.]
455 1418 503 1448 Te
518 1418 574 1448 diu
593 1417 758 1458 praeside.¹

156 1471 177 1500 2
201 1469 269 1499 Rus
285 1468 458 1505 me‘m‘mum,
473 1469 542 1508 &eff
578 1468 634 1498 De
650 1478 715 1508 quo
733 1467 813 1508 Epi-

115 1524 301 1560 grammate
315 1521 368 1550 61.
382 1519 438 1549 lib.
451 1522 480 1550 8.
491 1524 526 1550 et
538 1518 625 1550 infra
637 1519 815 1560 Epigram-

116 1574 208 1599 mate
222 1571 274 1599 99.

158 1622 176 1649 3
202 1619 311 1656 Brevi,
323 1618 392 1659 ξω]
429 1618 494 1649 Sed
518 1619 560 1650 de
578 1619 664 1650 valle
682 1618 815 1659 subjec-

118 1675 165 1709 ta,
181 1680 269 1711 aqua
284 1671 381 1700 horto
397 1669 567 1709 irrigando
582 1670 748 1700 hauritur.

159 1724 178 1751 4
202 1719 386 1758 Labor-atas]
412 1719 543 1750 Labore
559 1720 664 1751 multo
680 1720 817 1760 petitas.

116 1770 227 1802 Annia
239 1771 318 1800 tollit
330 1769 436 1810 aquas]
450 1770 649 1810 Haustnun,
661 1771 817 1801 machina

116 1823 157 1852 ad
174 1821 414 1852 hauriendum:
441 1821 482 1851 ab
498 1819 628 1851 ἀντλέω.

161 1876 181 1903 6
206 1872 326 1902 Martia
335 1871 425 1909 sonte
437 1871 537 1910 sonet]
562 1873 742 1911 EpigrA2.
756 1872 815 1902 l.6.

159 1926 178 1953 7
205 1923 306 1958 Quam
320 1923 440 1953 dederis
462 1922 589 1960 nostris,
611 1921 681 1961 4512]
706 1923 734 1952 E
749 1932 816 1962 qua

119 1974 242 2004 Martia
260 1973 287 2003 si
309 1973 389 2003 milii
407 1972 611 2013 permiseris,
627 1981 646 2002 o
670 1972 815 2002 Domiti-

117 2024 363 2063 ane,‹liducere
374 2024 528 2054 venulam
540 2033 636 2064 aquae
648 2022 682 2053 in
695 2022 814 2054 aedium

115 2084 266 2106 mearum
284 2084 391 2106 usum.

160 2129 180 2157 8
205 2127 343 2157 Castalis
370 2126 434 2157 hoec
464 2126 561 2165 nobis,
593 2125 663 2166 ὅκκ]
707 2126 816 2167 AEque

119 2182 213 2217 grata
238 2177 304 2208 erit
328 2183 431 2218 atque
454 2187 538 2217 aqua
556 2187 574 2207 e
592 2175 686 2207 fonte
702 2177 816 2207 Musa-

118 2237 204 2267 rum,
219 2233 276 2258 aut
293 2228 333 2258 ab
350 2228 422 2268 ipso
438 2227 538 2259 Jove.

163 2278 267 2308 Eme.
302 2286 363 2309 xx.
408 2277 518 2308 Poeta
549 2277 730 2318 coeuipeta,
761 2277 816 2308 cui

121 2334 243 2359 venter
257 2328 337 2358 artis
354 2328 524 2367 magister.

163 2380 265 2410 Eme.
283 2388 361 2409 xxx.
388 2381 404 2408 l
430 2378 510 2408 Hoec
525 2388 591 2417 quae
606 2377 686 2418 tota]
723 2377 816 2408 Area

120 2430 192 2460 haec
210 2429 241 2459 in
261 2439 326 2470 qua
342 2433 488 2459 steterat
500 2429 617 2459 domus
630 2429 815 2460 Domitiani

118 2479 253 2518 natalis,
272 2479 343 2518 jam
365 2487 445 2508 vero
462 2478 586 2508 Flaviae
604 2479 714 2518 gentis
732 2484 815 2509 tem-

119 2531 211 2570 plum
230 2538 397 2559 marmore
422 2532 456 2559 et
473 2538 551 2558 auro
567 2529 744 2568 magnifice
758 2540 813 2559 ex-

121 2586 270 2611 tructum
287 2585 352 2610 est.
380 2579 567 2619 P11tet,&c.]
592 2580 814 2611 Extenditur:

120 2632 173 2662 vel
191 2631 247 2662 ubi
261 2631 422 2671 templum
436 2631 604 2672 publicum
618 2637 653 2662 et
663 2632 817 2663 omnibus

120 2687 252 2723 patens.

163 2736 183 2763 2
210 2733 338 2764 Conscia
359 2734 459 2774 terra]
481 2734 565 2765 Quae
588 2735 817 2766 Domitianum

123 2787 235 2813 natum
253 2786 401 2824 excepit,
417 2789 611 2816 nascentem
627 2786 728 2818 vidit.

208 2837 319 2877 Deiph.
331 2841 362 2868 et
378 2838 454 2870 γαν.
470 2838 552 2869 Clas.

765 2840 911 2871 Martini.

1455 203 1568 244 1:329

908 307 927 335 3
954 304 1032 340 Quae
1058 306 1169 343 tantis,
1193 305 1264 346 ssa]
1301 306 1386 339 Quae
1414 307 1567 347 suscepit

867 355 1111 395 Domitianum,
1132 362 1169 388 ut
1188 357 1327 388 Rhodos
1347 357 1569 398 Neptunum;

867 410 904 436 ut
921 406 1024 436 Creta
1039 406 1172 438 Jovem.
1198 408 1272 447 Vel,
1291 418 1364 449 quae
1379 417 1446 439 non
1458 409 1568 439 minus

866 457 1030 496 praestitit
1057 457 1142 496 orbi,
1163 463 1324 498 suscepto
1353 459 1568 498 Domitiano,

866 516 965 548 quam
993 507 1129 539 Rhodos
1159 515 1194 539 et
1219 509 1323 540 Creta
1354 510 1454 549 melo,
1477 510 1567 542 Jove

866 563 1040 597 suscepto.
1104 558 1225 589 Rhodii
1263 560 1352 590 enim
1390 559 1569 591 Telchines

866 608 968 639 iidem
994 608 1051 650 qui
1078 610 1234 641 Curetes.
1259 611 1377 651 Epigr.
1400 614 1429 641 1.
1459 610 1517 642 lib.
1533 613 1565 642 4.

866 668 956 689 vers.
972 661 1004 690 2.

909 711 927 739 7
955 709 1094 750 Curetes
1115 709 1181 750 85⁴⁶]
1206 710 1271 742 Qui
1287 710 1407 742 Jovem
1422 711 1568 741 Saturno

867 760 1069 792 subductum
1111 761 1268 802 cymbala
1308 762 1484 801 pulsantes
1515 763 1568 792 vel

867 809 1007 842 ἐνόπλιον
1021 813 1184 843 saltantes
1210 811 1422 842 educandum
1438 811 1470 842 in
1489 811 1569 843 Cre-

867 865 936 892 tam
953 861 1190 902 deportarunt.

909 916 929 944 8
953 913 1098 944 Semiviri
1118 912 1275 954 Phryges]
1314 913 1445 944 Evirati
1467 913 1570 954 Cory-

867 963 998 1002 bantes,
1014 963 1211 995 sacerdotes
1229 964 1389 1004 Cybeles.

909 1017 930 1045 9
954 1015 998 1046 At
1014 1018 1044 1046 te
1055 1016 1206 1055 protexit,
1220 1014 1290 1055 Qu]
1316 1015 1486 1046 Videntur
1498 1014 1570 1045 liaec

868 1064 1007 1096 confuse
1023 1065 1169 1104 intelligi
1185 1064 1226 1095 de
1242 1065 1328 1097 Jove
1344 1064 1498 1103 custode,
1516 1065 1571 1095 cui

868 1117 1031 1156 templum
1045 1115 1201 1146 condidit
1217 1115 1430 1146 Domitianus
1443 1125 1482 1146 eo
1495 1116 1570 1146 loco

867 1176 933 1207 quo
950 1166 1141 1196 delituisset
1159 1165 1247 1195 bello
1264 1165 1463 1196 Vitelliano.

912 1218 951 1246 10
973 1216 1095 1254 Jaculo,
1112 1215 1181 1255 ἔξω]
1214 1215 1303 1246 Ense
1319 1220 1355 1246 et
1372 1221 1482 1254 scuto,
1494 1225 1569 1256 quae

869 1265 1104 1305 Corybantum
1130 1275 1222 1296 arma
1246 1270 1334 1296 suut.
1379 1267 1473 1306 AEgz's
1487 1267 1570 1306 erat]

868 1316 984 1356 Epigr.
999 1319 1028 1346 1.
1045 1316 1103 1347 lib.
1116 1319 1146 1346 7.
1162 1326 1252 1347 vers.
1269 1319 1297 1347 l.
1312 1320 1347 1347 et
1363 1319 1394 1348 4.

912 1368 1018 1397 Eum.
1038 1376 1132 1398 xxn.
1157 1367 1261 1398 Ludit
1278 1368 1312 1398 in
1328 1368 1571 1399 Paronomasia

868 1427 984 1449 versus
1000 1418 1122 1456 ultimi,
1144 1423 1180 1449 et
1203 1418 1376 1450 antitheta
1399 1420 1569 1450 nominum

867 1468 1134 1509 significatione:
1160 1478 1236 1500 cum
1249 1468 1497 1509 Artemidorus,
1515 1470 1569 1501 cui

868 1528 886 1548 a
904 1519 1060 1550 Minerva
1082 1520 1160 1550 Dea
1184 1526 1279 1550 easta
1307 1529 1441 1560 nomen,
1457 1525 1570 1559 amet3

869 1570 1093 1610 Calliodorus,
1104 1570 1188 1601 cuia
1205 1570 1320 1601 sormae
1334 1571 1420 1602 dono
1434 1581 1570 1609 nomen,

869 1626 954 1652 aret.

911 1672 1019 1703 Eur-G.
1038 1681 1151 1704 xxiii.
1192 1671 1357 1703 Liberalis
1386 1672 1486 1702 animi
1517 1682 1568 1702 ar-

867 1727 1028 1762 gumenta
1044 1722 1171 1762 prodit.
1215 1721 1268 1752 An
1285 1723 1337 1753 hic
1358 1722 1468 1754 Julius
1485 1723 1568 1752 Pas-

867 1778 933 1810 tor,
960 1774 1001 1803 de
1029 1783 1094 1813 quo
1126 1773 1257 1803 Plinius
1301 1774 1424 1805 Junior
1451 1773 1508 1803 lib.
1540 1776 1569 1804 l.

867 1824 977 1864 Epist.
997 1827 1047 1856 18.
1091 1824 1145 1855 An
1163 1825 1238 1864 ejus
1264 1823 1382 1863 frater,
1395 1833 1494 1865 quem
1509 1825 1567 1854 ini-

868 1874 942 1913 pius
966 1875 1117 1915 Caligula
1143 1875 1332 1913 interfecit,
1349 1880 1386 1905 ut
1410 1879 1463 1905 est
1480 1874 1569 1915 apud

866 1924 1030 1956 Senecam
1048 1926 1107 1957 lib.
1123 1928 1154 1956 2.
1173 1927 1213 1956 de
1230 1926 1299 1965 Ira,
1313 1935 1390 1966 cap.
1407 1928 1461 1957 33.

910 1978 931 2006 2
953 1976 1087 2015 Propter
1100 1977 1194 2017 quod]
1216 1976 1283 2008 Qui
1300 1976 1434 2007 divitias
1450 1976 1482 2006 in
1500 1975 1571 2005 lux-

868 2036 922 2056 um
937 2031 972 2056 et
990 2027 1182 2066 voluptates
1198 2026 1357 2067 effundit,
1373 2031 1432 2059 aut
1447 2027 1481 2058 in
1500 2026 1569 2058 fas-

869 2080 939 2108 tum
956 2077 1112 2110 absumit.

911 2130 929 2157 3
958 2127 1001 2158 Ut
1015 2128 1137 2166 Setina,
1153 2128 1222 2168 ἔγω]
1247 2129 1295 2160 Ut
1321 2129 1428 2160 colam
1453 2130 1568 2160 vineas

867 2177 901 2207 in
918 2178 1012 2207 Setia
1037 2177 1179 2209 civitate
1205 2179 1305 2218 Latii,
1329 2179 1387 2210 ubi
1407 2180 1495 2210 vites
1511 2189 1571 2210 no-

867 2227 964 2258 biles.

909 2280 928 2308 4
956 2279 997 2308 Et
1009 2281 1106 2317 sonet,
1121 2278 1190 2318 ἐξα]
1225 2279 1270 2310 Et
1296 2279 1463 2310 innumeri
1480 2280 1567 2310 servi

865 2330 898 2360 in
916 2330 1089 2370 ergastula
1111 2330 1249 2361 'l‘husca
1273 2331 1465 2371 mittantur,
1482 2341 1566 2371 opus

865 2381 898 2410 in
923 2379 1140 2421 compedibus
1165 2379 1304 2411 facturi.
1342 2381 1462 2421 Epigr.
1478 2385 1530 2412 29.
1546 2383 1567 2412 l.

866 2433 896 2462 3.
911 2441 997 2461 vers.
1013 2434 1042 2461 1.
1066 2430 1410 2461 Vinciebauturservi
1423 2433 1454 2461 in
1467 2433 1567 2472 agris.

865 2481 1028 2519 Tibullus,
1047 2481 1104 2511 lib.
1121 2484 1153 2511 2.
1198 2481 1206 2496 ‘
1222 2481 1321 2521 b'wpe
1339 2480 1439 2511 etiam
1458 2482 1567 2512 valida

866 2533 995 2561 solatur
1020 2531 1184 2570 compede
1211 2532 1375 2570 vinctum,
1395 2531 1501 2562 Crura
1516 2543 1567 2563 so-

866 2588 948 2613 nant
978 2581 1091 2611 ferro:
1131 2581 1191 2611 sed
1225 2582 1315 2612 cauit
1346 2582 1434 2613 inter
1462 2602 1470 2612 -.
1485 2583 1567 2614 nus?

868 2634 1025 2664 Lucanus
1048 2633 1105 2663 lib.
1120 2635 1150 2663 7.
1187 2633 1195 2649 ⁴
1212 2634 1339 2664 Vincto
1364 2633 1493 2664 fossart.-
1511 2646 1566 2665 co-

868 2686 981 2715 luntur
1013 2685 1194 2724 Hesperiae
1210 2685 1375 2725 segetes!
1419 2686 1566 2726 Ablega-

868 2736 991 2766 bantur
1007 2741 1119 2765 antem
1146 2735 1187 2765 ad
1214 2735 1287 2765 haec
1313 2745 1418 2775 opera
1441 2738 1565 2776 saepius

868 2786 957 2816 servi
974 2786 1086 2825 noxii;
1118 2790 1154 2817 et
1178 2786 1266 2817 hunc
1283 2786 1430 2818 laborem
1449 2793 1567 2818 contu-

1405 2842 1423 2870 4
1453 2841 1479 2871 P
