1866 3131
743 178 799 208 SU
809 178 1081 209 PPOSITI'PIA
1091 200 1100 208 .

869 353 980 394 VII.

728 465 776 495 IN
813 465 1106 495 EFFRONTEM
1118 484 1126 492 .

198 546 264 586 OS
287 545 421 593 atavi,
443 543 583 597 patris
605 556 775 593 nasum,
794 543 881 585 duo
903 545 1072 585 lumina
1092 545 1249 598 patris,

255 613 310 653 Et
329 613 477 654 matris
499 617 649 665 gestus
671 611 784 653 dicis
801 613 961 654 habere
984 616 1088 653 tuae.

195 680 304 721 Cum
326 680 487 721 referas
506 680 692 733 prisc-OS,
713 681 965 734 nullamque
984 682 1028 722 in
1050 694 1232 735 corpore
1253 687 1420 736 partem

255 748 478 799 Mentiris;
510 747 715 798 frontem,
739 748 809 790 dic
831 749 950 798 mihi,
973 749 1099 803 cujus
1121 749 1291 791 habes?

853 879 989 920 VIII.

758 981 823 1010 AD
858 980 1083 1011 MATTUM.

199 1061 291 1111 Qut
318 1064 444 1114 negat
465 1074 565 1101 esse
588 1060 707 1101 domi
730 1073 793 1110 se,
816 1066 923 1102 tunc
946 1074 1041 1102 cum
1063 1061 1212 1102 limina
1233 1061 1401 1115 pulsas,

252 1128 368 1178 Quid
391 1128 525 1178 dicat,
545 1129 724 1169 nescis?
759 1129 959 1179 Dormio,
984 1129 1141 1178 Matte,
1161 1129 1258 1170 tibi.

746 1351 811 1381 AD
848 1351 1005 1381 MlLON
1019 1351 1095 1380 ΕΜ.

196 1431 396 1480 THURA,
421 1431 560 1484 piper,
581 1433 748 1479 vestes,
771 1435 1013 1482 argentum,
1036 1429 1189 1482 pallia,
1212 1442 1421 1481 gemmas,

256 1498 472 1548 Vendere,
495 1498 626 1547 Milo,
648 1497 766 1538 soles
785 1511 795 1548 ;
827 1510 929 1538 cum
949 1497 1111 1551 quibus
1134 1503 1274 1537 emtor
1297 1498 1403 1537 abit.

197 1567 408 1619 Conjugis
429 1566 575 1606 utilior
595 1578 719 1606 merx
742 1570 836 1606 est:
870 1578 970 1618 quae
994 1564 1174 1605 vendita
1197 1578 1335 1617 saepe,

256 1634 533 1674 Vendentem
551 1646 774 1685 nunquam
795 1633 968 1680 deserit,
991 1638 1069 1672 aut
1092 1634 1262 1672 minuit.

894 1753 958 1793 X.

199 1858 303 1899 NEC
328 1856 428 1896 volo
449 1868 519 1895 me
538 1853 720 1893 summis
741 1854 918 1893 fortuna
936 1866 1016 1893 nec
1040 1853 1237 1906 applicet
1257 1853 1371 1899 imis,

254 1924 339 1964 Sed
363 1922 550 1963 medium
572 1921 677 1961 vitae
700 1924 912 1974 temperet
934 1920 1009 1961 illa
1031 1919 1223 1971 gradum.

198 1991 374 2032 Invidia
396 1989 617 2037 excelsos,
639 1989 794 2042 inopes
817 1988 979 2042 injuria
1002 1993 1162 2028 vexat:

255 2058 402 2108 Quam
425 2057 532 2098 felix
556 2057 680 2105 vivit,
702 2057 905 2110 quisquis
928 2060 1112 2108 utroque
1134 2057 1278 2097 caret!

871 2325 965 2367 Xl.

738 2430 802 2458 AD
835 2426 1121 2457 SCAEVOLAM.

204 2513 462 2559 SeAEVOLA,
485 2513 530 2550 tu
553 2522 705 2550 coenas
725 2507 842 2562 apud
865 2518 1034 2555 omnes,
1057 2503 1206 2544 nullus
1227 2503 1344 2555 apud
1366 2507 1406 2543 te
1428 2518 1437 2543 2

265 2579 459 2619 Alterius
483 2578 626 2618 siccas
644 2577 819 2631 pocula,
842 2587 970 2615 nemo
991 2578 1080 2614 tua.

201 2646 295 2687 Aut
318 2651 364 2686 tu
384 2645 513 2687 redde
533 2645 670 2695 vices,
694 2647 768 2685 aut
789 2644 937 2684 desine
955 2640 1065 2682 velle
1088 2640 1236 2680 vocari
1259 2653 1267 2679 ε

265 2714 463 2754 Dedecus
483 2717 547 2754 est
570 2725 742 2766 semper
764 2723 947 2760 sumere,
968 2708 1119 2762 nilque
1141 2707 1258 2748 dare.

1541 171 1647 212 1071
