1866 3131
436 208 482 235 M.
519 209 626 237 VAL.
660 209 933 239 MARTIAMS
968 211 1129 240 EPlGR.
1165 212 1254 241 Llss.
1290 212 1341 242 X.

158 289 231 329 logo
249 295 340 320 uoto.
376 290 463 320 Vide
480 291 603 321 Horat.
630 291 741 331 Satyr.
757 294 788 322 3.
815 291 854 322 li-

157 340 218 370 bro
244 344 274 370 2.
304 350 389 371 vers,
421 343 495 371 308.
525 340 613 371 unde
641 342 702 372 boc
735 342 852 383 Epigr.

155 397 325 430 sumptum
345 390 490 421 videtur.

200 443 301 472 Emo.
333 450 444 472 Lxxx.
483 442 592 472 Notat
618 441 672 472 hic
703 443 853 481 Erotem,

154 493 209 532 qui
234 497 350 531 aperte
377 490 491 529 flebat,
510 501 611 532 quum
629 491 765 523 venales
784 493 852 522 the-

152 552 267 572 sauros
280 542 370 572 inani
387 541 572 580 marsupio,
584 540 723 579 frustra,
737 542 852 572 dolen-

152 593 309 632 tibusque
325 592 429 623 oculis
447 596 639 631 spectaret3
668 601 730 622 nec
744 592 849 631 inopi-

152 651 216 680 am,
234 651 296 672 nec
321 640 480 672 affectum
497 641 747 672 dissimularet:
771 651 847 672 cum

151 702 216 732 quo
235 693 317 722 alios
334 701 429 732 aeque
451 695 590 731 egentes
607 701 645 722 ac
662 692 746 722 Eros
763 697 850 730 erat,

150 742 207 772 sed
224 742 373 773 ridentes
388 742 421 772 in
435 742 583 781 speciem
597 746 632 772 et
646 741 847 772 mendicita-

151 797 218 822 tem
237 792 303 822 risu
322 796 487 832 tegentes,
503 791 686 831 componit.

192 846 206 872 l
235 843 346 873 Plorat
379 843 469 881 Eros,
494 841 563 881 ἰγω]
594 841 693 874 Quod
709 851 774 871 non
791 841 846 872 ha-

148 892 219 931 bet,
235 893 325 923 unde
341 893 414 923 haec
438 892 549 922 omnia
565 896 667 930 emat,
683 901 757 931 quae
774 891 846 922 lici-

146 943 211 972 tari
238 942 407 983 gestiebat
432 942 624 972 Mamurra:
652 941 770 981 Epigr.
793 944 846 973 60.

146 992 202 1023 lib.
218 995 249 1023 9.
296 992 453 1032 Myrrhae]
476 993 532 1023 De
550 992 682 1032 poculis
707 993 845 1023 murrhi-

143 1044 207 1081 nis,
222 1043 299 1073 vide
317 1053 392 1083 quae
412 1043 454 1073 ad
471 1043 590 1083 Epigr.
609 1045 680 1073 113.
697 1043 754 1073 lib.
774 1045 823 1074 1-1.

186 1096 205 1124 2
231 1092 371 1133 Citrum]
408 1093 562 1123 Mensam
586 1092 738 1124 citream.
762 1092 842 1133 Epi—

142 1153 283 1183 gramm.
300 1146 352 1174 60.
370 1143 429 1174 lib.
443 1145 474 1173 9.
492 1151 580 1174 vers.
597 1145 649 1172 10.

184 1195 202 1223 3
228 1193 294 1223 Ima
308 1194 438 1234 promit]
460 1192 595 1233 Anglic.
618 1191 711 1225 Junii
738 1192 841 1229 ducit,·

141 1248 249 1273 recte.

180 1295 200 1322 4
227 1292 305 1323 Tota
330 1292 439 1332 Septa,
463 1292 530 1333 8)·ω]
555 1292 679 1324 Omnia
694 1302 768 1334 quae
786 1302 842 1324 ve-

138 1342 229 1373 nalia
253 1347 469 1382 exponuntur
497 1343 529 1373 in
550 1342 687 1383 Septis:
723 1343 840 1383 Epigr.

140 1393 190 1423 14.
204 1391 259 1423 lib.
276 1394 306 1423 2.
322 1401 410 1423 verS.
427 1395 458 1423 5.
475 1396 510 1422 et
529 1391 645 1432 Epigr.
662 1395 715 1423 60.
733 1393 792 1424 lib.
809 1395 841 1423 9.

138 1450 226 1472 vers.
246 1445 276 1472 1.
305 1446 339 1472 et
354 1444 386 1472 2.
435 1441 577 1482 Coiimat]
609 1441 755 1474 Quidam
786 1441 840 1472 hic

138 1492 255 1532 legunt
270 1496 381 1532 coenot,
392 1492 480 1533 quod
496 1493 549 1523 hic
561 1492 753 1523 absurdum.

180 1546 198 1572 5
222 1543 353 1573 Lumine
377 1543 472 1583 sicco]
507 1542 575 1573 Sed
597 1542 715 1580 tacite,
732 1541 838 1572 oculis

138 1602 203 1623 non
222 1592 499 1633 lacrymantibus,
520 1593 645 1633 absque
668 1592 838 1632 lacrymis,

179 1647 199 1675 6
222 1645 391 1684 Lacr-ymas
400 1643 498 1683 ridet]
510 1643 592 1674 Risu
604 1643 685 1674 ficto
699 1643 839 1674 coei‘cet

136 1694 388 1735 dissimulatque
419 1694 599 1734 lacrymas,
630 1703 711 1734 quas
748 1694 838 1725 intus

136 1745 307 1785 concepit.
353 1745 414 1776 Gr.
428 1745 573 1782 γναθμοῖς
583 1745 682 1785 γελᾷν
693 1744 835 1784 ἀλλοτρί-

136 1806 190 1834 οις,
207 1795 239 1825 id
258 1800 324 1833 est,
340 1795 458 1825 alienis
476 1794 593 1825 buccis
609 1794 745 1826 ridere:
770 1804 836 1826 non

138 1855 179 1876 ex
197 1845 328 1884 animo;
353 1845 408 1886 qui
435 1854 481 1876 sc.
510 1855 605 1885 spem
622 1845 716 1876 vultu
734 1845 835 1876 simu-

135 1897 219 1936 lant,
241 1902 276 1926 et
300 1900 459 1936 premunt
483 1896 588 1926 altum
614 1895 716 1927 corde
741 1895 835 1927 dolo-

138 1956 219 1976 rem.

177 1997 282 2027 EP1G.
300 2004 443 2026 Lxxxn.
459 1995 674 2036 Deprecatur
685 1994 831 2026 officium

133 2046 415 2083 anteambulonis‚
432 2045 523 2086 quod
546 2045 594 2076 ait
617 2045 679 2076 sibi
697 2055 831 2086 nocere,

132 2098 238 2128 amico
255 2097 300 2127 nil
317 2095 489 2137 prodesse.

176 2150 191 2178 1
218 2147 255 2178 Si
283 2148 355 2187 quid
381 2149 499 2186 nostra,
522 2146 592 2187 ἔξω]
628 2146 662 2177 si
684 2146 738 2177 cui
767 2146 829 2177 tibi

133 2197 206 2226 usui
223 2202 258 2227 et
274 2197 500 2227 emolumento
520 2206 592 2227 esse
610 2196 740 2236 possint
756 2194 828 2227 offi-

131 2247 184 2278 cia
202 2257 221 2277 a
237 2256 288 2277 me
305 2247 444 2287 cliente,
458 2248 513 2278 cui
529 2247 735 2278 submolesta
753 2247 828 2279 haec

131 2298 286 2328 servitus.

173 2351 192 2378 2
220 2347 424 2387 Togatusero]
447 2347 628 2379 Officiosus
641 2349 757 2388 cliens,
769 2349 827 2389 qui

133 2403 311 2437 patronum
342 2403 475 2438 togatus
502 2398 693 2430 comitatur.
748 2399 827 2438 Alii,

135 2451 260 2486 togatus
277 2458 321 2478 eo.

173 2500 191 2527 3
210 2496 455 2538 Stridentesque]
469 2498 550 2530 Juv.
564 2497 636 2528 Sat.
653 2501 682 2529 5.
700 2501 809 2530 vs.75.

172 2550 192 2578 6
219 2548 428 2587 Ingenuasque
453 2547 570 2587 cruces]
609 2547 649 2578 Id
671 2553 736 2587 est,
759 2554 825 2579 tor-

130 2602 242 2628 menta
258 2598 557 2637 ingenuorum‚seu
569 2598 748 2629 liberorum
766 2599 823 2630 ho-

129 2647 265 2678 minum.
310 2647 364 2678 Sic
381 2647 530 2687 appellat
553 2645 663 2678 officia
687 2653 722 2678 et
746 2658 823 2680 con-

130 2698 352 2736 cursationes,
376 2706 449 2737 quae
474 2696 571 2727 liberi
600 2697 750 2729 homines
775 2703 823 2728 te-

129 2747 261 2779 nuiores
299 2746 567 2787 opulentioribus
604 2748 823 2787 praestabant.

1493 204 1603 246 1381

907 292 1090 323 Gronovius.
1136 294 1347 336 Ingenuasque
1357 296 1474 337 cruces]
1495 297 1606 329 Servi-

904 342 950 372 lia
973 341 1094 382 officia,
1110 354 1183 384 quae
1200 355 1265 376 non
1283 356 1380 388 aequo
1399 347 1511 378 animo
1536 348 1604 380 fert

905 401 1085 431 ingenuus.

944 444 963 472 8
989 443 1084 483 Mihi,
1099 444 1203 484 Galle,
1214 448 1335 488 nocent]
1349 447 1407 480 Sic
1420 448 1536 490 Epigr.
1548 453 1602 481 71.

901 492 958 523 lib.
978 497 1005 524 l.
1020 503 1108 525 verS.
1126 498 1176 525 17.

943 543 1049 574 Eme.
1063 552 1225 576 Lxxxnt.
1238 546 1378 579 Calvum
1393 548 1514 580 irridet
1527 549 1602 580 Ma-

900 593 1022 632 rinum,
1038 599 1074 625 ut
1092 595 1114 626 l.
1131 599 1161 626 5.
1180 595 1299 636 Epigr.
1316 600 1370 629 49.
1386 598 1587 631 Labienum.

944 646 959 673 l
987 644 1087 674 Raros
1102 644 1236 684 colligis]
1261 646 1380 677 Comas
1396 657 1415 677 a
1430 646 1545 679 fronte
1563 654 1599 680 et

900 694 1111 733 temporibus
1135 695 1297 736 utrinque
1322 697 1450 737 rejicis,
1475 704 1510 730 et
1534 699 1600 730 dis-

898 744 996 783 ponis
1014 745 1054 774 ad
1072 744 1250 784 tegendam
1267 746 1413 777 calvam.

941 796 959 823 :2
985 794 1227 835 Can111unz,l5c.]
1245 796 1504 838 Calvam,quam
1519 798 1599 838 Epi-

898 849 1087 882 grammate
1103 846 1156 875 49.
1184 844 1241 875 lib.
1259 849 1290 876 5.
1306 855 1392 877 vers.
1405 849 1436 878 7.
1465 847 1599 879 dixerat

896 895 905 909 ⁴
920 893 1056 925 aream!

937 945 956 973 4
982 943 1136 983 Redeunt,
1151 943 1218 984 ᾃω]
1240 944 1280 975 ln
1302 955 1398 977 suum
1413 947 1523 978 locum
1539 948 1597 980 de-

894 991 1016 1024 fluunt.

936 1046 953 1073 5
991 1043 1232 1083 Reddunturque
1254 1044 1331 1085 sibi]
1375 1044 1474 1076 Idem
1503 1047 1592 1087 quod

894 1097 972 1123 ante
987 1092 1086 1132 dixit,
1107 1095 1115 1110 ‘
1131 1093 1302 1125 redeunt.’

935 1146 956 1173 6
981 1143 1084 1173 Cirris
1107 1144 1293 1185 grandibus]
1330 1145 1429 1186 Cirri,
1456 1147 1595 1186 capilla-

891 1196 1007 1222 menta
1025 1193 1163 1224 velutin
1180 1193 1481 1236 nodum‘collecta,
1495 1197 1592 1238 Belg.

892 1243 946 1273 Ha
951 1253 1000 1284 yr-
1007 1244 1099 1274 tocke.

933 1297 953 1325 7
978 1295 1068 1325 Inter
1081 1293 1345 1336 Spendophorum,
1360 1298 1431 1338 ξω]
1452 1298 1508 1330 Ita
1523 1302 1591 1331 cal-

891 1353 932 1374 va
949 1348 1008 1375 tua
1035 1344 1196 1385 utrinque
1221 1345 1345 1377 cirrata
1362 1347 1499 1380 videtur
1515 1359 1589 1382 esse

890 1399 996 1434 caput
1011 1394 1097 1425 calvi
1114 1394 1343 1435 Hermerotae,
1367 1396 1457 1429 inter
1473 1400 1590 1440 capita

890 1443 1017 1474 cirrata
1045 1443 1186 1474 duorum
1224 1455 1405 1485 puerorum
1437 1448 1589 1489 Spendo-

890 1493 986 1534 phori
1015 1497 1050 1524 et
1078 1493 1288 1534 Telesphori.
1338 1496 1426 1528 Vide
1456 1500 1586 1530 calvam

889 1543 1044 1583 Labieni,
1058 1543 1175 1584 Epigr.
1187 1547 1240 1575 49.
1258 1545 1315 1576 lib.
1332 1549 1364 1577 5.

931 1596 950 1624 8
975 1594 1071 1633 Cydae
1099 1596 1183 1624 sture
1200 1594 1338 1634 putabis,
1363 1596 1433 1636 ἔξω]
1479 1598 1584 1639 Cydae

887 1643 1002 1673 nescio
1029 1643 1122 1684 cnjus
1147 1642 1246 1683 filius,
1279 1644 1498 1679 Hermerotes
1532 1651 1583 1681 vel

886 1693 1129 1733 Telesphorus.
1154 1693 1290 1726 Farnah.
1339 1696 1429 1728 Quid
1446 1698 1473 1728 si
1491 1699 1584 1739 legas

887 1753 961 1773 cum
976 1742 1140 1780 Heraldo‚
1164 1743 1218 1774 Sic
1233 1745 1358 1776 adstare
1378 1747 1516 1788 putabis,
1529 1752 1583 1789 &a

888 1793 932 1824 Et
947 1793 1102 1833 sequenti
1119 1803 1231 1833 versu,
1262 1795 1317 1826 Vis
1332 1799 1367 1826 tu
1391 1797 1584 1838 simplicius?

883 1854 984 1875 senem
1007 1844 1126 1883 fatere.
1171 1846 1396 1887 Respondeo:
1421 1849 1507 1880 male
1531 1849 1582 1880 fe-

882 1896 1000 1926 cerim.
1047 1897 1135 1927 Nam
1159 1897 1255 1938 Cydoe
1282 1898 1484 1930 vocabulum
1513 1911 1581 1932 non

881 1955 956 1977 esse
971 1946 1171 1977 mutandum
1197 1948 1278 1978 satis
1304 1948 1425 1988 probat
1446 1950 1579 1983 Scrive-

879 1996 971 2027 rius:
995 1996 1078 2027 illud
1105 2002 1229 2037 autem,
1247 1997 1294 2028 vis
1318 2001 1354 2029 tu
1371 2000 1485 2037 soteri,
1511 2002 1579 2032 ele-

879 2051 1000 2087 ganter
1014 2046 1143 2077 dictum
1169 2046 1379 2078 ostendimus
1407 2049 1449 2080 ad
1475 2051 1581 2082 Sene-

879 2105 954 2127 cam
971 2095 1013 2126 de
1027 2096 1084 2127 Ira
1100 2099 1130 2127 3.
1142 2098 1194 2127 38.
1213 2100 1247 2127 et
1257 2097 1402 2137 Epistol.
1414 2102 1467 2130 58.
1495 2102 1576 2131 Gro-

877 2146 994 2177 novius.

921 2198 961 2227 12
980 2195 1123 2235 Comata]
1139 2195 1319 2229 Calvitiem
1329 2198 1575 2241 dissimulante,

877 2251 916 2278 ut
931 2251 1083 2277 comatus
1097 2246 1266 2280 videatur.

921 2298 1025 2329 EPIG.
1043 2305 1198 2328 Lxxxxv.
1222 2300 1242 2328 2
1274 2298 1357 2337 Qua,
1389 2299 1574 2340 Coeditiane,

875 2347 976 2388 vides]
999 2347 1109 2380 Quam
1132 2347 1247 2378 vetula
1278 2352 1315 2378 et
1341 2347 1486 2380 deformi
1514 2360 1575 2381 ux-

877 2408 948 2429 ore.

920 2448 1026 2478 Epm.
1046 2454 1187 2476 LXXXV.
1223 2446 1369 2486 Elegans
1393 2452 1428 2478 et
1453 2456 1572 2478 venus-

876 2502 946 2528 tum
971 2496 1189 2536 Epigramma
1212 2495 1253 2525 ab
1277 2501 1404 2527 eventu
1427 2502 1572 2535 natum;

875 2556 977 2588 quum
991 2546 1146 2576 demersa
1160 2554 1247 2576 nave
1259 2551 1414 2577 servatus
1427 2551 1481 2578 est
1494 2556 1572 2578 nau-

875 2602 923 2635 ta,
939 2596 995 2637 qui
1013 2596 1104 2625 salva
1120 2595 1289 2635 periisset.

916 2649 935 2677 2
960 2646 1113 2676 Proxima
1139 2645 1271 2685 dilectis,
1294 2645 1362 2687 Alsa]
1386 2646 1492 2678 Juxta
1516 2647 1568 2678 Ti-

873 2696 993 2735 berim,
1028 2695 1093 2726 sibi
1124 2701 1294 2727 assuetum
1326 2695 1570 2738 dilectumque,

875 2755 930 2776 rus
947 2745 1039 2776 emit.
