1866 3131
429 186 478 215 M.
510 187 621 218 VAL.
655 187 930 217 MARTIAMS
968 189 1128 221 EPIGR.
1162 191 1255 221 Lm.
1291 192 1361 221 ΙΙΙ.

167 277 273 320 epigr.
289 282 320 311 4.
336 279 423 312 libro
439 283 711 322 spectaculorum
730 292 815 314 vers.
832 286 861 314 1.

208 332 227 359 6
255 330 452 371 Cunuo,&c.]
478 332 582 372 Cujus
609 332 715 363 vicem
742 338 777 363 et
808 342 861 363 ca-

166 385 227 419 put
258 381 308 411 tui
338 381 558 422 φοινικίζοντυς
588 383 748 423 supplere
781 382 861 413 hinc

164 432 311 472 suspicio
328 437 391 464 est.

205 482 312 514 Epio.
336 492 479 515 Lxxvn.
502 484 542 514 In
556 482 729 523 Boeticum]
751 484 860 516 Baeti-

163 543 238 564 cum
267 534 328 566 boc
354 535 428 566 loco
458 540 551 566 tecte
575 545 615 566 eo
641 535 723 566 vitio
749 541 859 575 notat,

162 584 251 624 quod
281 585 391 626 epigr.
413 588 466 616 Sl.
491 585 714 625 describitur;
736 591 772 617 et
798 587 858 618 du—

160 635 250 666 citur
280 636 341 667 liae
367 637 578 677 conjectura,
606 637 695 678 quod
722 638 860 676 putrida

161 696 305 727 qumque
321 692 475 728 appetat,
501 687 722 729 fastidIatque
753 688 858 720 bonos

160 736 264 768 cibos.
311 738 437 769 Primis
454 744 600 779 quatuor
613 739 766 770 versibus
779 749 858 770 enu-

158 791 268 818 merat
288 788 438 827 pretiosa
453 788 580 829 edulia,
603 799 622 820 a
637 790 758 831 quibus
783 790 859 822 Bae-

158 836 242 867 ticus
269 838 493 878 abhorrebat3
517 845 662 881 quatuor
688 841 859 882 sequeuti-

159 885 234 925 bus,
263 888 423 920 vilissima
459 899 602 931 quaeque
637 894 674 921 ct
707 890 858 931 putrida.

161 936 314 969 Ramires.

202 990 220 1016 3
245 988 346 1019 ,δἐι-ια’
376 991 494 1030 quadra
516 991 681 1031 placentae]
705 990 747 1022 In
779 1001 859 1034 qua-

156 1038 254 1070 drata
269 1040 379 1073 frusta
395 1043 601 1074 secabantur
626 1044 797 1084 placentae
821 1048 857 1075 et

156 1088 313 1131 quodque
329 1100 445 1123 eorum
463 1094 593 1134 quadra
612 1094 803 1134 dicebatur,
819 1100 857 1126 ut

153 1139 227 1179 ipsa
244 1141 347 1174 verba
362 1142 558 1176 declarant:
576 1146 584 1162 ⁶
598 1145 736 1177 Quadra
752 1149 856 1177 seetae

155 1190 351 1230 placentae?
374 1193 429 1224 Sic
445 1194 555 1234 epigr.
572 1198 625 1226 92.
640 1195 661 1225 Ι.
677 1198 708 1225 9.
733 1195 857 1226 ‘Secta

157 1241 304 1281 plurima
339 1243 468 1284 quadra
505 1244 548 1275 de
586 1244 769 1285 placenta.’
810 1245 856 1276 Et

153 1292 262 1333 epigr.
274 1296 326 1325 75.
341 1294 363 1325 l.
377 1297 409 1326 ὃ.
424 1303 511 1325 vers.
528 1298 557 1325 l.

193 1345 212 1373 4
242 1344 304 1374 Nec
320 1344 391 1383 tibi,
406 1344 476 1385 ἔξω]
501 1345 576 1375 Nec
594 1344 655 1376 tibi
672 1345 764 1386 sapit
781 1347 853 1377 avis

155 1392 350 1434 Numidica,
361 1404 424 1426 nec
435 1396 623 1434 Phasiana3
634 1405 736 1437 supra
744 1397 852 1438 epigr.

154 1446 206 1473 58.
221 1453 308 1475 vers.
329 1447 381 1476 16.

196 1497 214 1523 5
238 1494 332 1526 Λὶεεε
360 1497 520 1537 natantes]
546 1497 748 1540 Liquamine
765 1499 851 1531 salso

153 1552 195 1573 ex
213 1544 320 1577 aleco.

193 1596 213 1623 6
238 1594 432 1637 Βαὺίο,ᾃ·ε.]
453 1598 678 1639 SemiputidO.

195 1647 214 1674 7
251 1646 366 1677 Gerros
404 1651 434 1677 et
473 1649 567 1688 pelle]
618 1650 756 1681 Minuta
787 1651 852 1681 sal-

152 1701 305 1726 samenta
318 1706 336 1727 e
349 1698 555 1729 locustarum
570 1709 706 1739 genere,
716 1701 848 1731 Plinius

151 1756 227 1788 cap.
250 1749 311 1779 ult.
327 1749 348 1780 l.
366 1752 418 1782 32.
434 1749 512 1781 vide
534 1755 569 1781 et
585 1752 730 1783 Tui-neb.
750 1753 770 1784 l.
795 1756 847 1784 24.

151 1807 180 1828 e.
210 1800 262 1829 46.
297 1799 482 1840 Illelandrya
507 1801 597 1840 canit]
620 1801 705 1832 Pars
731 1801 848 1842 thynni

150 1848 321 1881 vilissima.
365 1849 456 1882 Plin.
471 1850 493 1880 l.
507 1853 537 1880 9.
553 1861 582 1881 c.
602 1854 652 1881 15.
667 1851 726 1882 sed
741 1852 847 1883 Athe-

149 1908 224 1930 naeo
239 1900 445 1931 salsamenta
467 1909 508 1931 ex
534 1901 667 1941 thynnis
692 1902 846 1933 maximis

148 1949 171 1981 1.
187 1952 218 1981 3.
235 1959 265 1980 c.
281 1953 336 1982 33.

192 2004 211 2031 8
235 2001 384 2032 Resinata
395 2001 474 2033 bibis
487 2003 569 2042 vina,
586 2003 653 2043 ἔγω]
677 2003 846 2045 Corrupta

148 2056 184 2082 et
197 2051 323 2083 olentia
339 2053 449 2093 picem
462 2054 558 2085 vasis.
574 2053 663 2085 Plin.
676 2055 699 2084 l.
712 2057 764 2086 23.
774 2064 803 2085 c.
816 2058 845 2086 1.

189 2104 210 2132 9
252 2102 372 2134 Vitium
401 2104 548 2135 secretius
579 2104 656 2144 esse]
693 2105 846 2145 Legendi

148 2151 281 2183 scilicet
292 2153 345 2183 vel
361 2151 511 2185 fellaudi.

191 2204 232 2232 10
254 2202 456 2243 Saprofagis]
484 2206 711 2246 Σαπροφαγεῖς,
739 2205 846 2245 putri-

150 2253 193 2284 da
209 2253 303 2284 edis?
327 2263 368 2285 ex
382 2253 508 2295 σαπρὸς,
517 2256 674 2296 putridus,
689 2261 724 2287 et
741 2254 844 2296 φάγω,

146 2306 213 2336 edo.

191 2357 298 2387 Eme.
317 2358 534 2389 Lxxv111.Ad
546 2357 743 2398 Paullinum]
761 2357 846 2389 Poe-

147 2412 181 2438 ta
207 2407 259 2438 hic
287 2408 458 2447 respicere
484 2408 618 2439 videtur
644 2409 685 2439 ad
712 2409 844 2449 lapsum

147 2458 314 2497 Palinuri,
341 2458 597 2500 periculumque
628 2469 690 2500 par
716 2460 843 2491 instare

147 2508 233 2539 dicit
263 2508 432 2548 Paullino,
470 2508 499 2539 si
528 2515 687 2541 currente
717 2511 844 2550 carina,

145 2568 335 2600 magnoque
363 2559 492 2599 impetu
526 2565 658 2599 ruente,
689 2561 772 2591 velit
809 2561 842 2592 in

146 2611 271 2641 undam
297 2619 482 2640 exonerare
498 2610 660 2650 vesicam,
673 2620 716 2640 ne
731 2610 843 2641 subita

146 2662 177 2691 vi
203 2661 315 2702 aliqua
338 2660 542 2692 excutiatur.
569 2661 650 2692 Rad.
695 2660 765 2691 Per
785 2661 839 2701 jo-

147 2721 223 2742 cum
246 2712 412 2743 ominatur
427 2710 587 2753 futurum,
610 2717 658 2753 ut,
675 2713 730 2755 qui
748 2712 838 2753 prius

1510 183 1617 225 1187

912 283 1026 323 lapsus
1044 283 1167 325 suerat,
1184 287 1432 330 submergatur,
1448 289 1474 319 si
1492 290 1614 322 iterum

911 333 1081 373 minxerit,
1096 340 1197 376 atque
1214 347 1255 368 ex
1273 338 1428 369 Paullino
1444 338 1504 371 fiat
1522 340 1614 372 Pali-

910 393 1012 414 nurus
1026 385 1130 416 alter:
1146 387 1202 427 qui
1215 387 1328 419 AEueae
1342 389 1435 420 navis
1448 390 1614 430 guberna·

911 440 976 473 tor,
993 439 1094 466 notus
1115 445 1158 466 ex
1184 440 1214 467 5.
1233 437 1363 470 AEneid.
1381 439 1476 480 Virg.
1510 442 1615 474 Ludit

910 489 1024 516 autem
1051 486 1084 516 in
1111 487 1257 526 nomine,
1286 488 1376 529 quod
1406 489 1547 522 deducit
1571 500 1613 522 ex

908 534 1003 566 πάλιν
1032 545 1153 566 rursum
1180 542 1214 568 et
1241 537 1339 578 οὐρεῖν
1367 540 1487 578 ηιεῄενε.
1527 542 1611 573 Tur-

909 586 986 617 neb.
1002 587 1069 617 Li.
1083 596 1113 618 c.
1132 590 1184 619 19.

951 638 1059 668 Eme.
1099 646 1225 668 Lxxix.
1255 640 1276 669 2
1314 639 1484 681 Persic-erc]
1521 642 1609 675 Vide

909 688 1016 729 epigr.
1030 691 1083 720 47.
1097 690 1120 720 l.
1135 692 1164 721 1.

952 741 1056 772 Eme.
1084 748 1224 773 Lxxxu.
1247 741 1286 771 In
1306 741 1444 783 Zoilum]
1470 743 1606 776 Descri-

908 790 1000 821 bitur
1019 791 1081 822 hoc
1094 791 1337 832 epigrammate
1353 793 1450 824 bomo
1463 796 1610 835 superbe

908 841 1029 880 mollis,
1053 850 1092 872 ac
1117 841 1247 873 divitiis
1272 843 1450 883 insultans,
1477 847 1610 886 qualem

907 891 1166 922 Trimalcionem
1188 902 1283 923 suum
1306 892 1471 926 describit
1486 895 1608 928 Petro-

908 942 996 973 nius.
1041 941 1227 982 Imaginem
1253 942 1325 974 fere
1341 943 1483 976 similem
1503 946 1608 977 habes

908 992 999 1032 apud
1027 992 1229 1024 Athenaeum
1258 993 1320 1024 lib.
1346 1003 1397 1026 Vl.
1422 994 1456 1025 in
1486 995 1608 1036 Paphii

907 1042 994 1082 regis
1011 1041 1258 1074 adolescentuli
1276 1043 1515 1084 descriptione.
1539 1047 1609 1078 Ho-

908 1102 980 1123 rum
996 1093 1164 1124 hominum
1181 1094 1283 1125 vitam
1296 1095 1387 1135 ὑγρὸν
1401 1095 1469 1131 βίον
1480 1107 1497 1128 a
1511 1098 1608 1130 Grae·

906 1143 955 1173 cis
970 1153 1043 1174 esse
1060 1145 1267 1185 appellatam
1286 1145 1386 1178 docet
1408 1147 1527 1179 eodem
1549 1150 1607 1181 lib.

906 1193 1106 1226 Athenaeus.
1129 1195 1263 1228 Her-ald.

948 1246 967 1274 2
1006 1244 1262 1285 Summoenianus,
1288 1246 1358 1287 ὅπη]
1394 1248 1607 1290 Prostibula,

905 1295 1123 1334 meretrices3
1148 1305 1203 1336 ep.
1221 1299 1273 1327 35.
1290 1297 1311 1328 l.
1328 1300 1357 1327 1.
1375 1307 1460 1329 verS.
1479 1302 1509 1330 3.
1535 1301 1606 1342 Ap-

904 1345 1008 1384 pellat
1035 1350 1148 1377 autem
1175 1347 1338 1387 irrisorie,
1363 1349 1372 1365 ‘
1390 1350 1539 1389 uxores3’
1568 1356 1605 1383 ut

903 1394 1008 1434 epigr.
1031 1397 1082 1426 32.
1098 1397 1121 1427 l.
1140 1399 1192 1428 12.
1235 1397 1244 1414 ‘
1259 1397 1520 1432 Summoeniauae
1539 1412 1605 1443 qua

903 1444 1052 1485 pilantur
1068 1455 1190 1477 uxores
1201 1447 1222 1477 {⁶¹

946 1499 964 1527 3
991 1497 1147 1537 Curtaque
1172 1497 1280 1539 Leuce]
1315 1499 1412 1540 Epig.
1441 1504 1495 1532 93.
1527 1502 1549 1534 l.
1576 1506 1605 1535 1.

903 1556 992 1578 vers.
1023 1549 1056 1578 3.
1090 1548 1218 1579 Sobrius
1251 1549 1334 1580 bibat
1369 1551 1466 1590 testa]
1502 1552 1603 1584 Quod

904 1597 1040 1637 majoris
1088 1603 1142 1628 est
1178 1599 1399 1639 turpitudinis
1437 1612 1536 1642 quam
1576 1604 1603 1634 si

901 1647 1016 1678 ebrius
1031 1647 1175 1680 faceret.

942 1701 961 1728 4
987 1698 1058 1729 Hoc
1071 1709 1134 1729 esse
1145 1699 1251 1736 lez-ius,
1263 1700 1332 1741 iffa]
1356 1702 1499 1734 Coenare
1512 1705 1602 1745 apud

899 1750 1156 1781 summoenianas
1172 1752 1281 1792 lupas,

942 1806 960 1833 5
987 1803 1157 1843 Occupato]
1181 1805 1291 1837 Quem
1315 1805 1388 1846 ipse
1410 1806 1476 1846 jam
1502 1818 1599 1841 occu-

899 1857 1011 1891 parat,
1029 1858 1209 1893 autequam
1226 1855 1344 1885 coeteri
1361 1856 1518 1889 sederent
1533 1871 1542 1897 ;
1561 1861 1599 1891 iis

898 1902 999 1932 etiam
1017 1903 1074 1943 qui
1090 1903 1239 1934 noudum
1266 1911 1444 1945 venerant,
1460 1918 1526 1939 uon
1543 1920 1600 1941 ex-

896 1952 1075 1992 spectatis.
1123 1952 1325 1994 Galbimttus,
1339 1956 1411 1996 ᾇτ’]
1434 1958 1551 1999 Epigr.
1568 1963 1599 1991 7.

897 2001 919 2034 l.
939 2005 969 2032 1.
987 2012 1076 2033 vers.
1094 2003 1146 2034 97.
1172 2003 1483 2039 Galbinisindntus.

939 2056 960 2083 6
985 2053 1107 2084 Cubitis
1120 2055 1232 2096 trudit,
1248 2058 1318 2099 ὅςα]
1340 2057 1381 2089 In
1393 2059 1505 2091 medio
1519 2061 1598 2092 lecti

896 2103 968 2134 loco
986 2105 1129 2144 positus,
1145 2110 1182 2136 ut
1197 2107 1305 2138 laxius
1321 2109 1548 2147 recumberet,
1564 2116 1599 2142 et

897 2164 938 2184 ne
955 2159 1067 2185 vestes
1082 2155 1366 2190 disturbarentur.

939 2210 958 2236 8
981 2205 1068 2246 Stat]
1092 2207 1244 2248 Signate.
1270 2209 1416 2241 Ministri
1443 2215 1478 2241 et
1495 2211 1601 2251 pocil-

897 2257 1033 2295 latores,
1065 2257 1190 2288 ‘stare’
1213 2257 1385 2291 dicuntur.
1429 2261 1513 2291 Tum
1542 2272 1598 2301 po-

896 2308 1066 2338 cillatorcs
1087 2307 1256 2348 exquisita
1281 2308 1389 2340 forma
1418 2312 1599 2350 conquire-

897 2357 990 2397 bant,
1004 2362 1041 2388 nt
1057 2362 1186 2388 notum.
1237 2359 1400 2399 Exvletus]
1423 2360 1597 2400 Minister,

897 2417 982 2448 puer
1027 2408 1120 2448 path.
1190 2408 1399 2449 Suggeritque
1439 2412 1595 2452 ructanti]

895 2458 1015 2489 Pinnis
1057 2458 1105 2488 ori
1137 2458 1253 2489 inditis
1296 2460 1505 2491 stomachum
1542 2472 1594 2492 re-

895 2510 1022 2549 pletum
1038 2518 1225 2549 provocare
1249 2509 1292 2540 ad
1321 2510 1484 2541 vomitum
1510 2512 1594 2542 sole-

894 2560 1022 2591 bautlii
1039 2560 1191 2599 gulones,
1204 2560 1344 2591 Sueton.
1362 2560 1480 2592 Claud.
1498 2571 1527 2592 c.
1539 2564 1591 2594 33.

935 2613 955 2641 9
980 2609 1150 2649 Habentes]
1182 2609 1436 2651 Phoenicopteri
1465 2621 1590 2651 pennas

891 2661 925 2692 in
937 2661 1000 2691 hoc
1013 2660 1185 2701 negotium
1203 2660 1395 2691 adhibuisse
1412 2662 1559 2694 videtur.

934 2714 972 2741 ll
998 2710 1143 2750 Prasino,
1156 2710 1224 2750 &ej
1250 2711 1367 2742 viridi.
