1866 3131
253 167 363 208 1394

253 277 391 302 secutus
403 272 554 312 glandes.
587 273 644 304 Sic
657 273 783 313 Hylam
795 278 950 303 secutum

251 332 370 353 urnam
387 323 473 354 dixit
487 323 646 355 Juvenal.
672 324 796 363 Satyra
814 326 842 353 l.
864 332 949 353 vers.

249 375 324 402 16⁴1.

289 426 307 452 5
336 423 437 453 Triste
451 432 568 461 nemus,
580 423 649 463 &al
665 423 771 454 Pater
787 423 949 463 Amyntae

246 473 407 504 succisam
424 473 577 504 arborem
594 473 653 504 filii
670 484 749 514 rogo
767 473 950 505 damnavit.

290 526 307 553 7
333 524 485 562 Pingues,
498 524 619 564 Lygde,
632 524 702 564 Era]
718 526 726 541 ‘
739 524 832 554 Felix
848 533 949 564 quem

245 573 380 605 faciunt
391 575 501 605 aliena
514 574 667 613 pericula
677 573 837 605 cautum!
856 573 947 603 Cave

245 628 321 666 tibi,
339 627 472 668 Lygde,
496 637 514 657 a
530 627 628 657 simili
646 636 746 663 casu;
771 635 833 655 nec
850 624 947 654 nimi-

244 689 299 710 um
326 689 432 720 pecus
455 685 491 710 et
508 688 662 719 porcum,
687 678 746 709 sed
772 682 807 708 te
836 676 946 717 ipsum

245 739 338 760 cura.

287 783 306 811 8
329 780 544 810 Annumerare
570 778 677 819 pecus]
702 778 795 816 Non,
811 786 876 818 quo
901 776 947 807 A·

243 834 377 869 myntas
395 829 520 867 studio,
541 830 690 868 saginam
709 837 904 868 properare.

286 880 393 910 Erro.
410 889 498 910 xui.
516 880 700 919 Egregium
713 879 858 909 Carmen
873 878 946 908 sine

242 931 380 971 egregio
396 935 596 969 argumento
614 930 685 960 fieri
703 939 800 969 posse
815 933 930 968 negat.

285 983 301 1010 l
332 980 457 1019 Vivida]
481 981 645 1018 Illustria‚
663 979 820 1020 insignia.
856 980 944 1010 Illor-

240 1033 295 1060 tua
322 1030 426 1070 ponis]
465 1031 566 1070 Vilia,
604 1030 753 1068 humilia,
783 1029 942 1069 abjecta:

240 1081 308 1117 vel,
326 1081 366 1111 de
381 1081 536 1119 mortuis,
549 1082 646 1121 quale
664 1080 729 1110 fuit
747 1079 943 1120 praeceden-

241 1132 284 1163 tis
304 1132 422 1171 Epigr.
440 1131 483 1162 de
502 1131 650 1172 Amynta
666 1135 914 1170 argumentum.

281 1184 301 1212 2
332 1182 504 1222 Lemmata,
519 1182 588 1222 ζει]
613 1181 788 1222 Epigram.
811 1183 862 1211 59.
885 1180 942 1212 lib.

243 1234 295 1262 10.
315 1240 402 1261 vers.
421 1235 449 1262 1.

209 1317 211 1319 ¹
281 1284 299 1311 3
326 1281 531 1320 MeHajubae,
542 1281 608 1321 ssa]
631 1282 754 1322 Neque
769 1282 855 1312 enim
870 1281 942 1312 dul-

238 1331 292 1360 cia
309 1331 423 1368 mella,
448 1331 559 1371 qualia
577 1341 617 1360 ex
644 1331 760 1370 thymo
784 1331 941 1371 Hymetti

239 1382 349 1413 Attici
362 1388 420 1413 aut
440 1383 563 1422 Hyblae
579 1383 701 1413 Siculae
718 1382 816 1421 fiunt,
829 1387 942 1422 potest

237 1432 312 1471 apis
327 1432 397 1473 (vel
414 1431 559 1472 optima)
575 1432 742 1463 conficere
758 1442 800 1463 ex
817 1432 938 1464 amaris

237 1481 385 1513 Corsicae
402 1482 489 1513 taxis
504 1493 512 1513 ε
537 1483 583 1513 ita
599 1492 676 1521 nec,
692 1485 755 1514 διο.

280 1533 387 1563 Epio.
403 1541 501 1563 xmv.
531 1533 652 1563 Monet
676 1542 787 1571 senes,
811 1537 849 1563 ut
875 1533 938 1563 sibi

237 1587 384 1614 caveant
412 1593 431 1614 a
456 1583 691 1623 captatoribus
720 1588 937 1614 testamento-

234 1643 304 1663 rum
321 1638 355 1664 et
373 1633 459 1664 fictis
477 1634 606 1664 amicis.

277 1687 293 1713 1
319 1684 434 1723 Bruto,
450 1684 516 1724 ἐγὼ]
538 1685 664 1715 Senex.
690 1685 937 1725 Hyperbolice.

277 1736 297 1764 4
321 1735 459 1764 Illortem
475 1735 594 1773 diligit,
609 1735 679 1774 gc]
706 1736 873 1775 Captator
885 1740 938 1766 est

237 1789 271 1814 et
288 1784 499 1823 haeredipeta
515 1785 737 1823 adulatorius,
756 1785 869 1816 vultur
887 1795 937 1816 as-

233 1834 359 1871 sidens,
372 1835 427 1874 qui
446 1839 588 1864 mortem
605 1840 695 1865 tuam
713 1835 823 1874 cupit,
839 1835 938 1866 cada·

232 1894 291 1914 ver
304 1889 478 1924 expectat,
503 1886 603 1925 Epig.
617 1888 667 1916 63.
686 1885 744 1916 lib.
758 1888 790 1916 6.
803 1895 890 1915 verS.
903 1889 934 1917 2.

275 1935 380 1965 Emo.
400 1943 534 1966 xnvru.
552 1939 568 1966 1
604 1935 703 1966 Silius
727 1936 791 1966 haec
817 1936 936 1974 magni,

231 1984 298 2023 ἔξω]
329 1984 430 2014 Silius
462 1985 636 2015 Ciceronis
668 1990 770 2025 atque
801 1986 935 2024 Virgilii

235 2033 501 2064 studiosissimus
518 2035 688 2065 imitator:
723 2035 822 2075 liujus
841 2045 934 2066 aram

231 2083 481 2123 religiosissime
514 2085 631 2115 coluit.
679 2085 853 2124 Epigram.
879 2088 932 2115 51.

230 2131 332 2169 infra,
360 2133 448 2163 illius
475 2133 571 2164 villas
597 2134 816 2175 comparavit.
841 2134 932 2165 Plin.

228 2183 286 2213 lib.
303 2186 358 2214 31.
377 2193 451 2223 cap.
470 2187 501 2214 1.

273 2235 291 2263 3
321 2233 497 2274 Tumulz'ite]
523 2233 668 2274 Virgilii.

229 2283 362 2313 ceronis
376 2283 510 2315 aedium.

269 2335 288 2363 4
314 2333 387 2362 Non
402 2334 498 2364 alium
514 2335 631 2372 mallet,
645 2333 715 2374 ᾅ·ε.]
738 2335 822 2365 Erat
840 2334 929 2365 enirn

226 2386 343 2412 orator
366 2387 400 2413 et
417 2383 540 2414 Po'e'ta.
567 2385 742 2424 Epigram.
758 2387 812 2415 62.
829 2385 927 2415 lib.7.

270 2433 377 2464 Eme.
394 2441 497 2464 xL1X.
516 2437 531 2464 l
562 2435 701 2473 Cineres,
717 2435 787 2475 ξω]
819 2435 930 2465 Ceno-

226 2483 379 2521 taphium
409 2488 444 2514 et
474 2485 690 2515 memoriam:
713 2494 822 2526 neque
840 2485 927 2515 enim

226 2531 267 2561 de
285 2532 406 2562 tumuli
424 2533 498 2563 loco
513 2538 660 2565 constat.

269 2584 286 2611 3
315 2582 441 2621 Optatoe
456 2592 646 2620 succurrere,
661 2584 728 2623 ἃς]
763 2583 845 2625 Alii,
860 2585 926 2616 An-

225 2630 297 2659 dino
322 2633 447 2661 tandem
472 2633 622 2662 succurrit
654 2634 764 2671 agello.
810 2634 926 2665 Andes

225 2684 337 2709 autem
365 2681 457 2711 vicus
490 2691 555 2712 non
588 2684 705 2722 procul
733 2693 753 2714 a
783 2685 927 2716 Mantua

224 2727 357 2767 Virgilii
375 2730 497 2768 patria=

716 2234 860 2275 Larisve]
878 2234 931 2266 Ci-

707 177 847 207 NOTAE
882 177 1147 208 vARfflRt'M
1183 179 1233 208 IN

1044 274 1062 302 4
1090 271 1345 312 Etvz1ter›z,ssc.]
1378 272 1472 312 Lips.
1500 273 1521 305 l.
1538 277 1567 305 1.
1593 275 1702 315 Epist.

1002 327 1030 352 5.
1055 323 1185 354 Quaest.
1218 323 1302 362 legit
1331 326 1360 353 et
1384 327 1496 362 vatem,
1521 333 1579 354 non
1606 325 1705 355 minor

1001 374 1065 412 ipse
1080 372 1151 402 colit
1162 382 1172 401 .·
1197 371 1230 401 id
1244 377 1306 410 est,
1322 373 1423 404 Silius
1438 373 1543 405 Poeta
1556 374 1703 408 Virgilio

1001 432 1067 453 non
1097 421 1236 452 inferior
1267 423 1348 453 colit
1374 424 1569 462 Virgilium.
1613 424 1704 455 Vide

1003 473 1119 511 Epigr.
1137 474 1187 502 14.
1220 472 1307 502 libro
1323 475 1354 503 4.
1384 482 1484 504 versu
1502 476 1553 504 13.
1570 478 1607 504 et
1623 473 1703 514 Epi-

1001 531 1154 562 gramma
1170 525 1224 553 49.
1243 532 1357 562 supra.
1381 522 1425 554 G.
1450 523 1612 554 Barthius
1625 528 1701 555 oeta-

1000 576 1060 603 tem
1075 574 1169 613 legit,
1185 573 1241 604 lib.
1259 576 1288 604 1.
1306 583 1381 614 cap.
1399 577 1430 605 4.

1042 624 1149 655 EPIG.
1169 633 1199 656 1..
1224 627 1239 655 1
1257 624 1440 665 furentem]
1468 624 1594 656 Amore
1611 626 1672 657 tui.

1042 678 1060 705 3
1084 675 1207 714 Plorat,
1222 675 1290 715 Sym]
1317 676 1485 717 Lacrymis
1501 676 1604 707 fictis.
1640 677 1703 708 Re-

999 726 1086 766 licto]
1108 725 1254 764 Amisso,
1270 727 1323 757 vel
1336 726 1513 766 diminuto,
1527 727 1704 765 atu-nove,

998 775 1199 815 ἆπολυμένῳ;
1225 777 1260 807 id
1277 782 1342 815 est,
1354 777 1513 807 simulans
1529 778 1701 816 relictum,

998 836 1064 867 quo
1082 835 1134 856 me
1149 827 1260 866 pretio
1275 826 1348 866 ejus
1364 832 1537 866 emungat.

1040 879 1059 906 4
1089 877 1231 915 Gemma,
1243 876 1312 916 fisa]
1330 875 1485 907 Annulns
1501 877 1552 907 cui
1567 886 1701 916 gemma

998 927 1196 958 includitur.
1259 927 1353 957 Cadit
1378 937 1451 957 aure
1481 926 1575 966 Iapis]
1614 927 1700 958 Haec

998 987 1051 1008 ars
1079 983 1197 1008 notata
1227 978 1328 1008 etiam
1356 978 1522 1017 Magistro
1550 977 1699 1008 Amandi

996 1027 1054 1059 lib.
1083 1031 1111 1059 1.
1136 1027 1250 1060 ‘Quid
1283 1037 1358 1058 cum
1390 1028 1546 1058 mendaci
1576 1028 1699 1058 damno

996 1077 1208 1107 moestissima
1225 1077 1363 1117 plorat?
1389 1077 1600 1118 Elapsusque
1613 1087 1699 1108 cava

996 1126 1135 1167 fingitur
1157 1137 1237 1158 aure
1265 1127 1354 1168 lapis
1376 1127 1400 1157 ?⁷
1453 1127 1566 1168 Lapis]
1594 1129 1699 1159 Eleu-

996 1179 1089 1210 chus.

1037 1233 1054 1259 5
1082 1230 1174 1260 Nunc
1193 1231 1321 1268 furtiva
1345 1230 1438 1269 lucri]
1462 1231 1540 1261 Non
1568 1231 1700 1271 placet,

995 1279 1085 1320 quod
1098 1280 1370 1321 interpretibus:
1394 1290 1472 1310 nam
1493 1280 1697 1321 bombycina

993 1330 1105 1370 (puta,
1127 1341 1201 1371 quae
1229 1341 1350 1362 revera
1375 1331 1528 1371 possedit
1553 1330 1697 1372 dudum)

993 1380 1091 1420 fingit
1107 1381 1241 1412 aliunde
1259 1391 1279 1411 a
1301 1380 1374 1412 fure
1391 1386 1489 1421 rapta
1505 1381 1695 1412 clanculum

995 1439 1099 1470 parvo
1127 1431 1238 1471 pretio
1266 1431 1330 1462 sibi
1347 1430 1472 1461 deferri
1491 1432 1632 1471 venalia,
1659 1438 1695 1463 et

993 1485 1080 1519 orat,
1096 1490 1138 1512 ne
1154 1490 1243 1511 nunc
1267 1481 1385 1522 utique
1403 1491 1438 1512 se
1459 1481 1642 1513 destituam
1660 1483 1694 1513 in

992 1531 1141 1561 emtione
1170 1536 1238 1561 tam
1270 1531 1412 1562 lucrosa.
1454 1531 1555 1561 Gron.
1602 1532 1696 1564 Nunc

983 1579 1121 1618 furtiva,
1152 1580 1219 1620 Qu]
1256 1581 1357 1611 Nunc
1388 1581 1488 1621 fingit
1518 1587 1693 1622 surreptas

993 1636 1103 1661 vestes
1118 1631 1348 1670 bombycinas,
1365 1640 1536 1672 novasque
1550 1641 1569 1662 a
1583 1642 1637 1663 me
1651 1633 1694 1663 si-

991 1679 1024 1710 bi
1038 1681 1103 1711 emi
1122 1683 1245 1720 poscit.

1032 1733 1052 1761 6
1076 1731 1243 1768 Profertur
1271 1731 1384 1771 Cosmi,
1399 1731 1466 1771 ζα]
1490 1731 1538 1762 Ut
1559 1741 1623 1771 ego
1641 1741 1694 1762 re-

989 1781 1099 1820 pleam
1111 1787 1285 1822 unguento
1299 1782 1488 1812 Cosmiano.
1507 1782 1626 1823 Epigr.
1638 1785 1691 1814 81.

989 1830 1048 1861 lib.
1064 1834 1095 1862 3.
1114 1841 1202 1862 vers.
1217 1834 1271 1862 23.

1031 1883 1050 1910 7
1077 1881 1207 1912 Cariosa
1223 1881 1366 1922 Falerni]
1380 1882 1530 1923 Propter
1541 1887 1691 1914 vetusta-

988 1934 1070 1961 tem.

1030 1984 1049 2011 8
1074 1982 1191 2021 Eaepiet
1207 1982 1257 2021 ut]
1293 1983 1503 2014 Somniorum
1527 1988 1689 2024 portenta

986 2031 1086 2069 mala,
1107 2032 1208 2062 moris
1226 2037 1300 2063 erat
1315 2034 1402 2063 mola
1418 2034 1519 2072 salsa,
1535 2034 1610 2065 vivo
1626 2034 1687 2065 flu*

986 2081 1088 2119 mine,
1104 2081 1182 2111 vino
1199 2087 1234 2112 et
1252 2092 1286 2113 re
1303 2083 1419 2113 divina
1441 2084 1594 2123 expiare,
1610 2094 1688 2124 pro-

985 2141 1118 2170 curare,
1145 2138 1313 2163 avertere.
1358 2133 1502 2173 Somnos]
1538 2134 1686 2168 Somnia.

984 2184 993 2200 ‘
1007 2183 1154 2222 Expiare
1168 2183 1176 2195 ’
1189 2189 1302 2214 autem
1321 2189 1384 2223 est,
1399 2185 1576 2215 sacrificiis
1588 2190 1623 2216 et
1634 2195 1686 2217 re-

982 2232 1120 2270 ligione,
1143 2233 1265 2263 malum
1291 2234 1379 2274 quod
1407 2240 1603 2274 portentum
1620 2241 1687 2276 est,

983 2281 1185 2321 deprecari;
1217 2283 1497 2323 quemadmodum
1522 2290 1557 2316 et
1581 2286 1686 2316 ‘Pro-

981 2342 1101 2363 curare
1118 2332 1126 2345 '
1150 2333 1297 2364 Tibullo.
1343 2336 1513 2366 Caeterum
1544 2346 1610 2367 non
1635 2347 1684 2368 so-

980 2383 1048 2413 lum
1073 2383 1112 2413 τὰ
1139 2384 1219 2414 δεινὰ
1242 2394 1260 2415 a
1287 2395 1323 2415 se
1351 2387 1479 2424 averti3
1503 2386 1562 2416 sed
1590 2391 1625 2418 et
1647 2387 1682 2418 in

980 2434 1062 2464 alios
1079 2433 1227 2464 derivari
1253 2435 1482 2474 precabantur
1498 2449 1504 2466 :
1531 2437 1608 2477 quia
1624 2446 1680 2467 ex—

979 2484 1177 2515 istimabant
1187 2484 1223 2514 τὸ
1236 2486 1314 2515 θεῖον
1326 2496 1525 2527 quocunque
1541 2487 1677 2518 tandem

979 2534 1077 2564 modo
1097 2535 1297 2574 placandum
1317 2546 1401 2567 esse.
1447 2537 1545 2568 Unde
1562 2538 1681 2578 depre-

979 2584 1131 2615 cationes
1148 2585 1329 2624 ejusmodi:
1354 2588 1363 2602 ⁴
1378 2587 1542 2618 Hostibus
1567 2589 1680 2618 eveni-

978 2640 1035 2666 ant
1051 2636 1206 2667 convivia
1223 2638 1304 2667 talia
1318 2638 1463 2669 nostris)
1494 2639 1548 2669 Ita
1565 2639 1678 2669 existi-

977 2685 1126 2725 mabant,
1142 2686 1290 2717 Deorum
1304 2689 1409 2718 minas
1422 2689 1475 2718 vix
1493 2699 1590 2728 posse
1603 2699 1677 2720 esse

976 2735 1104 2775 irritas,
1128 2742 1163 2767 et
1191 2737 1317 2769 idcirco
1346 2739 1379 2768 in
1408 2739 1545 2779 alicujus
1572 2747 1675 2780 caput
