1866 3131
269 192 380 234 1090

267 298 405 338 Lament]
433 299 606 330 Dirimant
622 303 657 330 et
679 299 869 331 dissolvant
885 309 965 330 nau-

268 350 442 380 machiam.

267 399 371 430 Eme.
405 408 495 430 xxw'.
534 400 721 431 Domitiani
753 401 965 432 clementiam

311 448 463 488 Neptuni
493 449 635 481 saevitiae
668 451 859 490 anteponit,
889 461 965 482 cum

308 500 449 532 fictitius
462 502 516 533 hic
535 503 691 534 Leander
705 513 723 532 e
741 504 885 534 Caesaris
900 514 966 534 nia—

308 553 336 582 ri
355 552 640 592 Amphitheatrali
663 555 822 593 enatarit‚
838 555 894 585 ille
912 564 966 584 ve-

310 612 366 632 rus
384 603 415 632 in
434 603 661 644 Hellesponto
677 604 828 644 perierit.

308 654 327 683 2
344 653 490 692 Coesarz's,
502 653 571 692 &cd
588 654 896 685 PontusaCaesare
905 665 966 695 per

264 702 364 733 tubos
383 703 414 733 in
431 702 683 743 Amphitheatr.
709 704 880 736 inductus.

308 755 326 782 3
347 753 424 783 Cum
435 757 565 792 peteret,
577 754 645 794 ἔγω]
678 754 853 785 Distichon
867 765 964 795 supe-

263 802 332 833 rius
348 803 483 842 plenum
496 803 613 834 habuit
627 805 880 844 epigrammatis
891 815 964 835 sen-

264 863 336 883 sum
364 859 398 884 et
426 855 609 894 argutiam:
628 855 715 896 quod
738 855 891 896 sequitur
914 860 963 886 te-

263 905 450 935 trastichon
465 905 600 936 videtur
617 907 847 943 ὑποβολιμαῖον.

307 958 327 985 6
357 955 507 995 Mergite,
537 957 606 997 lya]
650 957 706 988 Sic
740 957 851 997 epigr.
888 959 960 987 181.

263 1004 285 1034 l.
304 1007 353 1035 14.

264 1054 370 1085 Epm.
382 1064 485 1086 xxvt.
499 1056 647 1088 Juvenes
660 1061 834 1087 natator-es
846 1055 962 1087 Nerei-

307 1105 384 1135 dum
402 1106 517 1136 habitu
532 1106 564 1136 iu
582 1116 718 1147 ‘aequore
739 1105 961 1146 Amphithea-

305 1155 384 1185 trali
402 1156 556 1195 exhibiti,
567 1166 584 1187 a
602 1157 738 1188 Caesare
753 1156 854 1188 credo
867 1157 959 1195 Tito,

305 1216 449 1248 namque
467 1208 573 1238 simile
590 1208 668 1249 quid
695 1209 737 1238 de
766 1208 823 1239 illo
852 1208 960 1239 refert

304 1257 396 1288 Dio:
434 1258 520 1297 quod
560 1258 775 1290 artificiosum
817 1260 960 1290 Caesaris

305 1309 536 1346 spectaculum
564 1310 616 1340 vel
648 1310 737 1340 veris
770 1310 958 1341 Nereidum

304 1357 434 1388 lusibus
452 1358 605 1398 praefert.

306 1411 322 1438 1
346 1408 452 1448 Lusit]
477 1410 769 1443 Quemadmodum
798 1412 828 1441 iu
855 1423 958 1442 τακτι-

260 1459 324 1490 κοῖς
340 1459 540 1491 militaribus
553 1461 594 1491 ad
612 1462 740 1499 signum
759 1461 852 1492 ducis
875 1462 958 1501 figu„

260 1517 313 1538 ras
339 1518 437 1540 omne
463 1520 568 1550 genus
594 1511 683 1541 acies
709 1511 794 1549 edit,
812 1512 956 1552 triangu-

258 1558 340 1597 lum,
357 1560 634 1600 quadrangulum,
650 1571 807 1598 cuneum,
823 1564 887 1593 dcc.
909 1563 956 1592 ita

259 1610 443 1642 Natatores
459 1622 541 1652 quos
559 1613 711 1643 exhibuit
725 1613 954 1653 Domitianus,

258 1660 376 1692 habitu
394 1663 592 1701 Nereidum,
616 1663 656 1694 ad
684 1664 814 1703 signum
841 1664 954 1695 edide-

258 1717 335 1742 runt
376 1723 508 1750 navem,
547 1713 723 1753 fuscinam,
762 1715 953 1753 anchoram,

258 1771 399 1801 remum,
420 1764 543 1793 malum
573 1764 669 1795 navis
698 1773 774 1794 cum
810 1765 955 1795 Castori-

258 1811 331 1851 bus,
344 1818 378 1843 et
394 1813 530 1844 similia:
550 1813 626 1844 ideo
640 1813 749 1844 dixit:
775 1814 783 1830 ‘
802 1814 847 1844 Et
864 1815 954 1846 vario

257 1860 375 1892 faciles
399 1863 517 1893 ordine
535 1864 645 1903 pinxit
667 1864 794 1904 aquas)
816 1865 953 1896 Mutato

257 1911 372 1941 ordine
395 1917 430 1942 et
446 1913 544 1951 serie,
570 1912 738 1953 prodeunt
762 1914 826 1944 alia
850 1920 953 1955 atque

256 1962 321 1992 alia
343 1963 528 1994 schemata.
575 1967 684 1996 Quam
709 1965 822 1996 nobile
846 1971 881 1996 et
898 1968 952 2005 jn<

256 2010 401 2041 eundum
417 2011 522 2044 fuerit
535 2013 597 2043 hoc
615 2015 861 2054 spectaculum,
876 2016 952 2055 illis,

255 2063 309 2102 qui
325 2063 469 2104 aliquem
487 2074 618 2095 sensum
636 2066 816 2096 illustrium
836 2067 951 2098 inven-

254 2116 364 2143 torum
400 2114 540 2153 habent,
578 2116 822 2156 conjiciendum
851 2119 949 2149 relin-

254 2162 396 2201 quimus.
433 2164 481 2195 Ut
499 2165 580 2196 satis
598 2167 710 2196 mirari
729 2177 794 2197 non
811 2169 948 2207 possim,

251 2213 332 2244 nulli
345 2214 386 2245 de
403 2220 454 2245 tot
466 2215 709 2256 interpretibus
721 2227 761 2248 ne
776 2218 947 2250 minimum

252 2263 387 2303 quidem
404 2264 445 2295 de
462 2266 632 2296 sententia
654 2266 753 2306 hujus
771 2268 948 2308 Epigram-

252 2312 350 2343 matis
374 2313 553 2353 oboluisse,
569 2325 668 2355 quum
691 2317 858 2347 secundus
878 2328 948 2348 ver-

251 2363 374 2394 siculus
403 2365 446 2395 sit
473 2366 546 2396 vice
572 2366 771 2405 argumenti.
796 2366 947 2406 Scaliger.

253 2413 438 2455 Nereidum]
466 2416 701 2456 Nympharum
715 2417 830 2456 maris,
842 2418 947 2449 Nerei

251 2468 285 2492 et
303 2463 435 2494 Doridis
458 2465 600 2497 filiarum
624 2470 677 2497 50.
715 2466 851 2506 Docilis]
881 2468 947 2498 Na-

251 2512 343 2542 tandi
361 2514 499 2552 peritus,
521 2516 728 2557 respicitque
751 2517 944 2557 ‘juvenem’

251 2562 304 2591 vel
335 2563 477 2594 edoctus
505 2574 522 2594 a
549 2566 836 2606 chorodidascalo,
857 2567 910 2597 vel
928 2577 946 2598 a

244 2611 390 2655 *Thetide
410 2618 467 2643 aut
485 2614 630 2652 causare,
652 2621 688 2646 ut
711 2616 828 2647 ultimo
846 2627 945 2648 versu

250 2662 348 2702 hujus
363 2663 469 2702 epigr.
489 2664 621 2703 Chorus]
643 2665 784 2705 Agmen.
799 2667 945 2707 AEquore,

249 2712 318 2752 ξω]
344 2712 382 2742 In
400 2714 692 2753 Amphitheatruni
710 2716 862 2747 inducto.

294 2766 313 2794 2
338 2763 472 2803 Faciles]
511 2764 623 2795 Facile
656 2766 866 2797 nutritoribus
891 2777 943 2798 ce-

723 204 864 235 NOTAE
902 205 1163 236 x'ARtORUM
1202 207 1249 235 ΙΝ

1016 300 1161 331 dentes:
1189 301 1242 330 rel
1261 300 1412 336 mobiles,
1428 306 1461 331 et
1476 300 1577 332 facile
1593 302 1716 335 ceden-

1017 357 1067 381 tes
1085 350 1126 380 ad
1144 357 1261 381 nutum
1279 351 1433 388 Casan-is,
1450 352 1546 391 cujus
1563 353 1717 384 hocerat

1017 411 1119 431 mare.
1160 402 1277 432 Ordine
1305 402 1409 442 pinse!
1444 412 1552 442 uquaS,
1584 403 1715 435 Fusciua

1017 452 1122 490 dente]
1146 453 1282 483 Mutato
1296 452 1414 483 ordine
1428 459 1461 483 et
1476 454 1576 491 serie,
1592 455 1657 484 alia
1668 460 1717 486 at-

1015 512 1079 542 que
1098 503 1163 533 alia
1175 504 1348 533 schemata
1361 509 1602 544 expresserunt
1621 510 1717 536 nata·

1017 556 1121 583 tores.
1166 553 1283 583 Varias
1299 563 1409 583 rerum
1428 553 1551 584 formas
1569 555 1601 584 in
1618 565 1713 596 aquae

1017 603 1197 642 superficie
1212 604 1419 644 (cujusmodi
1436 604 1536 634 hodie
1555 604 1716 635 artificio-

1016 662 1067 683 sas
1086 653 1238 684 videmus
1256 655 1468 693 saltationes,
1492 660 1525 684 et
1542 654 1664 693 figuras
1682 657 1714 686 iu

1013 705 1169 735 τακτικοῖς
1182 704 1401 743 militaribus)
1412 711 1714 744 repraesentarunt,

1016 755 1715 795 velutiTridentisNeptuni,Remi‚RatiS,

1013 804 1179 844 Syderum
1196 805 1400 845 Διοσκούρων,
1417 807 1565 836 Castoris
1579 812 1614 837 et
1635 807 1716 837 Pol-

1013 855 1110 889 lncis,
1126 856 1299 886 Yelorum.

1055 908 1074 935 3
1101 905 1367 945 Nexusuitstyc]
1392 906 1496 936 Forte
1513 907 1712 946 Neptunum

1013 956 1081 995 egit
1103 966 1186 986 unus
1215 966 1233 987 e
1252 956 1477 993 natatoribus,
1503 957 1600 996 cujus
1616 966 1713 998 scep-

1013 1012 1101 1037 trum
1131 1007 1261 1047 τρίαινα,
1293 1017 1352 1038 seu
1385 1007 1526 1038 tridens.
1550 1008 1711 1048 Anclwru]

1012 1058 1096 1089 Quae
1114 1067 1201 1088 unca
1219 1064 1253 1088 et
1267 1058 1413 1088 hamata.
1448 1059 1508 1088 Est
1525 1063 1636 1089 tamen
1654 1061 1710 1099 qui

1012 1107 1059 1137 sic
1078 1108 1169 1146 legat
1185 1114 1220 1138 et
1236 1108 1413 1145 emendet;
1443 1118 1527 1138 nexu
1541 1109 1619 1148 fluit
1634 1119 1710 1139 anco

1010 1167 1147 1188 recurro.
1193 1159 1278 1190 Quae
1303 1167 1382 1188 sane
1401 1158 1572 1197 scriptura
1589 1158 1709 1190 mirum

1010 1206 1043 1236 in
1062 1208 1195 1238 modum
1213 1206 1298 1238 facit
1313 1207 1354 1237 ad
1373 1213 1522 1237 nostram
1544 1208 1708 1239 concham

1010 1265 1068 1286 seu
1084 1257 1295 1297 Neptunium
1307 1266 1441 1287 currum
1455 1268 1464 1294 ς
1480 1257 1566 1296 quod
1580 1258 1709 1288 concha

1011 1311 1046 1337 et
1064 1317 1148 1338 anco
1166 1317 1321 1347 magnam
1339 1307 1485 1337 habeant
1508 1307 1598 1337 inter
1615 1317 1650 1338 se
1665 1308 1708 1338 si-

1009 1357 1255 1388 militudinem:
1280 1357 1342 1387 nisi
1360 1356 1449 1397 quod
1467 1366 1551 1388 auco
1580 1358 1612 1387 in
1638 1368 1707 1389 mo-

1009 1407 1087 1438 dum
1105 1407 1214 1438 cubiti
1243 1417 1301 1437 seu
1329 1407 1467 1446 ἀγκῶνος
1491 1406 1705 1447 inflectatur;

1009 1462 1044 1487 et
1071 1458 1198 1496 optime
1229 1457 1400 1488 Martialis
1425 1457 1590 1497 explicat,
1617 1467 1705 1489 nexu

1009 1517 1152 1538 recurvo
1165 1507 1197 1538 in
1211 1507 1360 1538 cubitum
1374 1513 1439 1538 eat.
1466 1508 1618 1540 Raderus.

1049 1560 1068 1587 4
1094 1558 1218 1595 Rutem,
1234 1557 1305 1597 Era]
1332 1558 1414 1588 Cum
1437 1566 1515 1597 ergo
1531 1563 1705 1598 spectare-

1006 1618 1079 1639 mus
1105 1609 1305 1648 Neptunum
1331 1619 1431 1639 curru
1463 1619 1522 1639 suo
1543 1620 1620 1640 cuni
1646 1612 1705 1641 tri·

1005 1659 1110 1690 dente
1127 1661 1316 1697 vehentem,
1330 1659 1536 1690 credidimus
1548 1660 1640 1692 illum
1653 1671 1704 1693 ra-

1006 1709 1030 1740 ti
1045 1719 1105 1740 sua
1119 1710 1193 1740 vehi
1208 1710 1377 1750 remisque
1390 1709 1519 1750 impelli
1532 1723 1541 1749 3
1556 1711 1601 1742 ita
1614 1721 1703 1743 com-

1005 1759 1102 1789 mode
1117 1765 1151 1789 et
1163 1760 1323 1790 celeriter
1336 1760 1568 1800 promovebat.
1586 1762 1703 1793 Rader.

1047 1812 1066 1839 8
1090 1809 1157 1840 Aut
1173 1810 1288 1848 docuit,
1303 1810 1372 1850 tra]
1399 1809 1590 1850 Accepitne
1611 1813 1701 1844 lusus

1003 1858 1105 1890 hosce
1129 1860 1240 1890 Caesar
1257 1869 1276 1890 a
1291 1859 1448 1898 Thetide,
1469 1866 1527 1891 aut
1547 1862 1620 1902 ipsa
1643 1873 1701 1903 po-

1003 1910 1069 1940 tius
1087 1920 1105 1940 a
1121 1911 1254 1941 Caesare
1272 1910 1372 1941 docta
1387 1910 1459 1941 est?

1003 1960 1109 1991 EP1G.
1128 1969 1249 1991 xxvtt.
1275 1961 1386 2001 Supra
1411 1961 1519 2001 epigr.
1545 1965 1595 1993 15.
1620 1962 1701 1993 Car-

1045 2010 1195 2050 pophoro
1220 2011 1432 2050 Meleagrum
1453 2016 1488 2041 et
1514 2011 1699 2043 Herculem

1046 2061 1259 2100 postposuit:
1286 2062 1338 2091 hic
1363 2061 1471 2091 eidem
1502 2062 1700 2103 Herculem,

1043 2110 1223 2149 Theseum,
1258 2111 1571 2151 Bellerophontem,
1602 2112 1699 2145 Jaso-

1042 2169 1133 2199 nem,
1149 2166 1183 2192 et
1200 2161 1378 2191 Perseum.

1043 2214 1059 2241 1
1085 2211 1193 2242 Secula
1214 2211 1333 2251 prisca]
1358 2211 1490 2244 Quibus
1516 2212 1698 2254 Hercules,

998 2261 1159 2301 Theseus,
1175 2261 1358 2302 caeterique
1376 2262 1494 2293 hero'e's
1510 2268 1546 2294 et
1558 2264 1698 2296 semidei

998 2322 1073 2343 cum
1087 2313 1246 2343 monstris
1263 2312 1513 2352 depugnarunt.

1040 2366 1058 2394 3
1084 2364 1158 2394 Non
1174 2364 1438 2404 ΒΙαν-αἰὴυιι,ᾃ·σ.]
1462 2364 1622 2396 Urbsilla
1633 2365 1697 2397 At-

999 2413 1077 2444 ticae
1106 2424 1172 2444 non
1198 2416 1333 2445 timeret
1357 2415 1523 2445 Cretaeuni
1551 2421 1698 2456 taurum,

998 2463 1040 2493 al)
1059 2464 1207 2494 Hercule
1224 2474 1367 2494 caesum:
1386 2464 1474 2505 quod
1489 2471 1600 2495 tamen
1612 2465 1695 2496 The-

997 2525 1054 2546 seo
1069 2516 1287 2547 adscribitur.
1307 2517 1432 2556 Nemee,
1446 2517 1512 2557 lya]
1538 2518 1615 2548 Non
1631 2519 1695 2559 syl·

998 2576 1038 2596 va
1058 2568 1199 2597 Nemaea
1216 2568 1305 2597 inter
1328 2568 1471 2598 Cleonas
1494 2573 1528 2597 et
1554 2567 1693 2597 Phliun-

997 2622 1065 2648 tem
1083 2618 1250 2648 timuisset
1275 2619 1426 2655 leonem3
1450 2628 1515 2648 uon
1544 2618 1691 2650 Arcadia

995 2677 1128 2708 aprum,
1146 2677 1227 2708 quos
1244 2667 1397 2698 confecit
1416 2667 1597 2700 Hei-cutes.

1037 2720 1056 2748 4
1072 2718 1269 2758 Moenalz'um]
1297 2718 1463 2748 Maenalus
1478 2718 1556 2749 urbs
1569 2718 1690 2749 estAr-

995 2768 1113 2799 cadiae.
