1866 3131
405 177 452 204 M.
488 176 598 205 VAL.
631 175 906 204 MAst'siAlAS
943 175 1100 205 EPIGR.
1135 176 1228 205 Mis.
1262 175 1310 204 X.

137 269 333 310 utebantur,
348 276 384 302 nt
400 276 435 302 et
449 271 582 311 Lipsius
597 275 704 306 notat,
723 270 832 310 Epist.

137 324 168 351 5.
195 321 253 352 lib.
271 324 298 352 l.
325 322 469 362 Epistol.
493 322 623 353 Quaest.
647 321 831 360 Epigr.50.

137 370 193 401 lib.
213 374 240 401 l.
258 381 343 403 verS.
360 375 390 403 3.
416 372 604 411 Epigr.-17.
622 381 735 411 supra,
748 380 833 401 vers.

137 425 166 451 5.
179 421 256 453 Juv.
272 422 343 453 Sat.
355 425 385 453 3.
398 432 483 454 vers.
495 425 547 452 71.
572 421 726 452 eieci-‚in
742 421 833 452 Rull.

137 471 227 502 Pliu.
245 472 300 502 lib.
317 475 347 502 7.
367 473 430 513 Ep.
448 475 476 503 3.

179 525 197 553 7
225 524 253 553 Ο
267 523 385 562 nemus]
423 524 454 554 A
472 524 631 554 Ravenna
648 522 768 554 transit
790 521 832 552 ad

135 573 366 604 Tarracinam.
391 573 643 604 Tarracinensis
672 582 754 612 ager
777 572 833 602 sil-

136 633 205 662 vas,
230 624 337 662 lacus,
357 628 393 655 et
413 624 528 654 littora
553 624 656 655 habet
679 624 833 654 amoenis-

134 675 225 705 sima.
258 674 378 705 Anxur
399 674 476 705 urbs
497 675 708 711 Volscorum,
731 682 833 714 quon-

136 724 211 754 dam
232 729 333 764 caput
351 725 473 765 gentis.
518 723 731 764 Solidimzque]
756 724 831 754 Nou

136 775 215 815 quia
239 775 344 806 altum
369 781 508 816 propter
535 775 661 806 vicinos
690 781 833 813 montes,

134 830 173 856 ut
199 825 491 866 interpretantur3
522 827 581 857 sed
611 826 688 867 quia
717 826 832 856 ambu-

133 876 283 907 lantibus
307 878 585 918 gestantibusque
611 877 833 917 commodum,

135 926 248 967 aliqua
274 926 411 966 duritie,
440 933 477 958 ut
506 928 538 957 iu
566 937 605 958 eo
635 926 832 958 luctandum

135 986 201 1007 non
233 977 292 1016 sit,
329 978 607 1018 quemadmodum
644 979 677 1009 in
712 979 832 1009 arenis.

133 1027 265 1057 Plinius
291 1028 377 1060 libro
403 1032 431 1060 l.
458 1030 564 1069 Epist.
581 1032 611 1060 3.
645 1031 654 1047 ‘
673 1029 761 1061 Quid
779 1030 834 1059 illa

133 1079 245 1109 mollis
282 1084 317 1110 et
354 1084 467 1110 tamen
503 1080 612 1110 solida
647 1079 832 1119 gestati0?’

135 1128 209 1160 Lib.
236 1132 266 1160 9.
291 1129 354 1169 Ep.
378 1133 409 1161 7.
447 1130 552 1161 ‘Illic
577 1136 670 1161 recta
687 1130 833 1170 gestatio

133 1178 234 1218 longo
251 1179 358 1210 limite
382 1189 484 1220 super
504 1181 597 1210 littus
615 1179 834 1211 extenditur)

137 1229 237 1261 Gron.
281 1231 443 1261 illudentis
483 1230 600 1270 arence]
651 1230 832 1261 Alluvioue

133 1280 243 1311 maris.

177 1331 196 1359 S
219 1330 478 1371 AE‹1a‹›reis‚25c.]
501 1331 708 1371 Epigramin.
727 1334 755 1361 l.
774 1331 832 1362 lib.

134 1384 165 1411 5.
182 1390 269 1412 vers.
285 1385 317 1412 6.

175 1434 195 1462 9
222 1432 294 1462 Non
311 1432 412 1472 unius,
430 1431 499 1472 35⁶²]
537 1433 589 1463 Ex
613 1432 685 1472 ipso
708 1433 832 1463 lectulo

133 1482 328 1522 prospicere
350 1484 429 1513 licet
452 1484 530 1513 hinc,
555 1483 725 1523 paludem,
742 1483 833 1514 illiue

134 1542 238 1563 mare.
264 1533 347 1563 Urbi
361 1532 565 1564 circumfusa
579 1538 613 1564 et
626 1533 831 1574 propinqua:

136 1588 205 1615 tum
225 1583 313 1624 quod
331 1584 406 1614 villa
422 1584 528 1614 littori
544 1584 746 1614 immineret.

180 1637 216 1665 11
242 1635 305 1665 Sed
331 1633 440 1674 neque]
478 1633 544 1664 Sed
575 1633 714 1673 objiciet
746 1634 833 1673 quis-

134 1685 224 1724 piam
242 1684 398 1722 fortasse,
413 1694 477 1714 uon
491 1693 562 1714 esse
574 1683 640 1722 liic,
656 1689 691 1713 ut
708 1683 834 1722 Romae,

135 1736 281 1775 theatra,
314 1735 447 1773 balnea,
487 1735 626 1774 templa.
674 1735 832 1775 Marcelli]

133 1786 316 1815 Theatrum
355 1785 523 1825 Marcelli,
565 1784 624 1815 filii
667 1785 834 1823 Octaviae,

137 1840 258 1870 sororis
278 1838 439 1877 Augusti,
465 1837 506 1867 ab
529 1837 684 1877 Augusto
700 1842 834 1866 extruc-

134 1895 215 1919 tum.
230 1888 526 1928 Pompeiunumque]
538 1888 718 1918 Theatrum
734 1887 833 1917 Pom-

133 1941 212 1980 peii.

177 1994 216 2021 12
238 1989 533 2030 Triplicesthermoe]
543 1989 698 2019 Thermae
710 1986 833 2027 Agrip-

133 2041 400 2081 piiiae‚Titiaiiae,
417 2039 635 2076 Neroustwae,
651 2039 768 2079 Epigr.
780 2041 832 2069 35.

133 2091 191 2121 lib.
218 2094 248 2122 3.
270 2095 305 2122 et
326 2090 382 2121 lib.
410 2093 442 2121 2.
467 2090 585 2129 Epigr.
612 2092 664 2120 48.
700 2089 833 2119 Radere

133 2141 295 2172 videntur
318 2141 468 2181 triplices
491 2141 586 2170 cellae
611 2140 642 2170 in
670 2140 796 2170 balneis
814 2150 833 2170 a

134 2191 245 2221 Poeta
274 2192 413 2232 signari,
441 2190 613 2228 caldariae,
641 2190 830 2230 tepidaiiae,

132 2241 318 2281 frigidariae
333 2253 342 2281 ;
363 2252 446 2282 quas
459 2252 523 2272 uno
540 2246 576 2272 et
588 2241 755 2272 communi
772 2250 830 2272 no-

135 2294 224 2323 mine
256 2292 403 2323 thermas
435 2296 556 2324 vocat:
596 2297 632 2323 et
664 2292 829 2332 triplices,

134 2348 274 2383 propter
292 2344 379 2374 trina
391 2344 486 2374 labra
503 2348 538 2374 et
554 2344 656 2375 cellas
669 2343 829 2384 inquibus

134 2395 309 2433 natabant,
357 2395 529 2433 lavabant,
578 2404 724 2434 corpora
771 2393 829 2424 ad-

134 2446 355 2485 stringebaut.
394 2445 480 2476 Vide
505 2445 594 2475 Plin.
619 2445 774 2485 Epistola
797 2448 830 2475 6.

134 2497 192 2527 lib.
217 2500 247 2526 5.
285 2494 382 2534 Fora]
416 2496 525 2526 Vetus
550 2495 749 2535 Romanum,
770 2495 830 2527 Ju-

134 2547 228 2584 liuni,
251 2545 453 2585 Angustum,
482 2545 744 2575 Transitorium:
777 2554 830 2576 su-

133 2607 208 2637 pra,
225 2598 343 2637 Epigr.
360 2599 412 2627 28.
431 2606 516 2626 vers.
533 2598 564 2626 6.

179 2650 216 2677 13
243 2645 430 2686 Capitolini]
452 2645 668 2686 Capitolium.

179 2701 217 2728 14
245 2696 473 2736 Q1‹oeq11e,ssc.i
499 2696 679 2736 Templum
703 2696 829 2726 Flaviae·

137 2748 229 2788 genti
252 2749 438 2779 excitatum
463 2757 482 2777 a
509 2746 714 2779 Domitiano.
753 2747 832 2786 Epi-

1469 163 1579 204 1:373

883 279 1020 309 gramm.
1037 273 1068 299 2.
1086 273 1121 300 et
1136 272 1167 300 4.

929 323 965 350 15
992 319 1139 360 Quirino]
1188 319 1332 351 Romulo
1370 329 1409 350 ac
1453 320 1578 350 Romae.

885 370 1049 402 Conditor
1065 372 1153 401 euim
1177 372 1230 402 liic
1255 382 1315 412 pro
1333 371 1426 403 Urbe
1442 372 1581 411 ponitur

884 428 917 452 et
934 421 1102 452 Romanis.

928 476 968 503 16
993 474 1070 508 Quae
1081 472 1228 512 tunsunt]
1252 472 1406 503 Honores
1419 475 1492 502 tuos
1503 481 1580 502 cum

885 523 997 560 (·uris;
1022 532 1040 553 e
1056 522 1200 553 formula
1217 523 1366 553 divortii.
1389 523 1506 563 Epigr.
1526 524 1581 552 41.

885 583 971 604 vers·
989 576 1020 604 2.
1039 582 1151 613 supra.
1178 574 1256 607 Quoe
1271 582 1348 613 mea,
1361 573 1431 613 fic]
1455 573 1579 603 Villam

884 634 1004 662 meam,
1020 624 1180 654 rusticum
1199 623 1316 653 otium.

928 675 1031 705 Eme.
1047 682 1110 704 ui.
1136 676 1151 703 1
1178 672 1368 714 Spadunem]
1391 673 1531 704 Mollem
1546 678 1580 704 et

884 723 1137 755 effoemiuatum.

926 777 945 805 2
972 775 1176 811 Damnatam,
1198 773 1264 813 θα]
1297 772 1468 804 Adulterii
1492 774 1581 804 enim

884 825 1052 856 damnatae
1070 825 1210 855 nonnisi
1226 829 1351 864 togatae
1365 824 1396 854 in
1411 824 1582 864 publicum

884 877 1088 918 prodibant:
1116 877 1368 917 Epigranimate
1383 878 1434 907 39.
1453 875 1509 906 lib.
1528 878 1558 905 2.

926 929 1029 959 Eme.
1055 937 1134 959 mir.
1172 927 1284 967 Hujus
1309 926 1406 957 modo
1426 926 1582 967 deplora-

884 983 978 1008 verat
991 979 1206 1008 immaturum
1219 976 1337 1008 fatum.

928 1033 939 1060 1
970 1030 1028 1060 Ille
1043 1039 1110 1068 ego,
1125 1028 1194 1068 Sym]
1217 1028 1337 1068 Epigr.
1353 1030 1406 1058 50.
1423 1036 1537 1067 supra.

927 1083 946 1110 2
970 1079 1103 1119 Breres]
1132 1079 1324 1118 Pra’reptae
1342 1082 1450 1109 morte
1467 1078 1581 1107 imma-

884 1135 971 1161 tura.

927 1183 944 1211 3
969 1181 1094 1220 Invida,
1123 1179 1192 1220 ssa]
1230 1179 1347 1210 Annos
1380 1183 1494 1209 natum
1530 1182 1583 1211 27.

887 1230 1075 1271 Trieterz'de]
1110 1230 1273 1261 Trieteris
1301 1229 1445 1269 spatium
1483 1228 1582 1259 trium

882 1290 1044 1311 annorum
1061 1292 1067 1310 :
1094 1284 1129 1310 et
1147 1279 1269 1310 festum
1286 1279 1424 1309 Baccho
1442 1286 1583 1319 propter

883 1330 1135 1370 expeditionem
1160 1329 1202 1360 ad
1226 1329 1330 1360 Indos
1355 1330 1499 1360 triennio
1525 1339 1583 1359 ex-

883 1386 1007 1411 actam.
1042 1380 1130 1411 Vide
1151 1380 1366 1421 Epigramma
1381 1382 1432 1411 38.
1447 1381 1533 1411 libro
1550 1383 1581 1411 (ἃ.

884 1440 970 1462 vers.
990 1435 1020 1462 1.

924 1484 944 1512 4
968 1482 1052 1512 Dum
1071 1485 1212 1512 numerat
1228 1483 1358 1521 palmas,
1374 1480 1443 1521 Esau]
1471 1480 1582 1521 Prop-

884 1537 936 1563 ter
953 1533 1168 1564 victoriarum
1185 1534 1391 1564 Circensium
1406 1542 1578 1563 numerum

884 1589 998 1624 posset
1015 1584 1164 1624 Scorpus
1182 1584 1288 1614 videri
1305 1593 1420 1614 senex.
1445 1583 1581 1623 Quippe

884 1634 940 1664 alii
966 1643 1075 1672 senes,
1098 1633 1138 1664 ad
1156 1643 1318 1664 summam
1343 1638 1478 1664 aetatem
1505 1643 1581 1673 pro-

884 1684 989 1723 vecti,
1007 1689 1057 1714 tot
1083 1684 1207 1724 palmas
1231 1693 1296 1714 non
1322 1693 1477 1724 rapuere,
1500 1689 1583 1723 quot

878 1734 1015 1774 juvenis
1037 1734 1199 1773 Scorpus:
1226 1734 1275 1764 ita.
1295 1733 1445 1764 victoriis
1468 1733 1581 1764 multis

885 1794 1008 1824 paucos
1023 1784 1085 1814 arx-i
1103 1794 1206 1814 annos
1224 1783 1471 1823 compensavit.

928 1835 1030 1864 Eme.
1057 1843 1128 1865 mv.
1165 1838 1179 1864 l
1208 1833 1356 1873 Opertus]
1403 1834 1431 1864 E
1461 1834 1581 1874 quibus

884 1891 996 1918 tamen
1012 1887 1189 1927 aperiebat
1208 1888 1293 1917 Olus
1312 1897 1391 1926 quas
1407 1887 1522 1918 vellet.

926 1940 945 1967 2
969 1936 1177 1977 Secego‚&v.]
1200 1937 1415 1978 Apponeudo
1431 1943 1581 1978 opertas,

883 1987 942 2018 sed
960 1997 1096 2027 vacuas,
1116 1998 1197 2028 quas
1215 1988 1349 2028 aperire
1366 1997 1432 2018 nou
1449 1988 1543 2018 licet.

925 2039 1029 2069 EP1G.
1044 2047 1098 2069 ιν.
1122 2040 1140 2068 3
1166 2037 1339 2078 Scriptum]
1363 2038 1451 2069 Vide
1463 2040 1580 2078 Epigr.

883 2090 934 2118 89.
953 2088 1009 2118 lib.
1026 2092 1056 2119 4.
1075 2098 1159 2120 vers,
1180 2091 1212 2119 3.
1257 2089 1463 2128 Sextulasque
1484 2089 1577 2128 dicit]

882 2139 1004 2170 Sextas
1033 2139 1140 2170 unciae
1171 2144 1307 2180 partes3
1349 2139 1499 2170 Budaeus
1536 2139 1577 2170 de

883 2190 979 2228 Asse,
997 2189 1053 2221 lib.
1074 2193 1103 2221 l.

923 2243 941 2271 4
968 2240 1155 2280 Pula’stras]
1176 2240 1238 2277 Τὴν
1252 2238 1450 2276 κλινοπάλην.

923 2293 941 2321 7
966 2290 1109 2330 ,δ’ίαίενιι]
1135 2292 1220 2323 Qnae
1237 2297 1304 2322 tam
1321 2294 1482 2321 accurate
1498 2299 1577 2330 peu-

879 2345 931 2371 sat
947 2340 1190 2381 ponderatque.

924 2393 1028 2422 Eme.
1046 2401 1119 2423 nvi.
1138 2392 1190 2422 De
1205 2397 1422 2431 patronorum
1436 2392 1580 2422 avaritia

881 2444 1044 2483 queritur,
1073 2443 1129 2483 qui
1154 2442 1265 2473 officia
1292 2443 1452 2474 clientum
1479 2443 1578 2473 nullis

881 2492 1053 2524 beneficiis
1070 2497 1300 2532 compenseut.

924 2547 939 2575 1
966 2544 1020 2574 Me
1035 2544 1151 2573 seri-ire
1167 2541 1285 2581 dicbus]
1322 2543 1486 2573 Functum
1509 2552 1578 2573 rnu-

881 2604 960 2625 nere
978 2595 1125 2631 clientis,
1152 2592 1341 2630 salutando,
1366 2592 1579 2631 deducendo,

880 2644 1084 2683 comitando,
1099 2643 1285 2684 sequendo,
1301 2645 1364 2673 &c-

923 2697 942 2725 2
968 2694 1153 2724 Aventinum
1176 2693 1274 2733 tuum]
1313 2693 1440 2724 eonem
1468 2691 1577 2724 Aven-

884 2746 1000 2785 tinum,
1016 2745 1048 2775 in
1065 2755 1129 2786 quo
1147 2743 1236 2775 aedes
1254 2751 1334 2774 tuus.
