1866 3131
408 198 456 227 M.
490 197 601 227 VAL.
635 173 908 226 MAR'rlALIS
941 197 1102 226 EPIGR.
1137 197 1228 226 Liss.
1261 197 1293 225 1.

126 298 182 325 cet
199 292 394 335 inscriptio)
419 293 546 325 honore
572 297 607 323 et
633 292 689 323 ille
717 291 825 332 major

127 345 185 384 qui
226 345 439 385 paucioribus
473 342 670 374 inscribitur
703 341 824 380 literis,

127 394 232 425 fuisse
250 400 285 426 et
301 396 434 426 amicos.

168 450 186 477 5
212 447 339 477 foedere
362 444 450 485 ritoe]
485 444 525 475 In
549 442 725 474 Arondell.
753 448 825 474 erat

123 498 255 536 pondere
270 497 354 527 vitoe.
384 495 456 526 Nec
471 503 589 535 parum
605 494 731 534 placet.
765 493 824 524 Sa-

125 556 218 578 crum
237 546 366 587 pondus
380 545 457 576 vitae
481 549 533 575 est
547 548 714 584 perpetua
727 549 762 575 et
776 543 825 574 di-

125 598 204 629 vina
241 596 393 638 quaedam
442 595 603 636 gravitas,
651 594 824 633 severitas,

126 648 300 679 sanctitas.
342 648 400 678 Sic
427 655 519 686 saepe
549 644 710 676 Manilius
745 645 766 675 Ι.
796 645 823 674 1.

125 699 134 715 ‘
150 698 209 739 qui
234 698 372 728 strictas
404 696 553 737 pondere
583 700 714 726 mentes
738 695 823 725 Pru-

125 750 245 780 dentes
269 748 418 779 habuere
438 746 527 778 viri!
551 747 572 777 l.
588 749 618 777 2.
642 747 651 763 ‘
670 746 744 777 Nec
758 755 823 776 non

123 806 159 831 et
180 799 259 831 fidei
281 800 420 831 tutelam
438 798 586 829 vindicat
603 798 722 838 ipsam,
739 798 823 827 Pec-

124 851 208 881 toris
232 856 265 881 et
281 848 437 890 pondus!
462 849 484 880 1.
506 852 537 880 5.
559 847 664 878 ‘facit
686 857 745 878 ora
772 857 823 878 se-

124 910 224 939 rera3
258 901 402 931 Frontes
432 909 471 930 ac
507 899 620 929 vultus
647 897 823 937 componit

124 952 274 991 pondere
298 949 446 981 mentis?
486 950 607 980 Cicero
618 952 648 979 2.
667 948 708 979 de
726 948 823 979 Orat.

123 1002 133 1018 ⁴
150 1001 265 1032 Habet
287 1000 376 1031 enim
391 1005 427 1031 et
451 1000 661 1030 voluntatem
679 998 824 1029 nocendi

122 1051 156 1082 in
181 1050 374 1089 iracundia,
398 1054 434 1081 et
466 1050 530 1079 vim
555 1049 588 1079 iu
615 1049 764 1088 ingenio,
790 1053 826 1079 et

122 1101 255 1143 pondus
271 1101 305 1131 in
318 1099 413 1131 vita.'
441 1099 575 1130 Deinde
592 1099 682 1130 idem
699 1099 824 1130 Arond.

121 1163 220 1184 raros.
258 1151 378 1183 Scribe
392 1160 400 1180 z
425 1151 582 1191 Famaque
596 1161 654 1191 qua
670 1161 758 1180 raros
772 1160 824 1181 no-

121 1205 179 1243 tit,
203 1203 322 1233 amicus
351 1205 432 1233 erat.
477 1202 585 1232 Erant
613 1201 724 1238 amici,
754 1210 826 1240 qua,

121 1253 156 1284 id
175 1259 240 1293 est,
264 1261 448 1294 quousque,
466 1261 566 1293 quam
584 1251 625 1281 ad
650 1260 825 1289 summam,

119 1304 236 1343 fidem,
261 1302 489 1339 affectionem,
518 1312 611 1333 raros
635 1302 760 1333 amicos
775 1300 824 1332 fu-

119 1356 187 1386 isse
204 1355 297 1385 novit
313 1353 416 1385 fama.
442 1353 631 1384 Gronovius.

162 1408 184 1437 6
205 1405 334 1436 Amicus
363 1403 447 1443 erat]
486 1403 551 1434 Sed
583 1402 720 1434 Valerio
752 1402 824 1433 haec

121 1454 187 1485 duo
212 1459 288 1485 sunt
306 1454 399 1495 quasi
417 1454 602 1494 epitaphia,
630 1453 824 1492 longiuscu-

121 1505 190 1535 lum
207 1505 368 1536 videlicet
383 1515 483 1535 unum
499 1504 754 1542 hexastichum;
778 1503 825 1533 al-

123 1562 233 1587 terum
262 1556 525 1595 breviusculum,
552 1555 641 1596 quod
673 1555 824 1594 longiore

123 1606 180 1636 illo
211 1606 421 1644 continetur,
456 1615 579 1645 nempe
614 1610 824 1646 postremum

123 1655 319 1693 distichum,
345 1655 445 1695 idque
463 1655 537 1694 plns
561 1664 634 1685 esse
649 1655 694 1684 ait
712 1653 825 1694 poeta,

123 1711 250 1747 quanto
283 1706 356 1746 plus
384 1705 491 1736 laudis
519 1705 621 1735 habet
653 1705 824 1743 amicitiae,

124 1768 222 1799 quam
238 1757 399 1797 primipili
416 1756 544 1787 titulus.
570 1755 774 1786 Musambcrt.

165 1808 270 1838 Epic.
297 1815 398 1838 XCVI.
439 1808 490 1838 Aa
528 1805 674 1845 Helium]
710 1804 824 1835 Pessi-

123 1867 211 1889 mum
229 1857 379 1888 rabulam
396 1856 598 1896 obstrepero
621 1856 770 1886 clamore
788 1865 823 1886 se

122 1908 262 1939 aliorum
297 1906 485 1938 actionibus
522 1907 749 1946 ingerentem,
786 1910 825 1936 ut

122 1967 222 2000 quem
236 1964 376 1998 propter
388 1957 594 1997 imperitiam
603 1966 702 1987 nemo
715 1955 824 1986 adsci-

122 2007 690 2048 visset,propterimportunitatem
703 2006 824 2047 aliquis

120 2060 286 2100 placaret,
311 2059 450 2098 objecta
481 2057 616 2089 trifauci
642 2058 720 2088 huic
745 2058 826 2088 Cer-

122 2110 204 2141 bero
218 2110 316 2150 pretii
340 2108 408 2140 offa
430 2115 467 2140 ut
484 2114 635 2139 taceret:
661 2113 773 2149 potest
789 2113 825 2139 et

121 2160 268 2200 intelligi
297 2160 339 2190 de
356 2160 621 2200 praevaricatore
647 2159 688 2189 ad
712 2164 826 2190 tacen-

122 2211 201 2240 ‹lum
229 2215 405 2251 corrupto,
430 2220 472 2241 ex
500 2215 580 2241 noto
606 2210 665 2240 illo
681 2210 760 2250 joco
790 2209 823 2240 in

123 2260 364 2291 Demosthenis
414 2260 708 2300 argentanginam.
748 2259 823 2290 vide

124 2310 273 2342 Gellium
286 2311 306 2341 l.
319 2313 350 2341 9.
367 2321 397 2342 c.
417 2313 468 2341 11.
487 2316 521 2341 et
539 2312 646 2351 epigr.
664 2314 695 2342 7.
711 2311 731 2342 l.
747 2314 779 2342 8.

162 2361 270 2391 Epio.
289 2369 402 2391 xcvii.
427 2364 443 2391 1
464 2362 631 2391 Molestum
648 2361 709 2401 est]
744 2361 822 2392 Tibi

123 2411 343 2442 claudicanti.
378 2411 509 2451 Scazon]
535 2411 730 2452 Alloquitur
747 2422 822 2443 ver-

123 2472 194 2492 sum
210 2471 317 2499 suum,
333 2461 389 2501 qui
412 2466 536 2492 caetera
558 2462 742 2502 jambicus,
759 2462 823 2493 nisi

124 2511 213 2553 quod
230 2512 264 2541 in
288 2511 407 2551 quinta
435 2511 515 2542 sede
541 2512 645 2543 habet
657 2512 822 2552 jzmrburn,

123 2568 158 2593 et
175 2563 206 2593 in
224 2562 505 2602 ultimajambum
523 2567 630 2594 mutat
646 2563 823 2603 Spond‘aeo.

123 2613 325 2645 Claudicare
357 2613 472 2654 itaque
498 2613 644 2653 videtur,
671 2614 758 2645 unde
787 2619 822 2644 et

123 2673 247 2694 nomen
261 2673 278 2693 a
291 2661 408 2701 σκάζω.

167 2717 186 2745 2
210 2714 372 2754 Materno]
398 2713 530 2752 Amico,
554 2715 607 2746 cui
631 2716 738 2746 mittit
760 2716 824 2747 hoc

126 2776 182 2806 ep.
199 2765 275 2796 vide
293 2766 316 2795 l.
337 2767 385 2795 10.
402 2765 510 2806 epigr.
524 2768 576 2796 37.
592 2767 642 2796 vel
659 2766 721 2806 ipsi
735 2765 825 2797 forte

127 2815 267 2856 einardo,
283 2815 394 2856 cujus,
411 2816 474 2847 etsi
491 2816 543 2847 hic
569 2827 643 2848 eum
660 2817 826 2849 nominas-

1464 186 1577 227 1127

875 294 942 330 set,
967 291 1180 330 argutissime
1201 301 1278 322 mox
1292 290 1390 331 fingit
1405 289 1468 322 sibi
1485 291 1577 322 cxci-

875 341 964 372 disse
981 351 1118 379 nomen3
1142 341 1230 372 insra
1244 352 1291 372 vs.
1309 344 1361 373 14.

918 394 936 422 3
959 392 1058 422 Dicas
1072 391 1104 422 in
1116 392 1234 431 aurem]
1260 392 1366 431 Clam,
1382 393 1473 423 velut
1491 402 1578 433 mys-

875 442 997 473 terium
1022 442 1178 473 Cereris:
1213 446 1248 472 et
1275 442 1388 482 lepide
1411 442 1576 483 poetaju-

873 493 943 531 bet,
969 497 1007 524 ut
1032 492 1066 523 in
1094 501 1208 522 aurem
1240 492 1345 531 dicat,
1374 503 1476 534 quum
1501 493 1575 534 ipse

875 543 1011 584 publico
1028 553 1126 573 versu
1144 544 1260 583 vulget
1279 552 1340 583 per
1353 544 1480 574 orbem.

915 596 934 625 4
959 595 1091 624 Amator
1106 593 1168 631 ille,
1184 593 1252 633 δῖα]
1275 594 1403 624 Tristes
1421 595 1576 626 lacernas

875 646 1027 687 appellat
1043 644 1158 686 poeta,
1174 645 1281 676 nativi
1298 655 1336 676 ac
1353 645 1503 677 subfusci
1520 657 1577 678 co-

875 697 954 728 loris
970 707 978 735 ;
1002 697 1146 738 qualesa
1163 696 1242 727 viris
1260 695 1384 727 severis
1402 697 1578 736 gestaban-

876 753 943 788 tur,
957 758 1041 788 quos
1059 747 1205 787 puderet
1218 746 1357 777 induere
1372 746 1503 777 colores
1520 747 1580 777 im-

877 797 1003 838 probos
1020 803 1055 828 et
1071 797 1284 828 foeminarum
1304 797 1472 837 proprios.
1499 798 1580 828 Leu-

875 849 1064 888 cophoeatum
1088 848 1235 878 colorem
1261 857 1302 878 ex
1320 848 1420 886 λευκῷ
1447 847 1514 877 albo
1542 852 1578 878 et

875 901 956 939 φαιῷ
979 899 1127 938 subnigro
1143 899 1284 930 mixtum
1302 904 1394 930 recte
1411 899 1580 939 interpre-

877 955 970 981 tatur
997 950 1140 981 Merula.
1174 950 1298 981 Ferrar.
1345 950 1486 988 Amator,
1506 948 1577 988 Cra]

876 1001 941 1034 Qui
968 1005 1080 1041 gestat
1102 1000 1285 1041 laudatque
1317 1000 1427 1040 pullas
1452 1004 1577 1031 vestes.

875 1052 1108 1093 Reprehendit
1134 1052 1203 1091 hic,
1231 1051 1380 1083 tristium
1397 1051 1454 1081 ille
1470 1051 1579 1081 lacer-

875 1112 992 1134 narum
1012 1106 1156 1141 amator,
1177 1111 1347 1142 coccynas
1361 1105 1396 1132 et
1413 1101 1581 1141 amethys-

875 1154 962 1185 tinas
978 1160 1105 1191 vestes,
1125 1158 1285 1194 tanquam
1310 1161 1428 1191 parum
1447 1151 1579 1189 viriles;

875 1209 909 1235 et
926 1204 1078 1245 galbinos
1095 1212 1217 1242 mores,
1232 1206 1268 1232 ut
1296 1202 1415 1232 molles
1436 1206 1472 1231 et
1488 1199 1579 1231 effae-

873 1255 1018 1286 minatos
1034 1259 1131 1285 notat
1147 1254 1200 1284 liic
1229 1253 1412 1284 Martialis.
1457 1253 1581 1283 Lacer-

873 1305 924 1336 nis
954 1315 1034 1346 ergo
1060 1305 1247 1335 utebantur
1275 1304 1306 1334 in
1338 1303 1444 1343 bello,
1460 1307 1580 1343 postea

873 1355 973 1386 etiam
992 1355 1078 1386 domi
1094 1366 1102 1393 ;
1127 1360 1229 1396 atque
1244 1364 1291 1385 cae
1309 1354 1512 1395 quandoque
1530 1357 1580 1384 to-

874 1416 925 1446 gae
943 1405 1203 1446 superinjectae,
1221 1404 1422 1446 quandoque
1440 1412 1579 1444 separa·

875 1457 933 1487 tim
951 1461 1106 1496 sumptae.

915 1511 933 1537 5
960 1507 1004 1537 Et
1021 1506 1194 1546 boeticatas,
1217 1507 1288 1547 gc]
1314 1506 1394 1547 Ipse
1419 1506 1577 1546 Hispano

873 1557 1010 1587 indutus
1026 1557 1153 1596 colore,
1181 1567 1293 1597 quem,
1315 1557 1419 1597 juxta
1440 1556 1579 1594 Boetim,

874 1607 1012 1637 rutilum
1025 1611 1061 1637 et
1085 1606 1217 1637 fuscum
1239 1617 1319 1637 oves
1344 1607 1473 1638 liabent
1489 1606 1578 1637 nati-

874 1667 965 1696 vum,
979 1657 1039 1687 lib.
1058 1660 1108 1688 14.
1126 1667 1181 1697 ep.
1198 1660 1271 1688 133.
1317 1655 1577 1696 Leucophoeatas]

874 1708 978 1738 Veste
1009 1707 1146 1737 indutus
1176 1706 1298 1737 coloris
1316 1716 1333 1736 e
1348 1707 1447 1744 λευκῷ
1460 1705 1527 1736 albo
1543 1709 1580 1736 et

873 1759 951 1797 φαιῷ
965 1758 1113 1795 subnigro
1130 1757 1232 1794 misti,
1245 1755 1382 1797 (Angl.)
1398 1766 1490 1796 gray.

916 1811 936 1838 6
961 1808 1024 1842 Qui
1039 1807 1221 1843 coccinatos,
1237 1805 1307 1846 ἐξα]
1332 1806 1399 1839 Qui
1423 1806 1574 1836 vestibus

873 1868 952 1888 usus
967 1868 1071 1889 cocco
1086 1855 1465 1898 tinctis(Angl.scarlet)
1479 1860 1578 1896 putat

873 1918 947 1940 esse
962 1909 1081 1939 molles
1099 1913 1132 1938 et
1152 1917 1269 1947 parum
1286 1907 1385 1938 viros.

915 1962 934 1990 7
958 1959 1262 2000 Amethystinasque,
1297 1957 1368 1998 ξω]
1414 1956 1577 1997 Dicitque

874 2019 1065 2050 purpureas
1089 2019 1148 2039 seu
1173 2008 1351 2046 violaceas,
1368 2017 1386 2037 a
1403 2007 1514 2037 colore
1530 2006 1579 2036 la-

874 2060 960 2101 pidis
974 2059 1185 2100 Ametliysti,
1198 2060 1306 2100 epigr.
1319 2060 1390 2089 154.
1407 2058 1429 2088 1.
1443 2060 1493 2089 14.
1506 2067 1578 2088 mu-

875 2111 992 2141 lierum
1011 2119 1085 2140 esse
1102 2114 1229 2149 vestem,
1245 2118 1309 2140 non
1323 2108 1481 2139 virorum.

918 2164 937 2192 8
963 2160 1084 2191 Nativa
1100 2160 1221 2199 laudat]
1248 2160 1335 2192 Quae
1354 2168 1420 2189 non
1436 2161 1514 2188 sunt
1527 2167 1580 2188 ar-

875 2210 980 2242 tificio
998 2210 1119 2248 tincta,
1135 2210 1250 2250 quales
1266 2214 1345 2240 sunt
1372 2212 1485 2238 vestes
1502 2208 1578 2238 13ae-

874 2262 966 2300 ticae‚
996 2259 1038 2290 de
1064 2259 1186 2300 quibus
1213 2269 1328 2299 supra,
1352 2268 1438 2289 vers,
1461 2260 1492 2289 4.
1534 2257 1576 2287 Id

875 2312 990 2344 Graeci
1016 2309 1167 2350 αὐτοφυὲς
1193 2310 1323 2341 dicunt.
1358 2308 1494 2347 Habeat,
1509 2308 1578 2348 Sym]

876 2365 919 2394 Et
933 2364 958 2393 si
975 2362 1089 2392 viriles
1106 2365 1219 2400 gestet
1245 2363 1369 2395 vestes,
1394 2358 1577 2389 muliebres

873 2415 974 2445 habet
992 2421 1102 2442 mores
1121 2416 1155 2442 et
1172 2410 1301 2441 molles.

915 2467 935 2494 9
962 2462 1129 2500 Galbanos,
1144 2460 1211 2501 Spa]
1245 2459 1413 2491 Subalbos
1429 2469 1487 2490 seu
1504 2460 1581 2490 lier-

874 2512 971 2544 bacei
987 2511 1121 2548 coloris,
1138 2508 1289 2550 χλωροὺς,
1311 2520 1329 2540 a
1344 2508 1426 2540 flore
1443 2506 1578 2549 galbani

874 2563 991 2595 ferulae
1006 2571 1024 2592 e
1039 2561 1158 2602 Syria:
1177 2561 1230 2592 vel
1243 2561 1363 2592 molles
1377 2561 1484 2591 instar
1497 2561 1579 2592 Gal-

874 2615 926 2645 1)ae
958 2613 1046 2653 Imp.
1077 2611 1285 2643 effoeminati.
1323 2611 1407 2642 Vide
1431 2611 1579 2649 Turneb,

874 2666 896 2697 l.
918 2667 967 2695 17.
989 2674 1017 2693 c.
1033 2667 1064 2693 8.

919 2717 957 2745 11
982 2712 1141 2753 Adspicit,
1154 2711 1223 2753 Sym]
1261 2713 1452 2754 Despectat
1472 2713 1580 2752 ingui-

877 2776 940 2797 na:
971 2766 1093 2804 cp.64.
1109 2764 1168 2796 lib.
1186 2767 1238 2795 ll.

922 2820 960 2848 12
988 2814 1218 2847 Det-orantibus
1243 2813 1385 2853 draucos]
1429 2814 1579 2846 Pascen-
