1866 3131
264 179 376 221 1314

305 287 407 317 Eme.
426 295 481 317 μ’.
507 283 721 316 Numidicum
731 289 766 315 et
781 284 961 314 immanem

262 338 394 368 leonem
413 346 431 367 a
449 336 584 367 Caesare
609 336 642 366 iu
664 345 799 366 arenam
824 335 960 365 missum

263 393 300 418 et
316 387 464 418 occisum
481 386 611 418 laudat.

306 442 321 469 1
348 439 588 478 Blassyla,§·c.]
620 439 687 469 Per
710 439 842 469 deserta
868 437 959 468 Afri-

262 498 325 520 cae.
358 489 523 530 Massylia
539 494 650 520 autem
668 489 786 529 Libyae
803 499 880 529 pars
898 494 958 519 est.

302 542 322 569 2
345 539 457 579 Furit]
482 540 622 578 Fremit,
640 540 752 579 rugitu
770 540 900 570 reboat.

302 592 320 620 3
347 589 506 630 Pallidus]
529 591 637 621 Metu.
683 589 858 629 Attonitos]
884 590 956 620 Me-

258 644 296 670 tu
311 640 466 680 stupidos
479 645 579 681 atque
592 639 738 681 ἔκφρονας
749 640 792 671 ob
809 640 955 679 rugitum

255 690 403 722 leonum.
448 690 562 730 Poemz]
589 691 630 721 Id
653 696 717 729 est,
732 690 871 721 Punica.

299 744 317 770 5
346 741 462 771 Tantus
476 741 509 771 z'n
524 741 674 780 Ausonia,
690 741 759 781 lisa]
796 741 873 771 Non
895 741 955 771 mi·

255 801 339 823 nore
357 792 469 832 rugitu
492 791 631 823 fremuit
652 802 762 832 nuper
783 793 833 824 leo
857 793 953 824 terri-

254 842 333 874 bilis
350 843 383 873 in
400 844 497 874 Rom.
510 842 783 883 Amphitheatro.

298 897 317 924 7
341 893 403 924 Sed
419 894 504 932 cujus
519 897 697 933 tremerent,
712 893 780 933 Esca]
816 893 883 925 Sed
904 898 952 925 ta-

253 944 307 981 lis,
323 945 376 974 cui
395 953 533 984 reguum
551 949 586 974 et
602 944 835 984 suinmumjus
852 943 951 975 cede-

255 999 334 1026 rent
351 995 470 1025 caeteri
484 995 614 1034 leones,
629 999 665 1025 ut
682 995 771 1025 leoni
784 994 868 1026 ferae
888 1005 952 1026 cae-

255 1049 347 1076 terzo.

295 1099 314 1126 S
340 1096 500 1126 Marmore
520 1096 622 1136 picta]
662 1096 833 1127 Marmore
860 1097 953 1127 clara

251 1146 423 1178 Numidia.
470 1147 627 1177 Numidae
657 1146 750 1186 prius
779 1147 951 1178 Nomades

251 1197 334 1227 dieti
351 1207 368 1227 a
393 1195 493 1236 νέμωε
517 1197 642 1228 Salust.
671 1201 706 1227 et
723 1197 814 1228 Plin.
842 1197 900 1228 lib.
918 1201 949 1228 5.

251 1248 384 1288 Nomas]
408 1249 532 1280 Graeca
556 1258 619 1279 vox
649 1248 769 1278 Latine
796 1248 950 1278 Numidi-

249 1308 302 1328 am
333 1299 435 1338 valet,
466 1308 541 1339 quae
572 1298 743 1329 maculoso
781 1307 948 1329 marmore

250 1348 411 1380 abundat.

291 1401 311 1429 9
337 1400 365 1429 Ο
381 1403 530 1439 quantum
554 1399 659 1439 decus]
692 1399 816 1431 Jubam
845 1400 946 1440 iusig-

247 1458 324 1479 nem
344 1454 443 1480 vocat
467 1451 476 1467 ⁴
491 1450 594 1480 decus
609 1450 631 1480 :'
656 1456 733 1481 sunt
751 1456 864 1482 autem
888 1451 945 1491 ju-

246 1499 318 1530 bati
335 1500 450 1530 leones
467 1500 752 1540 praestantissimi.

290 1552 330 1580 10
353 1551 458 1581 Aurea
482 1551 606 1590 lunatoe,
632 1551 701 1591 ἐξα]
738 1551 822 1582 Cum
851 1550 944 1582 fulva

240 1599 327 1639 juba
343 1599 497 1631 horreret
514 1605 631 1631 erecta
654 1601 803 1641 undique
829 1601 861 1631 in
890 1611 942 1632 or-

244 1650 336 1689 bem,
353 1651 393 1681 ad
411 1651 544 1682 modunl
561 1652 668 1691 plenae
684 1652 783 1690 lunae,
805 1653 942 1693 ejusque

244 1702 445 1733 extremitas
462 1712 564 1733 aureo
580 1701 711 1742 fulgore
736 1702 942 1742 splenderet.

245 1752 390 1785 Quidam
419 1753 501 1783 Mss.
531 1752 732 1792 praeferunt,
758 1762 827 1783 cum
852 1753 942 1784 stetit

242 1802 463 1840 umbrajubae:
487 1813 587 1843 quain
611 1812 726 1833 veram
747 1811 818 1832 esse
835 1803 939 1843 scrip-

242 1857 365 1890 turam,
393 1858 427 1883 et
453 1852 603 1883 umbram
621 1861 857 1892 saepenumero
873 1852 940 1883 dici

242 1903 381 1942 capillos
399 1907 436 1934 et
451 1904 560 1934 crines
577 1903 790 1934 demonstrat
807 1903 939 1934 Grono-

240 1954 314 1983 vius
343 1953 402 1984 lib.
426 1957 458 1984 4.
506 1954 591 1985 Obs.
619 1963 694 1994 cap.
727 1957 778 1985 17.
824 1954 938 1993 Stetit]

239 2003 426 2035 Iuhorruit.
467 2005 536 2035 Leo
548 2004 648 2042 enim,
660 2003 723 2034 sibi
740 2003 938 2034 certandum

240 2055 496 2096 videns,jubam
513 2055 635 2093 erexit,
658 2060 695 2085 ut
712 2054 862 2085 homines
877 2064 937 2095 per

237 2105 393 2136 timorem
410 2106 545 2145 erigunt
561 2115 701 2136 comam.

282 2159 320 2186 11
348 2156 493 2187 Grandia
517 2155 703 2196 quam,&c.]
743 2156 853 2188 Quam
876 2165 937 2196 par

238 2205 304 2238 fuit
320 2208 441 2247 grandi
458 2207 625 2238 venabulo
642 2207 649 2237 !

282 2261 322 2289 12
346 2259 397 2289 De
412 2268 525 2298 magna
540 2258 670 2297 gaudia,
685 2256 754 2297 ᾅό]
790 2256 844 2288 Ab
861 2258 935 2298 ipso

235 2308 462 2348 Imperatore,
487 2308 718 2348 Carpophoro,
735 2307 934 2347 Glabrione,

236 2359 291 2389 vel
315 2359 380 2390 alio
402 2359 504 2389 nobili
523 2359 686 2389 bestiario
703 2368 822 2389 caesuS.
868 2359 930 2389 Vel

235 2417 390 2449 magnam
415 2414 558 2439 mortem
584 2408 625 2439 de
647 2407 722 2439 fera
749 2418 870 2449 magna
897 2414 932 2440 et

235 2458 383 2494 immani,
400 2463 435 2489 et
462 2459 494 2489 in
511 2459 648 2498 publico
675 2469 751 2490 cum
769 2459 930 2491 bestiario

237 2509 348 2540 valido
365 2515 550 2548 pugnante,
563 2509 784 2550 interpretari
801 2511 918 2551 possis.

278 2561 316 2589 13
348 2559 436 2590 Unde
463 2561 539 2599 tuis,
563 2560 675 2600 Libye]
711 2560 927 2601 Apostrophe

235 2608 278 2639 ad
303 2609 457 2649 Libyam,
479 2610 613 2640 leonum
639 2610 801 2650 feracem,
829 2621 928 2652 quam

232 2658 366 2689 beatam
382 2659 548 2699 praedicat
564 2659 607 2690 ob
622 2664 690 2690 tam
706 2661 862 2691 eximiam
880 2659 930 2691 fe-

232 2717 318 2739 ram.

276 2761 314 2789 14
338 2759 366 2790 A
386 2759 524 2800 Cybeles,
541 2760 610 2800 θα]
639 2760 690 2792 Ab
710 2761 784 2800 Ida,
797 2761 850 2793 vel
864 2761 927 2793 alio

732 187 872 217 NOTAE
906 186 1165 218 VARIORUM
1201 189 1250 218 IN

1011 282 1169 323 Phrygiae
1185 288 1311 322 monte,
1323 283 1376 314 cui
1394 287 1517 323 praeest
1531 282 1671 323 Cybele,
1688 291 1707 312 a

1009 340 1153 374 quatuor
1169 333 1320 364 leonibus
1336 343 1437 364 curru
1453 338 1564 364 vecta.

1053 387 1089 414 15
1117 383 1286 423 Ηιιτιιὶεο,
1299 385 1368 425 ξω]
1403 384 1521 425 Epigr.
1538 386 1589 415 57.
1605 382 1663 414 lib.
1675 384 1707 413 4.

1010 443 1098 465 vers,
1115 438 1150 465 5.

1053 488 1094 516 16
1117 485 1242 524 Frater,
1258 486 1304 517 vel
1317 489 1420 526 pater,
1438 485 1509 526 Sym]
1541 485 1637 517 Titus
1652 484 1706 515 vel

1006 536 1240 576 Vespasianus
1253 537 1285 567 iu
1302 538 1396 568 Deos
1410 537 1520 567 relati.

1050 587 1154 616 Eme.
1171 595 1244 618 Lw.
1260 590 1275 617 1
1299 585 1498 627 Temporibus
1506 583 1706 623 nostrissssc]

1007 638 1128 669 Nullos
1141 639 1189 670 ait
1200 649 1258 670 suo
1271 644 1424 679 tempore
1433 635 1705 678 Virgilios,quod

1004 688 1087 718 nulli
1098 688 1164 720 sint
1175 689 1396 721 Maecenates.
1407 689 1554 720 Videtur
1562 688 1706 719 Flaccus

1005 739 1046 769 de
1060 739 1224 770 Martiale
1249 745 1400 781 questus,
1425 739 1514 781 quod
1531 747 1703 779 nunqnam

1003 789 1052 820 ita
1068 799 1104 821 se
1120 790 1304 830 laudasset,
1320 796 1357 821 ut
1368 790 1602 829 Parthenium,
1613 789 1701 819 Pau-

1003 840 1084 879 lum,
1112 846 1147 871 et
1179 840 1316 880 Rufum,
1343 841 1399 882 qui
1423 841 1511 872 dona
1540 840 1704 871 miserant

1002 890 1135 929 Poetae,
1151 896 1187 922 et
1199 891 1309 922 Poeta
1326 891 1471 922 vicissim
1487 891 1644 924 Carmen.
1666 889 1703 920 Si

1003 941 1068 981 vis,
1083 942 1206 982 inquit,
1230 953 1249 973 a
1264 952 1318 973 me
1335 942 1480 981 laudari,
1503 942 1545 972 da
1561 950 1703 972 munera

1002 992 1220 1032 Maecenatis,
1236 999 1269 1024 et
1286 1003 1342 1024 ero
1359 999 1450 1032 tuuS,
1467 993 1494 1024 si
1508 1002 1574 1024 non
1590 992 1702 1032 Virgi-

1002 1043 1079 1083 lius,
1092 1049 1187 1075 certe
1202 1044 1347 1075 Marsus.
1373 1044 1455 1076 Rad.
1503 1045 1580 1075 Cum
1595 1042 1699 1082 cedat]

1003 1094 1069 1126 Qui
1085 1094 1139 1134 fit,
1166 1100 1202 1126 ut
1228 1100 1346 1126 nostro
1362 1104 1446 1134 aev0,
1463 1105 1528 1137 quo
1552 1093 1700 1125 maxime

1001 1144 1102 1177 floret
1117 1147 1238 1186 Roma,
1252 1147 1335 1176 nulli
1350 1145 1495 1177 floreant
1509 1146 1626 1177 vates?

1043 1199 1062 1226 2
1079 1197 1166 1227 Duce
1181 1197 1281 1227 Roma
1295 1196 1364 1236 suo]
1387 1196 1476 1237 Imp.
1487 1195 1699 1227 Domitiano.

999 1247 1118 1288 Epigr.
1138 1251 1188 1278 19.
1207 1248 1264 1278 lib.
1279 1252 1312 1278 5.

1041 1301 1059 1326 5
1089 1297 1368 1337 Moece11ates,a-c.]
1386 1297 1452 1330 Qui
1465 1295 1605 1327 foveant
1619 1295 1699 1336 poe'-

999 1350 1073 1385 ἴδες
1095 1348 1185 1388 quod
1202 1347 1286 1378 fecit
1311 1347 1348 1378 C.
1372 1347 1500 1378 Cilnius
1516 1347 1701 1377 Maecenas.

1039 1400 1057 1428 7
1081 1397 1479 1438 Jugerape12di11er11t‚8,-c.]
1514 1397 1602 1428 Vide
1620 1397 1697 1428 Vir-

997 1448 1067 1487 gilii
1089 1449 1203 1478 Vitam
1228 1453 1263 1478 et
1289 1447 1409 1488 Eclog.
1433 1451 1462 1478 l.
1491 1453 1527 1478 et
1551 1451 1582 1478 9.
1608 1447 1696 1478 unde

995 1498 1057 1528 hoc
1086 1498 1274 1530 hemistich.
1296 1499 1305 1515 ⁴
1321 1498 1451 1529 miserae
1477 1498 1587 1529 vicina
1614 1499 1695 1530 Cre·

994 1549 1127 1581 monae.’

1037 1603 1056 1630 8
1082 1601 1210 1641 Tityrus
1231 1610 1315 1640 oeger
1337 1599 1421 1640 oves]
1453 1599 1616 1640 Virgilius
1631 1599 1694 1630 sub

994 1660 1140 1691 persona
1156 1652 1280 1692 Tityri,
1298 1651 1416 1691 Eclog.
1436 1653 1465 1681 1.

1034 1706 1054 1733 9
1082 1703 1195 1733 Tuscus
1223 1702 1324 1742 eques]
1360 1702 1532 1733 Maecenas
1555 1701 1692 1742 regibus

994 1753 1148 1784 Etruscis
1162 1753 1333 1784 oriundus.

1036 1805 1075 1834 12
1101 1803 1264 1842 Nostrum,
1274 1802 1374 1842 dixit]
1396 1801 1562 1832 Pollionis
1578 1806 1691 1832 tamen

990 1851 1093 1883 fnisse
1108 1853 1195 1884 hunc
1213 1863 1353 1893 puerum
1367 1853 1513 1884 adstruit
1524 1852 1691 1893 Apuleius

990 1903 1091 1943 Apol.
1121 1907 1149 1934 1.
1182 1908 1217 1934 et
1245 1904 1411 1934 Donatus.
1456 1904 1573 1934 Alexin
1592 1903 1690 1942 ames]

990 1954 1118 1985 Notum
1133 1964 1174 1985 ex
1193 1955 1321 1993 Ecloga
1335 1957 1366 1985 2.
1382 1954 1478 1994 Virg.

1033 2007 1071 2034 13
1095 2004 1240 2044 Domini]
1276 2005 1487 2035 Maecenatis.
1538 2004 1688 2035 Pulcher-

987 2054 1099 2094 rimus]
1117 2056 1208 2086 Puer
1219 2055 1432 2093 Maecenatis,
1444 2054 1512 2085 vati
1529 2054 1687 2086 dilectus.

987 2103 1036 2135 At
1066 2104 1245 2144 Apuleius,
1271 2105 1304 2135 in
1335 2103 1515 2145 Apologia,
1542 2115 1686 2145 puerum

987 2154 1086 2186 amici
1103 2155 1153 2185 sui
1168 2155 1329 2186 Pollionis
1344 2154 1447 2186 fuisse
1463 2156 1558 2187 dicit.
1602 2157 1685 2186 Tur-

986 2205 1061 2236 neb.
1076 2205 1162 2236 libro
1178 2208 1232 2236 29.
1248 2206 1361 2246 capite
1376 2208 1425 2237 13.
1471 2205 1545 2246 Ille]
1566 2205 1685 2238 Alexis

985 2255 1039 2285 vel
1056 2255 1259 2288 Alexander.

1028 2308 1066 2336 14
1091 2307 1270 2337 Marmorea
1282 2306 1430 2347 fundenS,
1444 2307 1514 2347 ξω]
1531 2307 1684 2339 Canden-

984 2354 1007 2384 ti
1025 2355 1140 2394 purius
1163 2356 1265 2387 Pario
1293 2367 1479 2388 marmore:
1513 2362 1547 2388 et
1570 2357 1680 2388 ἀντιτί-

983 2406 1119 2443 θεταιτῷ
1134 2407 1142 2422 ‘
1156 2406 1250 2446 nigra
1270 2406 1434 2438 Falerna.’

1025 2458 1062 2487 17
1089 2456 1218 2487 Excidit
1249 2458 1392 2498 attonito,
1421 2457 1488 2498 ism]
1532 2458 1678 2490 Excide-

981 2511 1060 2537 runt
1070 2507 1116 2537 illi
1130 2508 1315 2548 Bucolica;
1338 2519 1403 2540 non
1417 2510 1558 2550 amplius
1571 2511 1677 2550 scrip-

981 2557 1024 2587 sit
1051 2557 1187 2588 humilia
1219 2559 1376 2591 Carmina
1399 2560 1441 2591 de
1465 2561 1612 2592 Galatea
1642 2565 1676 2591 et

981 2607 1137 2648 Thestyli
1149 2609 1218 2639 sole
1232 2614 1379 2649 perusta.

1023 2661 1062 2689 18
1089 2659 1258 2699 Thestylis]
1281 2660 1420 2692 Excidit
1431 2664 1466 2691 et
1480 2661 1550 2691 haec
1564 2670 1675 2701 agres-

979 2707 1023 2740 tis
1040 2709 1151 2749 puella
1166 2710 1198 2740 in
1217 2711 1304 2751 agris
1321 2715 1355 2742 et
1371 2711 1438 2742 ruri
1454 2715 1598 2742 versata.

1021 2763 1061 2791 19
1084 2761 1211 2792 Italiam
1227 2762 1378 2803 concepit]
1401 2762 1585 2794 Historiam
1603 2761 1670 2794 Ita·
