1866 3131
352 211 400 241 M.
436 211 544 241 VAL.
579 209 852 240 MARTIALIS
891 211 1053 242 EPIGR.
1089 211 1181 241 Lm.
1219 211 1321 241 vm.

123 306 311 348 aviumque.
354 306 512 337 Tesseras
526 315 606 346 ergo
622 310 657 336 et
670 305 818 345 spliaeru·

123 358 171 387 las
202 367 260 387 seu
291 356 441 396 globulos
476 357 620 397 populus
651 355 818 396 rapiebat,

123 417 225 448 quum
243 407 476 446 jactarentur3
501 412 547 445 et,
569 407 657 448 quod
679 406 817 448 quisque

122 459 154 488 in
171 463 297 488 tessera
315 458 444 497 siguum
468 457 630 496 habebat,
655 457 736 488 illud
763 467 818 488 ac-

121 508 271 548 cipiebat
284 508 325 538 ab
340 508 564 548 Imperatore,
576 513 625 547 ut,
638 509 662 538 si
681 513 817 539 tesserae

122 564 215 590 esset
245 558 426 598 inscriptus
454 568 585 597 cervus⁷
618 568 734 599 equus,
759 558 819 589 do-

123 620 207 649 mus,
229 609 375 646 domum,
399 618 535 649 ΘἿΙΠΙΙΠ,
562 609 613 639 VCl
638 618 774 639 cel'Vllln
799 618 818 639 ἃ.

123 663 259 692 Caesare
297 660 350 690 vel
388 659 577 690 munerario
617 658 819 699 accipiebat.

122 711 264 741 missilia
288 720 368 750 ergo
391 719 459 739 rem
480 710 585 749 ipsam
603 715 769 750 spargunt
785 713 820 740 et

120 761 278 791 mittunt:
297 764 433 790 tesserie
450 760 671 799 promittuut:
688 760 735 791 ita
753 769 818 791 non

120 811 294 841 laceratur
310 810 512 850 rapientium
530 810 679 841 manibus
696 811 818 842 absens

120 861 204 898 avis,
235 864 270 890 et
300 859 419 899 implet
446 860 536 890 sinus
564 870 725 891 securos:
760 862 817 902 qui

121 912 210 941 enim
225 910 258 941 in
275 910 381 941 sinum
397 910 552 941 condidit
567 915 740 949 tesseram,
753 920 818 942 non

120 962 242 992 metuit
255 970 295 991 ne
309 961 421 991 evolet
433 961 515 1000 avis,
527 960 586 991 sed
602 970 742 992 securus
756 966 818 993 est.

121 1011 270 1042 Turneb.
288 1011 349 1041 lib.
368 1014 420 1041 29.
437 1021 513 1051 cap.
531 1013 564 1042 9.

165 1064 202 1093 ll
227 1061 359 1092 Securos
371 1063 500 1102 gaudet,
522 1062 590 1102 δῖα]
618 1062 752 1093 Viritim
769 1063 818 1094 di-

120 1112 213 1143 visa:
238 1112 291 1142 vel
316 1121 381 1142 non
408 1112 632 1152 cogitantium
656 1119 714 1144 aut
737 1124 816 1154 cap-

119 1163 280 1195 tantium:
300 1163 353 1193 vel
369 1162 489 1203 quibus
506 1162 593 1194 forte
611 1173 672 1204 per
684 1165 816 1205 symbo-

119 1215 186 1245 lum
202 1213 357 1251 contigit.

162 1266 202 1295 12
219 1263 360 1294 Sortitur
373 1263 527 1304 dominos]
542 1264 610 1296 Qui
626 1264 817 1305 symbolum

113 1315 247 1355 jactum
265 1318 489 1354 occuparunt.

161 1367 198 1395 13
220 1365 303 1400 Quid
315 1374 468 1396 numerem
478 1365 601 1405 currus]
618 1364 817 1406 Aurigarum

117 1415 298 1447 factiones.
339 1415 399 1446 Ter
414 1417 563 1456 denaque,
573 1415 640 1455 alc]
658 1416 819 1456 Ingentia

120 1466 338 1497 victoriarum
369 1467 521 1506 praemia.
580 1467 702 1497 Palma
729 1466 818 1497 euim

119 1518 235 1549 multis
251 1517 438 1558 praemium.
479 1516 695 1548 Gladiatores
712 1517 819 1548 victo-

119 1577 174 1598 res
190 1577 265 1598 cum
281 1567 394 1607 palma
409 1566 660 1598 discurrebant.

164 1620 203 1649 14
227 1617 305 1652 Qnae
320 1618 404 1653 dare,
420 1616 489 1656 δῖα]
511 1617 613 1648 Plura
629 1627 726 1657 quam
743 1627 818 1658 quae

122 1668 175 1699 vel
191 1668 256 1698 dno
272 1668 425 1698 consules
443 1668 475 1697 in
492 1667 580 1698 ludis
596 1668 660 1698 suis
675 1672 709 1698 et
726 1677 820 1708 spec-

119 1720 241 1751 taculis
256 1719 350 1750 dant.
396 1718 450 1749 Au
467 1720 584 1750 consul
601 1724 674 1749 crat
692 1719 819 1750 Stella?

121 1781 163 1801 an
181 1770 285 1801 votivi
301 1770 333 1800 hi
350 1769 443 1800 ludi?

164 1824 204 1852 16
224 1821 313 1856 Quod
324 1824 535 1861 spectatorem,
546 1820 616 1860 δῖα]
633 1820 734 1853 Quod
751 1819 821 1860 dig-

120 1872 210 1903 naris
225 1877 283 1902 tua
300 1871 482 1912 praesentia
498 1871 595 1901 ludos
612 1872 683 1909 lios,
700 1870 819 1911 quibus

118 1923 229 1954 Stella
244 1923 396 1953 celebrat
413 1922 562 1952 lauream
579 1926 671 1951 tuam
689 1922 820 1952 Sarma-

121 1973 234 2005 ticam.

164 2025 268 2055 Epic.
282 2031 408 2054 Lxmx.
426 2026 443 2053 5
456 2022 510 2053 Sic
516 2021 666 2060 formosa,
681 2020 820 2059 Fabulla,

119 2075 190 2115 Era]
212 2075 308 2106 Inter
331 2075 391 2105 has
408 2073 536 2104 vetulas
553 2079 588 2103 et
604 2075 742 2111 turpes:
768 2070 818 2101 his

119 2126 260 2157 aniculis
284 2131 318 2156 et
337 2123 514 2155 silicerniis
531 2123 668 2161 collata,
687 2122 734 2152 vis
752 2121 820 2152 for-

120 2186 214 2207 mosa
229 2181 264 2207 et
281 2176 390 2216 puella
407 2174 524 2205 videri.

162 2227 266 2257 Epic.
285 2234 395 2257 Lxxx.
411 2224 616 2264 Pugillatum
631 2232 817 2254 exercuere

121 2276 384 2314 Lacedaemonii,
405 2275 545 2316 ejusque
567 2284 689 2315 pugnae
707 2279 818 2305 aucto-

121 2336 191 2357 rem
213 2325 388 2356 Pollucem
405 2325 556 2356 traduut.
599 2325 816 2356 Domitianus

115 2378 188 2417 jam
203 2375 345 2406 desitum
362 2375 562 2416 pugillatum
580 2376 752 2408 revocavit
767 2385 775 2414 3
798 2386 818 2406 a

120 2437 186 2469 quo
203 2425 294 2457 facto
315 2425 426 2456 Poeta
448 2425 565 2456 laudat
583 2426 765 2465 Caesarem,
782 2432 817 2458 et

120 2478 266 2510 affirmat
291 2477 340 2507 illi
365 2476 398 2507 in
415 2477 565 2517 acceptis
582 2475 760 2508 reserenda
781 2482 818 2508 et

121 2529 261 2570 antiqua
277 2534 311 2558 et
327 2527 480 2558 recentia
501 2528 712 2567 spectacula,
736 2532 817 2558 tem-

121 2580 189 2621 pla,
205 2581 268 2610 &c-
294 2579 445 2609 Raderus.

164 2633 180 2661 1
199 2629 382 2660 Sanctorum
394 2627 495 2667 nobis]
512 2627 707 2667 Pugilatum
722 2638 816 2659 rcvo-

121 2689 188 2711 cas.
235 2678 406 2718 Miracula]
429 2680 513 2710 Quae
529 2677 714 2710 mirabatur
730 2679 814 2709 anti-

123 2739 187 2771 qua
205 2729 411 2770 simplicitas,
436 2728 490 2759 illa
517 2728 694 2760 revocasti.
741 2729 815 2761 Nec

1453 201 1565 243 1323

867 304 955 335 enim
972 305 1196 345 gladiatorum
1212 310 1354 338 cruenta
1369 308 1566 347 spectacula

869 356 998 395 priores
1023 357 1164 387 Romani
1189 358 1352 396 edidere3
1377 366 1440 389 nec
1464 367 1564 388 vena-

867 406 975 437 tiones
992 411 1058 437 tam
1076 406 1180 445 feras,
1208 412 1246 438 ut
1268 418 1344 439 cum
1366 407 1448 440 feris
1463 417 1564 449 coge-

867 461 985 487 rentur
999 466 1149 496 pugnarc
1166 458 1328 489 homines.
1354 458 1436 490 lead.

909 510 928 537 2
953 508 1039 537 Cana
1055 506 1149 546 mori]
1174 506 1339 547 Antiqua,
1356 508 1481 548 prisca.

909 561 928 589 3
948 559 1026 589 Cum
1040 557 1170 597 veteres]
1189 557 1277 587 Olim
1296 558 1426 598 pugiles
1443 558 1476 588 in
1493 558 1565 589 Cir-

867 609 1022 640 censibus
1038 607 1358 646 committebautur3
1375 613 1411 639 tu
1424 618 1566 640 revocas

863 660 952 690 illam
984 658 1281 689 consuetudinem.
1339 658 1468 698 Arenae]
1498 658 1566 691 Qui

869 710 1050 751 majoribus
1071 708 1193 740 nostris
1209 707 1314 748 Troja
1337 707 1500 747 profectis
1518 709 1568 738 in-

870 765 922 793 ter
945 761 1153 802 spectacula.
1199 759 1294 790 Petr.
1315 758 1504 789 Scriverius
1525 759 1567 788 de

869 812 1110 852 gladiatoribus
1138 809 1308 850 intelligit.
1355 807 1455 841 Quod
1471 813 1508 839 et
1524 808 1567 839 de

869 863 1022 903 pugilatu
1044 861 1182 893 dieitur.
1226 860 1282 891 Sic
1300 860 1406 890 Dares
1428 859 1437 875 ‘
1453 859 1566 890 Buten

869 913 963 944 fulva
986 912 1222 943 moribundum
1248 910 1403 941 extendit
1428 919 1531 940 arena
1547 909 1569 940 :’

868 968 968 1005 atque
985 963 1139 995 Entellus
1163 963 1172 979 ‘
1187 962 1301 1001 ingens
1318 959 1429 991 inedia
1444 959 1568 991 consis-

869 1014 912 1045 tit
926 1013 1053 1053 arena‚'
1076 1011 1235 1044 AEneidos
1252 1015 1282 1042 5.

909 1067 929 1095 4
953 1064 1148 1104 Simpliciore
1171 1062 1278 1102 manu]
1313 1061 1441 1101 Pugnis
1469 1060 1567 1092 nudis

869 1115 921 1145 vel
939 1115 1110 1146 caestib'us.

909 1169 927 1196 5
952 1165 1005 1196 Sic
1019 1165 1130 1205 priscis
1143 1168 1298 1202 servatur,
1313 1162 1382 1204 &eff
1405 1163 1453 1193 Ut
1468 1161 1565 1192 ludos

867 1219 1000 1245 veteres
1017 1214 1259 1253 insta111*aS,ita
1274 1213 1401 1253 templa
1416 1212 1567 1253 quamvis

868 1265 1005 1295 humilia
1021 1264 1115 1302 colis,
1140 1272 1326 1304 magnaque
1351 1262 1394 1293 ob
1416 1266 1566 1292 sanctam

868 1319 1074 1346 vetustatem
1091 1314 1125 1344 in
1141 1313 1362 1345 veneratione
1379 1312 1493 1343 habes.

909 1368 929 1396 6
954 1366 998 1396 Et
1013 1375 1094 1400 casa,
1115 1365 1185 1405 ᾇτ’]
1208 1364 1283 1395 Nec
1299 1364 1451 1404 Jupiter,
1467 1363 1568 1394 dona-

868 1416 926 1446 riis
940 1421 1111 1457 utcunque
1125 1415 1219 1445 dives
1232 1419 1268 1445 et
1281 1413 1467 1454 magnificis
1482 1418 1567 1444 tem-

869 1468 932 1507 plis
948 1469 1071 1506 cultus‚
1095 1466 1227 1498 fastidit
1247 1466 1405 1496 humilem
1423 1475 1515 1496 suam
1533 1466 1567 1496 iu

870 1518 1037 1558 Capitolio
1050 1527 1180 1549 casam:
1199 1527 1260 1548 uec
1275 1516 1493 1547 Domitianus
1506 1516 1567 1548 Ju-

869 1568 959 1609 piter
971 1574 1097 1608 noster,
1113 1568 1258 1598 intanta
1272 1567 1495 1608 gladiatorum
1511 1577 1568 1598 co-

869 1619 1148 1659 pia,dediguatur
1158 1623 1315 1659 spectare
1329 1618 1470 1658 pugiles.
1497 1618 1569 1648 Cul-

869 1673 900 1699 ιο
914 1669 1007 1709 Jove]
1022 1670 1103 1700 Tam
1120 1669 1226 1700 divite
1242 1673 1276 1700 et
1292 1667 1469 1709 magnifico
1483 1672 1567 1700 tern-

870 1721 946 1760 plis.

910 1773 929 1801 7
957 1771 1047 1801 Nova
1069 1771 1141 1801 dum
1162 1770 1281 1809 condis,
1303 1769 1372 1810 ξω]
1400 1769 1565 1809 Templa:

869 1820 1077 1861 Epigramm.
1092 1823 1124 1851 4.
1141 1821 1200 1851 lib.
1216 1824 1248 1851 9.
1266 1830 1350 1852 vers.
1368 1822 1399 1851 S.
1411 1824 1446 1850 et
1461 1820 1567 1860 Spec-

868 1872 994 1901 tacula.

910 1922 1015 1952 EP1G.
1034 1929 1160 1952 Lxxxx.
1185 1921 1296 1952 Gellia
1313 1921 1385 1953 vita
1405 1931 1464 1952 sua
1488 1920 1565 1952 cha-

869 1972 973 2002 riores
991 1971 1138 2002 habebat
1155 1981 1319 2012 gemmas,
1346 1972 1418 2002 sine
1444 1971 1566 2013 quibus

868 2022 1015 2061 negabat
1032 2031 1066 2051 se
1085 2031 1182 2061 posse
1202 2022 1325 2053 vivere.
1363 2021 1474 2052 Poeta
1490 2030 1566 2062 pre-

867 2077 978 2111 catur,
994 2076 1031 2102 ut
1048 2082 1067 2102 a
1082 2071 1157 2102 fure
1181 2073 1309 2103 Sereno
1334 2082 1476 2111 gemmae
1500 2072 1567 2103 cle-

868 2127 1004 2163 pantur,
1020 2122 1199 2163 Gelliaque
1222 2123 1396 2153 moriatur.
1420 2123 1501 2153 Rau.

911 2175 926 2202 l
952 2172 1091 2212 Myseica
1105 2171 1209 2211 sacra]
1233 2172 1338 2203 Initia
1354 2177 1389 2203 et
1405 2173 1566 2212 mysteria

867 2224 953 2254 Deae
971 2222 1202 2263 Dindymenes
1225 2223 1377 2254 Catullus
1398 2224 1565 2255 crotalum

866 2280 902 2305 ct
915 2278 1109 2314 tympanum
1123 2272 1228 2303 fuisse
1242 2273 1346 2304 canit.
1369 2273 1471 2303 Forte
1488 2282 1564 2314 pos-

865 2329 943 2355 sunt
959 2323 1014 2353 hic
1030 2322 1173 2363 mystica
1192 2332 1288 2353 sacra
1309 2322 1418 2363 accipi
1440 2332 1501 2363 pro
1516 2333 1567 2354 sa-

865 2375 931 2406 cris
958 2375 1064 2405 Bonae
1090 2374 1192 2412 Deae,
1216 2383 1290 2414 quae
1312 2373 1392 2404 solae
1414 2373 1564 2406 soeminae

865 2425 1043 2456 curabant.
1101 2423 1326 2463 Dindymenes]
1356 2423 1513 2464 Cybeles,
1543 2435 1565 2456 a

865 2476 1051 2516 Dindymo‚
1064 2478 1179 2505 monte
1194 2474 1370 2515 Phrygiae3
1396 2475 1449 2506 vel
1467 2475 1563 2507 bonae

865 2529 964 2558 Deae.

907 2580 926 2607 2
952 2576 1019 2606 Nec
1043 2584 1099 2615 per
1128 2573 1273 2613 Niliacae,
1299 2572 1369 2614 δῖα]
1399 2574 1476 2606 Nec
1499 2584 1563 2615 per

865 2626 965 2667 Apim
983 2626 1117 2663 bovem,
1128 2624 1188 2654 sub
1202 2624 1300 2664 cujus
1313 2624 1426 2665 specie
1438 2626 1564 2667 AEgyp-

866 2677 904 2708 tii
928 2676 1088 2707 colebant
1112 2674 1249 2713 Osirim,
1272 2674 1324 2705 cui
1348 2675 1463 2715 nupsit
1484 2676 1562 2717 Isis,

866 2726 1099 2768 AEgyptiorum
1116 2734 1157 2756 ex
1176 2724 1214 2755 10
1228 2734 1333 2756 vacca
1349 2724 1425 2757 dea.
