1866 3131
404 183 452 212 M.
491 184 601 213 VAL.
635 183 909 213 MAR'l‘lALls
945 184 1104 215 Efficit.

186 280 206 308 ¹2
230 277 376 316 Vatreno,
395 278 589 318 Eridanoque
600 278 763 317 pigriores,
779 276 847 316 ἔμε]

146 327 254 357 Locus
270 327 381 357 dubia:
410 327 511 366 plane
542 326 712 365 sanitatis,
741 335 782 356 ne
799 325 847 355 di—

143 387 215 407 ram
233 377 431 417 deploratae,
445 378 497 408 cui
514 376 750 415 restituendae,
772 381 849 415 post

145 428 288 458 (Jriticos
305 438 422 458 omnes
439 428 600 467 majorum
619 427 848 466 minorumque

145 478 295 516 gentium
311 478 529 512 Machaonas,
542 486 674 507 manum
687 476 850 516 admovit,

145 527 274 557 utinam
294 527 479 565 Paeoniam,
509 528 561 557 (ΣΙ.
592 527 656 558 Ph.
673 527 850 558 Cluverius

145 578 177 607 in
196 587 301 616 opere
318 576 588 608 elaboratissimo
606 576 849 607 laudatissimo-

144 639 210 668 qne
228 628 328 659 ltalia
344 628 491 668 antiqua.
537 627 571 659 Is
599 627 686 658 infra
710 627 851 658 linolam

143 678 269 716 (forum
295 678 456 718 Cornelii,
480 688 544 719 qno
563 679 636 719 jam
665 682 852 709 secesserat

146 729 267 767 Poeta,
284 733 321 759 nt
340 729 414 768 ipse
430 733 579 759 testatur
595 728 706 768 epigr.
723 731 752 758 1.
768 732 802 758 et
819 730 850 757 4.

146 778 263 819 supra)
298 779 486 810 Vatrenum
521 778 708 810 lentissime
744 776 852 808 fluere

145 830 277 869 asserit,
294 835 328 860 ut
347 834 381 860 et
393 829 480 859 Padi
493 829 640 867 alveum,
665 837 764 868 quem
784 828 850 857 Va-

144 885 261 911 trenus
291 885 407 920 auget,
432 879 569 920 proprie
599 884 758 909 vocatum
776 878 850 908 Eri-

147 932 283 969 danum,
300 932 331 961 in
350 935 471 970 stagna
488 940 521 961 se
539 928 744 960 diffundere.
760 928 852 958 Vide

146 982 190 1011 sis
218 981 326 1020 ipsum
352 982 374 1011 l.
400 983 429 1011 1.
456 991 484 1011 c.
500 984 555 1010 35.
601 980 784 1017 Gruterus,
808 988 851 1008 ex

148 1031 261 1061 Palat.
278 1031 371 1070 legit,
400 1031 533 1061 Vaterno
552 1030 726 1068 Resinaqae
749 1028 850 1068 pigri-

146 1090 223 1119 ores,
241 1079 388 1121 dicitquc
404 1090 477 1110 csse
496 1081 562 1110 dno
580 1081 714 1110 nomina
727 1079 852 1109 rivulo-

147 1141 220 1161 rum
238 1140 320 1171 quos
337 1130 519 1171 navigabat
537 1130 717 1161 Martialis.
767 1130 851 1160 Tur-

147 1182 254 1212 nebus
272 1183 292 1213 l.
307 1185 356 1212 13.
381 1191 410 1212 c.
425 1184 474 1213 19.
498 1191 574 1212 cum
603 1181 716 1220 Lipsio
741 1181 851 1219 legit:

152 1232 327 1271 quentone,
341 1232 485 1271 asinoque
497 1232 663 1272 pigriores.
688 1231 764 1262 Hoc
776 1239 850 1261 sen-

148 1293 186 1314 su
202 1294 209 1314 :
235 1282 325 1315 Quid
335 1283 488 1321 cessatis,
500 1281 578 1323 quid
593 1281 705 1322 agitis,
721 1281 852 1311 nautae?

147 1334 230 1364 nihil
241 1334 360 1372 mostis,
373 1337 432 1364 aut
446 1332 661 1374 promovistis
675 1332 853 1371 hactenns,

146 1383 337 1424 Vejentone
351 1383 407 1414 illo
422 1389 613 1422 veternose,
625 1386 660 1413 et
676 1382 769 1412 lenta
792 1381 854 1412 asi-

145 1443 190 1465 na
203 1434 380 1474 pigriores.
396 1433 554 1466 Juvenal.
564 1433 685 1474 Satyra
695 1435 726 1464 3.
739 1432 806 1462 ‘Ut
819 1437 853 1462 te

149 1484 315 1524 respiciat
327 1484 440 1515 clausa
449 1484 596 1524 Vejento
610 1482 759 1514 labello.'
783 1482 852 1513 Sed

150 1534 357 1564 Ramiresius
376 1534 548 1573 vulgatam
573 1533 754 1564 lectionem
773 1533 852 1564 reti-

150 1589 234 1614 net:
276 1583 406 1614 Velerno
432 1585 590 1624 resinaque
614 1584 791 1623 pigriores:
819 1586 854 1614 nt

151 1635 195 1665 sit
219 1633 406 1674 hyperbole
423 1644 432 1671 ;
457 1639 615 1664 veternus
631 1633 719 1663 enim
737 1638 854 1673 torpor

151 1690 205 1716 est
231 1685 336 1715 somni
355 1684 512 1715 morbosi.
558 1684 613 1714 Sic
637 1688 853 1714 veternosum

150 1736 340 1776 appellant,
369 1734 458 1775 qnod
486 1734 702 1774 pigerrimum
729 1737 782 1764 est
819 1738 855 1764 et

151 1787 246 1828 quasi
274 1790 414 1817 veterno
444 1789 662 1825 occupatum.
729 1783 855 1814 Resiua

153 1847 234 1868 vero
247 1847 307 1868 sua
325 1838 514 1867 tenacitate
532 1841 567 1866 et
584 1835 788 1866 lentitudine
805 1835 853 1874 pi-

153 1887 300 1927 gerrima
312 1892 363 1917 est
381 1896 389 1924 ;
416 1886 469 1916 vel
482 1885 570 1926 quod
591 1885 663 1925 ipsa
680 1894 741 1925 per
759 1884 854 1915 arbo-

153 1948 225 1968 rum
237 1942 374 1969 truncos
388 1936 572 1966 lentissime
585 1934 683 1973 ssuat;
698 1935 749 1965 vel
763 1933 854 1975 qnod

153 1988 319 2020 detineat.
359 1988 405 2018 Et
418 1997 480 2027 pro
495 1987 633 2022 Quorum
650 1986 734 2026 legit
753 1986 854 2020 Quor-

152 2049 232 2080 sum,
247 2049 323 2071 cum
351 2044 432 2070 uota
449 2037 739 2077 interrogationis,
766 2042 802 2067 et
818 2036 855 2068 fit

153 2100 270 2122 sensus
285 2091 511 2131 planissimus.
553 2091 721 2128 Quorsum,
739 2089 771 2120 id
792 2095 857 2129 est,

155 2151 221 2182 qno
238 2140 305 2172 fine
336 2140 432 2181 pueri
457 2140 657 2179 navigantes
679 2150 739 2180 per
771 2140 857 2170 vada

155 2191 267 2230 tarda,
291 2191 384 2221 nulla
409 2190 438 2220 vi
468 2189 603 2220 fluentis
622 2201 716 2231 aquae
740 2191 860 2230 adjuti,

157 2241 236 2271 dum
261 2250 456 2281 promovere
475 2250 511 2271 se
526 2250 544 2270 a
556 2250 721 2272 remorum
738 2241 856 2281 impul-

159 2291 254 2322 sione
278 2291 320 2321 sit
351 2301 501 2330 necesse,
527 2296 687 2332 tanquam
709 2292 808 2322 otiosi
824 2296 858 2322 et

158 2342 329 2380 ludentes,
342 2341 468 2381 tingitis
484 2342 517 2371 in
533 2351 617 2382 aqua
641 2352 762 2382 remae,
776 2343 858 2372 leni-

159 2397 214 2423 ter
244 2398 353 2423 motos
381 2402 442 2422 nec
460 2392 617 2432 impulsos
648 2392 858 2424 brachiorum

160 2444 207 2481 vi,
236 2443 277 2473 ad
296 2452 450 2473 numeros
480 2444 695 2474 celeusmatis
720 2453 860 2485 exspec-

161 2498 276 2524 tantes
293 2497 422 2532 cautus,
441 2494 507 2524 &m
537 2493 689 2525 Ramires.

203 2547 223 2574 4
262 2545 420 2575 Celeusma
449 2543 560 2583 remos]
607 2545 796 2576 Clamorem
825 2548 861 2575 et

160 2593 386 2625 hortafionem
398 2593 582 2632 nauticam,
593 2603 659 2634 qua
670 2604 704 2624 se
717 2593 861 2625 invicem

163 2650 289 2683 nautae,
314 2644 366 2675 vel
384 2644 456 2674 illos
485 2644 648 2675 celoustae
673 2645 861 2676 hortantur.

163 2700 199 2725 nt
218 2695 339 2725 nostris
357 2705 363 2724 z
395 2694 465 2732 ria,
479 2695 541 2732 ι’ἱα,
556 2694 675 2734 clzeerly
692 2699 796 2724 nudes.

206 2749 223 2775 5
249 2746 352 2775 Prono
377 2744 692 2784 l’lmt‘chonlesmlat]
719 2745 744 2774 A
766 2744 861 2775 meii-

251 2799 362 2838 Delplae.
378 2801 406 2828 ct
432 2798 501 2828 l⁷are
522 2799 601 2828 (las.

839 2799 905 2829 Mar
916 2800 983 2830 cml.

1486 176 1597 218 1185

1317 277 1450 318 AEtlum]
1473 279 1566 309 Unus
1578 289 1596 309 e

1141 185 1232 215 LlB-
1269 185 1338 214 lli.

897 276 953 306 die
983 278 1054 308 sole
1080 278 1272 319 inclinante.

898 326 983 356 Solis
999 327 1103 366 equis.
1224 358 1226 360 ,

942 379 960 406 7
1000 378 1203 418 Interiungit]
1247 379 1416 418 Sejnngst,
1445 377 1599 418 abjungit

900 427 1021 467 quietis
1038 437 1168 459 caussa.
1216 429 1301 459 Vide
1317 440 1372 469 ep.
1385 431 1448 460 (5.1.
1464 433 1495 460 2.
1514 439 1598 460 vers.

901 480 931 508 9.

943 532 963 559 9
990 529 1068 560 Ταίη
1092 530 1200 560 luditis
1211 532 1307 561 oliam
1326 530 1447 570 carina]
1471 531 1597 561 Mirum

902 584 954 610 est
970 580 1118 619 potuisse
1145 581 1198 611 hic
1231 581 1347 610 doctos
1373 581 1460 611 viros
1482 581 1596 621 legere

901 633 978 659 luta:
1000 631 1127 668 carinoe,
1152 635 1185 661 et
1202 630 1356 661 dubitare
1375 641 1415 661 an
1438 632 1519 661 satis
1536 632 1599 662 La—

903 680 972 711 tine
985 681 1119 711 dicatur
1130 682 1233 712 ludere
1248 682 1356 721 otium,
1377 687 1412 712 et
1427 682 1522 712 otium
1547 692 1596 712 ca-

902 731 979 761 rinoe
1009 731 1233 770 interpretari
1259 732 1349 771 ipsos
1381 732 1440 762 hos
1464 737 1598 763 nautas.

904 781 992 811 Ecce
1017 787 1052 811 et
1069 781 1125 811 alii
1143 780 1302 821 displicet
1316 785 1402 821 tutoe,
1419 782 1598 822 placetque

902 835 990 862 tarde
1007 836 1042 862 ct
1055 831 1134 871 quid
1152 831 1272 862 simile.
1319 831 1365 861 At
1383 832 1461 872 qnid
1480 833 1599 862 melius

903 882 1048 912 omnium
1066 882 1227 912 librorum
1244 883 1449 921 scriptorum
1466 886 1500 912 et
1530 882 1599 913 edi-

903 938 1013 964 torum
1024 934 1220 973 scriptura?
1256 934 1324 963 Vos
1342 934 1457 964 intuta
1472 937 1507 964 et
1519 933 1601 964 nihil

903 984 1121 1024 periclitante
1147 989 1290 1024 propter
1322 984 1469 1023 placidas
1495 983 1601 1014 undas

902 1034 1020 1072 carina,
1043 1034 1150 1064 luditis
1172 1035 1280 1072 otiam,
1309 1033 1340 1064 id
1367 1040 1432 1072 est,
1448 1034 1600 1065 utiamini

903 1084 1073 1121 ludentes,
1099 1083 1216 1113 luditis
1250 1093 1310 1124 per
1339 1084 1456 1121 otium,
1484 1084 1600 1115 luditis

904 1134 1023 1165 otiose.
1068 1134 1189 1165 Ludere
1218 1144 1341 1174 operam
1371 1140 1423 1165 est
1451 1134 1599 1165 ludendo

903 1194 1101 1215 consumere
1115 1194 1267 1224 operam,
1283 1195 1341 1215 sen
1359 1185 1449 1215 inter
1461 1194 1600 1224 operam

903 1233 1046 1264 ludere:
1065 1234 1114 1265 sic
1128 1234 1344 1273 ludereotium,
1362 1235 1509 1265 ludendo
1523 1244 1601 1265 con-

903 1290 1014 1316 terere
1031 1284 1220 1323 otium,seu
1233 1285 1322 1315 iuter
1333 1285 1438 1315 otium
1452 1290 1487 1316 et
1502 1285 1604 1315 ferias

903 1335 1033 1366 ludere.
1063 1335 1155 1366 Nihil
1172 1335 1451 1367 hicincommodi.
1481 1335 1602 1365 Grono-

902 1386 981 1417 vius.
1035 1385 1123 1417 Tuta?
1136 1386 1256 1425 luditis,
1271 1385 1341 1426 δῖα]
1370 1386 1424 1416 lta
1436 1385 1476 1417 P.
1491 1385 1603 1419 Scriv.

904 1440 941 1466 ut
959 1435 1046 1476 pigri
1064 1440 1175 1466 nautae
1189 1441 1354 1467 vocentur
1366 1436 1462 1467 ocium
1475 1437 1603 1468 carinoe.

903 1486 971 1517 Sed
993 1496 1052 1526 pro
1080 1490 1156 1518 tntoe
1183 1486 1398 1517 desideratur
1425 1486 1603 1526 epitheton

904 1537 1122 1578 apposititius
1138 1538 1250 1576 ίαν-ἄιε,
1264 1543 1321 1568 aut
1337 1537 1363 1567 si
1379 1536 1458 1578 quid
1472 1537 1591 1569 simile.

951 1590 989 1617 10
1012 1586 1226 1626 Argonautas]
1245 1587 1345 1618 Ludit
1359 1587 1391 1618 in
1404 1596 1486 1618 voce
1502 1588 1602 1626 Argo-

905 1640 1020 1675 nautoe,
1035 1636 1127 1677 quasi
1144 1636 1249 1675 dicat,
1262 1636 1342 1667 estis
1357 1637 1458 1677 pigri,
1475 1637 1603 1668 inertes

906 1687 1012 1728 (quod
1033 1686 1119 1727 ἀργοὶ
1133 1686 1247 1727 sonat)
1272 1692 1472 1727 nauta‘,non
1485 1687 1604 1719 heroos

907 1737 954 1767 illi
972 1736 1063 1776 Argo
1090 1737 1179 1767 vecti
1197 1736 1239 1767 ad
1266 1746 1404 1768 aureum
1422 1737 1528 1768 vellus
1546 1747 1603 1778 pe-

907 1787 1057 1818 tendum.

949 1839 1052 1869 Eric.
1082 1846 1211 1868 vaur.
1244 1836 1296 1867 Aa
1313 1838 1492 1868 Matronam
1515 1838 1603 1878 padi*

905 1888 985 1928 cam]
1000 1887 1273 1918 Admonitionem
1284 1888 1434 1918 continet
1451 1888 1491 1918 ad
1510 1888 1605 1928 pudi-

906 1948 962 1969 cas
1003 1942 1186 1975 matronas,
1213 1947 1254 1968 ne
1288 1938 1462 1978 sequentia
1489 1939 1605 1978 legunt

906 1988 1171 2028 Epigrannnata,
1193 1987 1279 2028 qnod
1305 1992 1511 2028 praetextata
1527 1989 1605 2027 sint,

906 2047 969 2069 nec
982 2038 1082 2078 digna
1097 2038 1199 2068 castis
1214 2048 1328 2068 earum
1345 2039 1494 2069 auribus.
1539 2039 1603 2069 Sed

905 2088 1097 2129 suspicatur
1110 2088 1182 2119 fore
1198 2092 1234 2119 nt
1253 2089 1430 2128 posthanc
1457 2089 1606 2120 admoni-

908 2138 1048 2176 tionem,
1079 2138 1210 2168 avidins
1237 2148 1335 2178 qnam
1361 2138 1605 2178 praecedentia,

908 2195 1059 2221 matrona
1076 2189 1168 2228 legat
1192 2199 1266 2230 qua}
1295 2193 1492 2230 scquuntur,
1514 2188 1605 2229 quod

908 2239 1036 2270 factum
1054 2248 1126 2270 esse
1144 2243 1289 2270 testatur
1311 2238 1400 2269 infra
1417 2239 1534 2279 Epigr.
1552 2242 1603 2269 86.

910 2290 1064 2321 Ieamires.

952 2344 971 2372 2
996 2338 1165 2378 Interiora]
1214 2341 1300 2372 Qum
1342 2339 1605 2380 subsequuntur.

912 2390 1065 2429 Metapli.
1108 2389 1149 2419 ab
1202 2388 1353 2419 adificiis
1370 2399 1378 2426 ;
1428 2389 1607 2419 interiores

911 2447 1041 2482 partes,
1062 2449 1135 2480 qua·r
1162 2449 1180 2468 a
1204 2439 1311 2478 primo
1329 2439 1482 2478 ingressu
1499 2448 1606 2470 remo-

911 2494 1017 2524 tiores
1035 2496 1124 2521 snut.

954 2545 971 2573 3
992 2540 1291 2582 Gy1n71asiam‚23·c.]
1308 2541 1494 2582 Gymnasio
1507 2541 1608 2583 enim,

913 2594 1062 2632 thermis,
1075 2597 1109 2624 et
1122 2593 1233 2624 stadio
1249 2593 1470 2624 exuebantur.

953 2648 973 2675 6
1008 2643 1137 2683 Saucia]
1183 2643 1320 2673 Scilicet
1349 2652 1453 2682 mero,
1476 2642 1509 2673 id
1541 2646 1607 2683 est,

913 2694 1004 2724 chria
1016 2704 1023 2731 ;
1037 2693 1083 2723 sic
1098 2694 1185 2723 enim
1204 2697 1383 2732 usurpatur
1395 2693 1530 2725 Justino
1542 2694 1563 2725 l.
1576 2696 1590 2723 1
1600 2717 1608 2725 .

913 2750 945 2775 ct
964 2748 1009 2774 ll.
1027 2749 1127 2784 atque
1141 2744 1284 2784 Apulaio
1299 2744 1318 2774 l.
1337 2747 1366 2773 7.
1385 2749 1417 2774 et
1433 2748 1462 2775 0.
1511 2746 1602 2785 Terp-

1451 2801 1466 2828 -ί
1494 2799 1519 2827 Γ
