1866 3131
215 186 237 225 1
246 183 326 225 1⁶28

215 289 304 320 tibus
320 300 354 321 se
372 294 406 320 et
434 289 686 321 delectantibus
702 301 710 328 ;
734 290 842 331 epigr.
859 293 912 321 60.

214 341 234 370 l.
248 343 278 371 9.
296 350 381 371 vers.
394 343 426 371 4.
459 340 524 371 Vel
541 340 758 381 hyperbolice
773 341 917 380 dictum,

213 390 246 419 id
264 396 328 428 est,
345 390 479 422 nimiam
504 391 702 422 aviditatem
721 401 791 432 prae
815 402 850 422 se
866 391 914 422 se-

214 440 381 472 rentibus.

258 493 296 521 13
323 491 391 521 Nec
405 490 523 531 otiosis,
536 491 603 532 &ej
643 491 763 523 Labris
786 493 913 523 undan-

213 540 302 570 tibus
321 545 355 571 et
372 550 444 580 prae
469 541 639 572 desiderio
655 542 762 572 saliva
784 541 914 573 fluenti-

212 591 284 622 bus.
297 591 377 623 Juv.
389 592 421 623 S.
433 595 464 623 9.
480 595 532 623 31.
549 594 558 610 ‘
572 598 753 633 spumante
767 592 912 624 labello!

256 645 295 672 14
319 642 463 680 Excidit,
478 643 545 683 ξω]
580 645 711 681 Arguta
733 644 842 684 fingit,
859 644 912 675 vel

211 701 246 722 se
262 701 335 723 esse
362 693 506 724 oblitum
532 693 605 734 ejus
632 694 787 732 nominis,
812 704 911 735 quem

210 746 326 772 tamen
342 752 445 783 supra
459 743 664 781 nominarit;
691 745 755 783 vel,
773 744 837 774 sibi
853 744 913 774 iin-

210 791 373 831 prudenti
387 793 554 824 excidisse
581 794 613 824 in
639 794 702 826 'noc
719 795 826 835 epigr.
856 804 912 824 no-

209 851 285 872 men
302 843 419 883 ipsius,
439 844 510 875 sive
525 845 580 876 ille
603 846 780 876 Maternus
797 845 912 884 fuerit,

209 893 279 923 sive
297 893 438 934 Fuscus,
464 895 586 931 Galba,
603 902 661 927 aut
688 897 808 931 Cinna,
824 896 911 937 quod

207 942 390 975 intimabat
425 945 457 975 in
505 947 644 978 vocibus
687 947 696 963 ‘
728 944 913 986 Fuscinos,’

211 995 220 1009 ‘
236 994 436 1034 Galbauos,’
463 1006 522 1028 seu
543 998 552 1012 ⁴
572 997 773 1028 Coccinatos
789 998 809 1028 ι’
834 998 910 1028 vide

208 1044 302 1085 Lips.
319 1046 341 1075 l.
358 1049 386 1077 l.
403 1046 504 1087 epist.
519 1053 637 1087 qurest.
649 1052 680 1079 5.
705 1048 858 1090 luditque
875 1049 908 1079 iu

209 1095 432 1135 ambiguitate
448 1097 503 1127 τοῦ
521 1099 667 1130 Excidit.

250 1145 352 1177 EP1G.
377 1155 507 1178 xcvu1.
532 1152 546 1178 l
575 1150 653 1179 Cum
675 1150 907 1190 clu171u72t‚25·c.]

206 1193 286 1225 Alia
298 1196 376 1228 lect.
392 1197 479 1228 Dum
493 1199 628 1229 clamant
642 1210 667 1230 o.
683 1201 704 1230 l.
721 1204 755 1231 tu
769 1201 829 1231 Na»
842 1205 907 1232 tun-

207 1249 285 1277 tum.
317 1247 405 1278 Vide
423 1257 477 1288 ep.
495 1251 546 1280 38.
572 1249 594 1280 l.
611 1253 642 1280 6.
665 1251 673 1266 ‘
687 1250 764 1283 Jam
781 1251 907 1282 clamor

207 1303 413 1338 centumque
432 1298 533 1330 Viris

249 1351 269 1378 4
292 1348 356 1378 Dic
394 1349 524 1389 aliquid]
563 1351 629 1383 Qui
661 1356 694 1382 te
734 1357 906 1384 ostentare

206 1397 306 1437 soles,
334 1399 469 1429 caeteris
494 1400 786 1442 interstrepeudo‚
813 1413 851 1434 ac
878 1404 906 1434 si

204 1447 348 1478 haberes
363 1449 450 1489 quod
474 1449 626 1481 diceres:
653 1462 746 1491 ecce,
763 1453 835 1493 jam
864 1454 906 1484 si-

204 1498 312 1529 lentio
342 1498 447 1537 facto,
475 1502 617 1532 ostende
644 1512 741 1543 quam
758 1503 905 1534 disertus

205 1549 248 1578 sis
263 1554 440 1589 patronus.
486 1551 533 1582 At
552 1562 640 1583 nunc
658 1555 758 1594 piscis
775 1560 809 1585 et
826 1564 907 1586 rana

204 1600 356 1638 Seriphia
384 1609 433 1639 es,
461 1610 522 1632 nec
548 1602 608 1641 ’γρῦ
636 1603 772 1643 quidem
800 1605 904 1636 habes

206 1649 295 1689 qnod
310 1650 415 1681 dicas.

247 1699 353 1730 EP1G.
366 1708 466 1731 xcix.
492 1704 504 1732 1
525 1702 662 1742 Litigat,
675 1703 746 1743 istu]
759 1704 905 1736 Facetus

201 1749 292 1779 lusus
311 1759 371 1789 per
387 1752 651 1783 correctionem:
670 1754 759 1794 quod
776 1755 906 1786 Diodo-

203 1808 259 1829 rus
276 1798 412 1839 quidam
438 1800 591 1840 podagra
617 1802 803 1843 laboraret,
818 1810 853 1835 et
869 1805 906 1835 li·

203 1849 314 1889 tigans
342 1850 390 1880 nil
408 1853 620 1891 persolveret
638 1860 794 1894 patrono,
817 1856 905 1887 hunc

202 1908 269 1930 non
286 1909 358 1930 esse
376 1901 499 1940 pedum
519 1904 670 1934 morbum
688 1904 773 1936 dicit
791 1906 905 1946 poe'ta,

201 1950 260 1980 sed
288 1960 459 1989 manuum,
486 1963 559 1993 quae
590 1954 744 1995 chiragra
768 1956 903 1988 dicitur.

201 2000 364 2041 Podagra
391 2003 536 2038 detenti,
567 2009 604 2035 ut
630 2005 810 2045 plurimum
835 2007 905 2038 liti·

202 2051 301 2091 giosi,
331 2054 474 2092 queruli,
488 2054 645 2095 loquaces
662 2062 753 2095 sunt,
767 2062 802 2087 et
825 2058 904 2098 quia

202 2101 346 2141 pedibus
364 2104 412 2133 uti
439 2114 503 2134 non
532 2106 625 2142 licet,
642 2107 758 2147 lingua
773 2109 903 2139 strenui

201 2159 294 2191 sunt,
318 2154 403 2183 mala
426 2155 532 2186 multa
549 2157 658 2187 animo
675 2164 858 2189 versantes.

243 2205 262 2232 2
289 2203 447 2242 Cltiragra
472 2206 534 2245 est]
556 2207 698 2238 ,locatur
723 2209 900 2240 avaritiam

201 2253 347 2284 Diodori
363 2264 383 2284 a
405 2256 582 2297 Cbiragra,
598 2267 674 2298 quae
692 2267 808 2289 manus
823 2269 899 2290 con-

200 2303 319 2342 trahit,
335 2305 548 2345 profectam;
567 2307 646 2339 licet
662 2309 728 2340 ‘illi
741 2311 901 2352 necjusta

200 2352 356 2394 chiragra
384 2355 550 2388 Contudit
573 2359 757 2392 articulos?
791 2361 899 2393 Hora-

200 2403 266 2434 tius
285 2407 314 2434 2.
328 2405 414 2436 libro
428 2408 634 2441 Sermonum.

244 2455 349 2488 Epic.
367 2465 397 2488 c.
427 2461 441 2488 l
461 2459 534 2489 Non
554 2461 687 2500 plenum,
711 2463 778 2503 eya]
805 2463 901 2494 Cale·

200 2514 260 2535 nus
274 2515 347 2536 cum
371 2508 555 2540 mediocres
578 2521 659 2551 opes
675 2512 828 2551 haberet,
841 2514 899 2545 mi-

200 2557 289 2588 nime
323 2558 479 2590 sordidus
517 2561 549 2591 in
584 2563 707 2594 amicos
742 2565 898 2604 exstitit3

201 2614 379 2648 postquam
396 2609 466 2649 ejus
483 2620 565 2651 opes
593 2618 717 2653 auctae,
734 2615 816 2646 nihil
833 2625 899 2646 am-

200 2658 287 2697 plius
305 2659 420 2690 amicis
450 2660 668 2701 largiebatur,
686 2670 720 2695 et
736 2665 806 2705 ipse
824 2676 898 2706 par-

199 2708 270 2738 cius
286 2709 381 2739 vixit.
420 2710 531 2750 Optat
544 2713 592 2743 illi
606 2713 707 2754 poe'ta
720 2715 898 2748 immensas

199 2768 294 2799 opes,
313 2765 349 2789 ut
371 2759 461 2791 fame
488 2769 619 2802 pereat,
647 2769 748 2806 atque
764 2766 812 2797 ita
827 2768 900 2797 irri-

200 2808 312 2841 dendo
330 2810 476 2851 castigat
501 2813 701 2847 avaritiam:
726 2817 734 2833 ‘
753 2816 895 2849 Crescit’

671 196 808 225 NOTAE
844 197 1107 227 VARwPAEM
1147 198 1194 226 ΙΝ

964 291 1053 320 enim
1070 292 1078 308 ‘
1094 301 1185 321 amor
1201 291 1324 321 nummi
1345 294 1506 331 quantum
1524 292 1596 332 ipsa
1608 302 1667 333 pe-

969 342 1069 372 runi-c⁷
1085 342 1232 380 crescit,’
1250 342 1293 372 Et
1306 343 1314 358 ‘
1330 343 1406 374 Quo
1422 343 1497 382 plus
1513 348 1591 373 suut
1609 352 1666 383 po-

964 397 1022 431 tae,
1035 394 1108 432 plus
1120 393 1280 423 sitiuntur
1293 392 1414 434 aquae!
1440 394 1517 424 Non
1531 394 1667 424 omnino

967 443 1070 474 vicies
1095 445 1302 483 sestertium,
1318 444 1371 474 vel
1398 444 1501 475 vicies
1521 448 1667 475 centena

965 494 1068 524 millia
1099 504 1272 525 nummum
1302 495 1511 530 sestertium,
1536 498 1662 525 nostrae

963 550 1110 576 moneta:
1142 548 1272 583 50,000.
1314 551 1565 585 coronatorum,
1606 545 1661 576 vei

964 597 1114 632 150,000.
1139 594 1344 626 florenorum
1363 596 1573 636 possidebas.

1005 647 1024 674 4
1051 646 1177 676 Centies
1187 645 1296 685 amici]
1314 646 1453 676 Centies
1467 646 1664 677 sestertium

964 694 1016 724 vel
1043 695 1173 725 centies
1199 701 1344 726 centena
1359 696 1477 726 milllia
1494 706 1665 726 nummum

964 746 1174 785 sestertium,
1192 751 1317 777 nostrae
1339 754 1486 778 nionetae
1514 750 1667 786 250‚000.

963 803 1215 836 coronatorum,
1260 801 1399 837 750,000
1444 797 1663 831 florenorum.

967 847 1155 879 Gronovius.

1005 909 1025 937 6
1050 907 1152 943 Intra,
1166 908 1235 948 ξω]
1256 908 1355 939 Intra
1369 915 1502 949 septem
1519 918 1663 940 menses,

1005 960 1023 987 7
1049 958 1171 989 Illurtes
1185 962 1327 999 quatuor,
1342 959 1408 999 syra]
1439 959 1662 991 Hereditates

962 1016 1004 1037 ex
1020 1010 1051 1038 4.
1067 1009 1186 1039 amicis
1206 1010 1359 1040 mortuis.

1003 1061 1021 1088 S
1047 1059 1156 1097 Quasi,
1171 1059 1239 1099 isa]
1263 1060 1366 1093 Quasi
1384 1060 1446 1091 tibi
1463 1061 1585 1091 ablatae
1603 1070 1662 1101 po-

961 1108 1025 1138 tius
1045 1116 1080 1139 et
1103 1110 1232 1140 amissae
1264 1109 1412 1141 fuissent
1442 1114 1574 1150 78‚125.
1600 1111 1660 1143 lib.

960 1170 1059 1200 quam
1076 1162 1204 1192 relictae
1222 1168 1257 1193 et
1276 1163 1412 1202 legatae.

1004 1214 1042 1242 10
1068 1212 1105 1242 In
1121 1215 1253 1251 tantam,
1270 1214 1336 1253 ssa]
1350 1213 1389 1243 In
1405 1213 1580 1244 avaritiam
1593 1217 1661 1245 tam

960 1261 1131 1291 sordidam
1145 1268 1179 1292 et
1194 1261 1392 1294 famelicam.

1003 1314 1041 1341 12
1065 1312 1178 1352 Semel,
1195 1313 1264 1352 lxm]
1288 1314 1375 1343 Solis
1392 1313 1574 1344 natalibus.

1003 1364 1040 1393 13
1067 1362 1182 1401 Nigra:
1207 1363 1357 1402 sordibus,
1381 1364 1452 1403 δῖα]
1474 1362 1578 1394 AErea
1592 1373 1658 1394 mo·

958 1416 1038 1443 ueta
1065 1423 1123 1443 sen
1151 1413 1321 1452 plumbea,
1352 1414 1447 1453 cnjus
1466 1419 1660 1445 contrecta-

958 1465 1049 1495 tione
1078 1465 1219 1497 sordent
1240 1476 1371 1497 manus.
1401 1466 1508 1496 Simul
1531 1473 1567 1496 et
1591 1476 1661 1496 sor-

957 1517 1016 1547 des
1048 1517 1166 1548 Caleni
1195 1522 1302 1556 taxat,
1326 1517 1381 1558 qui
1410 1517 1451 1547 ad
1479 1520 1509 1548 7.
1527 1523 1661 1548 veteres

958 1566 1084 1596 amicos
1112 1567 1333 1607 excipiendos
1373 1575 1438 1597 nou
1469 1566 1660 1598 excedebat

956 1622 1128 1657 sumptum
1155 1618 1228 1658 ejus
1257 1618 1431 1648 summulae
1459 1627 1533 1657 quae
1560 1617 1660 1656 nigra

956 1670 1059 1700 vaenit
1082 1675 1229 1708 moneta,
1258 1669 1349 1710 quod
1372 1674 1406 1699 et
1424 1669 1659 1700 vilissimarum

957 1728 1067 1749 rerum
1094 1721 1241 1759 pretium
1280 1725 1344 1757 est,
1376 1725 1411 1749 ut
1440 1725 1588 1759 apparet
1616 1729 1659 1749 ex

956 1768 1093 1808 adjecta
1115 1769 1262 1799 ‘selibra
1279 1769 1461 1809 plumbea.’
1509 1769 1658 1800 Nolebat

956 1819 1045 1848 enim
1063 1828 1180 1849 aurum
1206 1824 1265 1849 aut
1281 1825 1458 1859 argentum
1474 1820 1507 1850 in
1534 1820 1658 1850 amico-

956 1878 1026 1898 rum
1044 1869 1208 1899 conviviis
1226 1869 1443 1909 profuudeie.

999 1921 1038 1949 14
1067 1919 1107 1949 Et
1121 1923 1235 1958 septem
1264 1923 1390 1957 veteres,
1407 1919 1476 1959 sse]
1502 1920 1562 1950 Est
1578 1920 1657 1951 Em-

955 1968 1068 2008 phasis
1096 1969 1129 1999 in
1158 1979 1310 2008 numero,
1341 1970 1430 2011 quod
1459 1980 1527 2001 non
1558 1980 1657 2001 ausus

955 2018 1076 2050 fuisset
1101 2020 1276 2050 Musarum
1307 2030 1481 2051 numerum
1499 2021 1655 2061 implere,

954 2069 1237 2108 quemadmodum
1263 2071 1437 2109 lautiores
1471 2071 1526 2112 qui
1552 2071 1655 2102 etiam

953 2119 1046 2149 illum
1074 2120 1292 2151 convivarum
1321 2130 1493 2151 numerum
1516 2131 1655 2162 supera-

954 2168 1045 2200 bant.
1091 2170 1152 2200 Est
1173 2171 1277 2200 etiam
1306 2171 1473 2210 emphasis
1497 2172 1529 2201 iu
1549 2172 1654 2203 verbo

954 2220 963 2236 ‘
980 2219 1053 2257 tui3'
1077 2230 1143 2250 non
1160 2221 1248 2250 enim
1265 2226 1363 2252 erant
1379 2221 1511 2251 sodales
1525 2226 1654 2252 tantum

953 2268 1043 2299 inter
1056 2269 1173 2308 se,sed
1191 2280 1306 2301 omnes
1320 2271 1419 2311 hujus
1438 2272 1542 2302 avari.
1589 2273 1653 2305 Est

951 2319 1036 2348 etin
1063 2320 1170 2350 verbo
1193 2320 1202 2337 ‘
1217 2321 1374 2358 vetereS‚'
1405 2322 1527 2363 quibus
1545 2323 1654 2363 major

948 2368 1106 2399 habenda
1121 2374 1173 2400 est
1201 2372 1406 2402 reverentia.
1453 2372 1610 2404 Ramires.

943 2436 949 2440 ι
995 2423 1032 2451 15
1058 2421 1208 2453 Plumbea
1229 2422 1355 2464 selibra]
1377 2424 1577 2463 Farnabius,
1608 2435 1652 2456 ae-

950 2479 1023 2500 neae
1041 2472 1323 2503 mouetaeduobus
1342 2474 1514 2514 terunciis,
1528 2475 1649 2516 inquit.

950 2519 1095 2561 Inepte3
1120 2530 1196 2552 nam
1224 2524 1395 2553 teruncius
1412 2524 1571 2554 Romanis
1585 2523 1651 2555 fuit

948 2580 1102 2601 nummus
1129 2578 1332 2612 argenteus:
1356 2573 1470 2613 immo,
1502 2574 1652 2606 plumbea

947 2621 1059 2652 selibra
1083 2628 1136 2652 est
1167 2623 1344 2654 duodecim
1372 2625 1513 2656 assibus.
1560 2626 1648 2656 Nam

949 2681 984 2702 as
1016 2672 1185 2702 Martialis
1210 2678 1363 2713 tempore
1391 2674 1571 2705 constabat
1597 2684 1647 2705 se-

948 2721 1082 2752 muncia
1099 2723 1186 2761 aeris,
1209 2723 1256 2753 ita
1274 2728 1309 2753 ut
1322 2733 1363 2753 ex
1380 2723 1467 2754 libra
1482 2724 1559 2755 aeris
1575 2722 1645 2755 fue-

949 2773 1017 2803 rint
1032 2777 1177 2813 quatuor
1204 2778 1239 2804 et
1256 2773 1376 2814 viginti
1393 2784 1494 2805 asses.
1539 2775 1645 2805 Plum-

947 2822 1134 2863 beuselihru]
1159 2823 1321 2855 Pessimae
1340 2829 1442 2864 notae,
1460 2825 1493 2856 id
1509 2830 1575 2865 est,
1601 2836 1645 2857 ae0
