1866 3131
267 166 378 208 1114

307 273 324 301 7
346 271 454 310 Beati]
479 271 628 310 Fertilis,
652 271 704 302 vel
721 272 965 312 Metonymice,

263 321 351 362 qnod
369 322 537 352 dominnm
554 322 689 353 beatum
706 322 836 354 reddat.

307 374 325 402 S
348 372 559 410 Antefocum,
580 373 649 412 ‹ts-a]
685 374 859 404 Evacnare
882 379 961 403 ante

262 420 374 451 focum
398 431 510 452 casses
526 428 561 452 et
578 424 664 453 retia
686 423 808 463 praedis
830 431 962 454 onusta.

304 473 324 501 9
349 471 392 501 Et
407 472 521 511 piscem
537 472 682 512 tremula]
713 474 757 504 Et
773 473 824 504 cui
839 473 961 514 piscari

260 521 342 552 licet
372 522 405 552 in
434 531 494 552 suo
523 523 667 563 alveolo,
697 525 839 554 tremula
876 529 960 562 seta,

259 571 424 602 arundine
448 582 507 604 seu
531 574 640 614 virga,
665 584 684 605 a
700 584 767 616 qua
791 580 960 605 tremente

263 621 391 662 pendet
404 627 489 654 seta.

303 675 342 703 10
367 673 472 704 Rubro
495 673 585 714 cado]
630 674 696 705 Seu
729 674 828 705 rubra
857 679 958 705 testa.

255 722 312 753 Sic
330 723 451 755 Horat.
485 724 494 741 ‘
508 723 580 754 Aut
606 734 725 765 pressa
751 725 843 765 puris
858 725 960 755 mella

257 774 375 806 condit
391 775 584 816 amphoris.’

300 828 336 856 11
354 825 537 866 Inaequales,
551 825 621 866 Esca]
645 828 653 844 ‘
666 827 794 858 Mensae
808 827 865 858 sed
883 831 955 857 erat

257 884 317 914 pes
333 875 454 906 tertius
472 876 590 916 impar,
600 876 706 908 Testa
719 887 834 918 parem
850 877 956 909 fecit.’

257 925 400 956 Ovidius
416 926 503 957 Met.
521 929 551 957 8.
569 927 617 957 sic
634 927 842 968 epigr.41.l.
860 931 892 958 2.

299 979 338 1007 12
363 977 407 1007 Et
427 986 483 1006 sna
495 986 554 1006 non
567 976 701 1016 emptus]
731 978 776 1008 Et
791 978 844 1008 cui
861 976 955 1008 focus

254 1026 425 1057 ministrat
441 1027 557 1067 epulas
585 1026 776 1067 inemptas:
803 1027 852 1059 sic
868 1028 956 1058 enim

254 1077 354 1116 malo,
376 1087 476 1117 quam
493 1087 552 1107 mm
567 1081 699 1118 emptum
711 1078 856 1117 cinerem,
868 1079 957 1118 ligna

254 1128 478 1168 interpretari
505 1138 570 1159 non
592 1135 718 1169 empta.
763 1130 816 1160 Sic
834 1130 955 1162 Horat.

253 1180 262 1196 ‘
281 1179 386 1219 dapes
404 1179 572 1219 inemptas
599 1180 768 1220 apparet!
804 1181 956 1212 liuderus.

252 1230 509 1267 Me11s‚vicinus:
526 1239 669 1270 namque
680 1231 688 1247 ‘
701 1231 733 1260 in
743 1231 849 1271 ipsum
863 1231 957 1271 sylva

252 1278 428 1310 descendit
442 1279 578 1317 focumss
597 1290 699 1320 snpra
715 1282 822 1321 epigr.
838 1285 890 1312 50.

296 1332 334 1360 13
360 1331 431 1360 Non
454 1334 548 1369 amet,
570 1331 638 1371 ξω]
673 1333 853 1363 Conclusio
872 1332 955 1363 voti.

251 1380 365 1411 Vitam
403 1381 490 1412 hanc
530 1382 681 1422 quietam
719 1390 753 1413 et
787 1384 953 1423 privatam

250 1431 414 1469 oderitis,
433 1432 487 1472 qni
505 1442 556 1462 me
573 1433 662 1463 odit:
689 1434 770 1464 nihil
788 1434 874 1464 enim
895 1435 953 1465 de-

252 1481 357 1512 terius
389 1483 437 1512 illi
463 1483 642 1522 imprecari
673 1494 821 1524 possum,
852 1495 951 1526 quam

250 1541 346 1562 curas
377 1538 536 1571 aeternas,
573 1535 716 1574 vigilias,
743 1536 951 1575 inimicitias,

251 1582 380 1622 turbas,
395 1583 514 1624 quibus
542 1584 670 1615 urbana
694 1586 764 1616 vita
780 1587 951 1618 cumulata

249 1637 314 1663 est.

293 1684 328 1712 14
355 1683 464 1721 Albus,
480 1683 551 1723 δικ]
589 1684 752 1716 Nonnulli
771 1693 948 1726 exponunt

246 1734 255 1747 ⁴
268 1732 436 1771 pallidus,’
452 1735 568 1764 anxius
585 1735 717 1767 scilicet
729 1742 761 1766 et
777 1738 944 1769 solicitus:

249 1782 317 1821 alii,
344 1783 530 1822 ‘pulcher‚’
548 1794 612 1814 non
634 1784 782 1817 fuscatus
811 1788 947 1819 scilicet

247 1833 317 1861 sole
349 1832 489 1862 rustico.
536 1834 622 1864 Vide
651 1835 761 1875 epigr.
793 1840 842 1867 12.
859 1838 946 1869 Lm.

247 1883 382 1922 Lipsius
400 1887 427 1914 1.
447 1885 557 1916 Elect.
575 1896 652 1926 cap.
665 1889 716 1917 13.
763 1887 848 1918 Alba
866 1894 946 1928 toga

248 1933 384 1964 indutus
412 1934 500 1965 inter
524 1936 822 1968 anteambulonum
847 1945 881 1969 et
898 1939 947 1969 ni-

246 1994 385 2014 veorum
403 1985 573 2016 Quiritum
591 1985 717 2024 officia3
749 1998 808 2017 seu
834 1994 945 2019 creta-

249 2039 302 2064 tus
327 2040 362 2064 ct
386 2035 587 2066 candidatus
605 2036 637 2066 in
664 2038 821 2068 comitiis.
868 2039 946 2070 Quo

246 2086 398 2126 respexit
436 2086 626 2126 Jmenalis,
661 2089 669 2104 ‘
686 2088 867 2130 niveosque
903 2091 944 2122 ad

244 2135 341 2167 frena
368 2136 542 2176 Quirites,’
566 2137 627 2168 hoc
644 2144 706 2177 est,
733 2140 764 2169 in
792 2142 944 2173 candidis

245 2188 332 2227 togis
349 2186 494 2218 officinm
510 2188 731 2228 meientcs‚11t
747 2192 855 2223 Vetus
872 2193 944 2233 ejus

246 2238 416 2278 interpres
435 2238 496 2269 hoc
513 2239 560 2268 sic
578 2241 732 2278 exponit.

289 2289 392 2318 EPffi.
417 2298 502 2319 Lvu.
534 2290 584 2319 Ad
602 2290 790 2330 Cauponem]
836 2291 944 2333 Argu-

243 2339 374 2369 tissima
389 2339 518 2377 argutia
548 2339 579 2368 in
603 2340 816 2381 Cauponem,
838 2346 943 2384 cnjus,

244 2390 303 2427 ait,
321 2394 450 2420 tantam
467 2399 537 2420 esse
557 2390 821 2430 improbitatem,
837 2401 871 2424 ut
891 2405 944 2426 vo-

246 2440 316 2470 lens
342 2440 442 2470 etiam
475 2449 538 2469 non
579 2441 685 2478 possit
715 2451 789 2471 esse
827 2444 944 2477 bonus.

244 2492 330 2522 Nam
359 2492 434 2521 boni
459 2492 520 2521 viri
539 2491 673 2527 tingunt
699 2503 784 2533 aqua
803 2505 944 2534 merum,

246 2543 348 2580 tingit
371 2547 406 2571 et
424 2551 555 2580 canpo3
581 2542 626 2571 illi
644 2551 685 2572 ne
700 2552 858 2585 noceant,
882 2548 943 2579 iste

245 2597 376 2622 tantum
396 2597 433 2621 ut
447 2591 509 2621 sibi
527 2592 645 2630 prosit.

285 2644 303 2671 2
333 2642 375 2671 L't
390 2642 509 2681 cupias,
534 2641 604 2681 ixa]
628 2643 788 2675 Quamvis
815 2649 943 2689 cupias,

242 2691 329 2732 quod
356 2696 468 2722 tamen
487 2692 545 2722 tibi
563 2701 670 2733 neque
690 2703 749 2733 pro
766 2706 870 2736 more,
888 2709 942 2730 nt.

721 177 861 207 NOTAE
896 177 1157 207 VARIORUM
1195 178 1241 207 IN

1015 281 1079 311 que
1101 278 1179 303 voto
1203 276 1277 308 est;
1314 272 1429 301 malles
1465 271 1552 301 enim
1579 271 1712 302 minime

1013 333 1085 353 esse
1112 332 1282 363 aquosum,
1317 328 1353 352 ut
1386 322 1418 351 in
1452 322 1582 352 lucrum
1607 327 1712 360 tuum,

1014 384 1111 415 aqnae
1129 376 1202 415 plus
1224 373 1312 404 ferre
1339 378 1453 414 posset
1470 384 1478 404 :
1507 374 1585 405 vide
1604 375 1712 414 epigr.

1014 428 1086 456 100.
1112 425 1131 456 l.
1148 428 1179 456 9.
1203 425 1292 455 unde
1316 425 1399 456 fides
1427 429 1494 456 vet.
1519 424 1656 456 lectioni
1679 429 1713 456 ut

1012 485 1149 515 cuperes.

1055 525 1160 555 Eme.
1184 533 1284 555 Lvm.
1320 527 1352 556 4.
1378 525 1467 560 Quod
1493 524 1622 563 cruciat,
1643 523 1713 563 lya]

1012 573 1167 605 Difficilis
1180 576 1268 606 enim
1286 577 1461 606 morositas
1479 576 1566 615 parit
1583 575 1710 606 odium.

1014 624 1102 659 Quod
1124 625 1235 665 satiat]
1268 626 1391 657 Facilis
1419 626 1518 666 copia
1535 631 1711 665 contemp-

1011 678 1080 705 tum
1099 675 1197 715 parit.

1053 726 1155 756 Eme.
1180 735 1257 757 mx.
1295 730 1310 758 l
1337 726 1538 766 Miltia‚esc.]
1574 729 1711 757 100000.

1009 774 1056 806 H.
1080 775 1111 805 S.
1141 781 1266 807 nostrae
1297 777 1335 818 (i.
1361 786 1390 807 e.
1419 775 1539 816 Angl.)
1563 782 1709 806 monetae

1008 827 1118 857 781.1.
1137 829 1167 857 1.
1191 837 1235 858 ss.
1281 828 1400 866 IlIango
1424 826 1578 867 poposcit]
1614 827 1711 857 Man-

1008 885 1110 915 gones
1135 876 1228 916 prius
1255 876 1433 917 κυνοτρόφοι
1463 882 1499 907 et
1529 875 1709 914 ἱπποκόμοις

1008 932 1127 966 postea
1144 927 1277 967 longius
1295 933 1455 966 tractum,
1471 931 1506 958 et
1527 937 1710 968 puerorum

1006 978 1132 1008 altores
1158 983 1192 1009 et
1209 978 1441 1018 negotiatores
1457 977 1620 1019 dicti,qui
1644 977 1711 1008 for-

1006 1038 1114 1059 mosos
1128 1039 1250 1069 pueros
1263 1029 1478 1068 exsecabant,
1493 1027 1711 1069 frangebant-

1005 1082 1116 1122 quein
1134 1081 1315 1112 Venerem.

1048 1136 1067 1162 2
1093 1131 1315 1171 Phoebus,8sc.]
1338 1132 1505 1163 Draucus.

1048 1186 1066 1213 3
1091 1183 1162 1213 Hoc
1176 1182 1346 1222 doleno-a]
1370 1183 1468 1215 Quod
1486 1187 1615 1213 tantum
1634 1191 1709 1222 pre-

1006 1233 1092 1263 cium
1108 1233 1178 1273 ipse
1197 1233 1277 1264 dare
1294 1243 1360 1264 nou
1377 1243 1521 1274 possum.

1047 1286 1066 1314 4
1090 1284 1314 1324 Laudaturque
1344 1295 1455 1322 meum,
1477 1284 1545 1324 ξω]
1592 1284 1708 1325 Usque

1005 1333 1090 1365 adeo
1108 1340 1145 1365 ut
1162 1345 1224 1375 ego
1241 1335 1288 1365 illi
1306 1336 1487 1366 invideam.

1046 1387 1064 1413 5
1090 1384 1168 1423 Sed]
1203 1385 1269 1415 Sed
1296 1385 1342 1415 illi
1368 1385 1584 1416 deunciarius
1602 1390 1711 1425 muto,

1005 1435 1094 1474 turpi
1114 1436 1146 1465 in
1164 1435 1285 1465 vetulis
1304 1435 1412 1465 viduis
1435 1441 1470 1466 et
1490 1436 1632 1476 pathicis
1649 1436 1708 1466 mi-

1004 1486 1156 1525 nisterio,
1182 1487 1332 1518 lucratus
1349 1492 1400 1518 est
1427 1488 1477 1518 bis
1505 1488 1619 1518 decies
1640 1498 1707 1518 ses-

1003 1536 1153 1572 tertium,
1182 1542 1307 1567 nostrae
1338 1544 1498 1576 monetae,
1536 1538 1556 1569 l.
1584 1541 1705 1575 15625,

1000 1586 1063 1617 hoc
1082 1592 1131 1625 tu,
1148 1588 1282 1627 pusille,
1297 1588 1373 1618 mihi
1391 1587 1497 1620 facito
1514 1594 1548 1619 et
1563 1598 1706 1628 puerum

1002 1638 1106 1677 pluris
1122 1647 1242 1669 emam.
1287 1638 1514 1678 Sestertiolum,
1541 1639 1610 1679 ξω]
1644 1640 1706 1670 Di-

1003 1688 1216 1725 mimutivum,
1255 1698 1315 1728 pro
1347 1689 1553 1726 sestertium,
1588 1699 1709 1730 synco-

1000 1744 1081 1777 pate
1100 1748 1159 1778 pro
1178 1739 1430 1775 sestertiorum,
1445 1739 1534 1778 quod
1548 1749 1623 1769 cum
1638 1739 1709 1770 Ad-

1001 1788 1117 1817 verbio
1149 1788 1314 1818 numerali
1354 1788 1519 1828 positum,
1548 1788 1706 1829 designat

1002 1839 1141 1868 totidem
1159 1844 1304 1868 centena
1321 1839 1437 1868 millia.

1044 1889 1149 1920 Eme.
1172 1897 1227 1919 Lx.
1274 1891 1288 1918 1
1318 1888 1457 1926 Boiano,
1485 1888 1555 1928 Qu]
1593 1888 1704 1920 Poeta

1000 1939 1159 1969 Flaccum
1184 1943 1258 1969 erat
1285 1939 1471 1969 comitatus
1496 1939 1610 1979 Bajas,
1642 1949 1703 1979 spe

998 1998 1065 2019 non
1105 1999 1219 2029 parvae
1257 1988 1405 2028 alicujus
1454 1994 1489 2019 et
1537 1989 1705 2030 quotidia-

997 2048 1048 2068 nae
1081 2038 1256 2078 sportnlae.
1320 2038 1441 2078 Itaque
1477 2044 1619 2078 peracta
1654 2039 1702 2070 ibi

998 2088 1139 2127 lotione,
1155 2098 1230 2119 cum
1248 2089 1448 2128 sportellam
1467 2089 1630 2120 minutam
1647 2099 1700 2120 ac-

998 2139 1162 2179 cepisset,
1210 2138 1469 2169 frustrationem
1512 2140 1604 2170 illam
1653 2141 1701 2171 ul-

997 2189 1078 2220 cisci
1105 2189 1211 2220 voluit
1238 2189 1300 2221 hoc
1324 2189 1581 2230 epigrammate,
1604 2201 1686 2232 quas

997 2240 1102 2277 dicat,
1148 2240 1239 2280 anis
1278 2239 1426 2280 quidem,
1463 2240 1521 2271 ubi
1559 2243 1699 2282 optimae

997 2296 1095 2321 erant
1123 2301 1230 2331 aquae,
1262 2291 1350 2327 lavi3
1375 2290 1433 2321 sed
1466 2292 1611 2330 pessime
1635 2302 1701 2323 cae—

997 2342 1086 2372 navi.
1147 2341 1274 2379 anuua
1299 2341 1375 2371 mihi
1405 2344 1589 2381 quadrantes
1615 2354 1699 2384 spor-

997 2392 1077 2432 tula]
1103 2393 1265 2432 Sportula
1296 2392 1388 2430 mihi,
1415 2394 1502 2432 quod
1521 2403 1585 2423 una
1609 2394 1697 2424 lava-

998 2452 1079 2482 rem,
1109 2443 1189 2473 data
1218 2452 1236 2473 a
1272 2442 1456 2482 potentiori
1481 2443 1589 2473 amico
1620 2454 1699 2484 qno-

996 2503 1072 2524 cum
1096 2503 1309 2524 secesseram
1328 2493 1359 2522 in
1390 2492 1501 2533 Bajas.
1533 2494 1638 2532 epigr.
1668 2496 1704 2525 7.

997 2544 1016 2574 l.
1035 2546 1064 2573 3.
1082 2553 1168 2574 vers.
1184 2546 1214 2574 3.
1250 2542 1414 2582 Sportula]
1438 2544 1596 2582 Sportula
1613 2553 1696 2582 ergo

997 2595 1144 2633 proprie,
1159 2593 1310 2623 ciborum
1328 2593 1380 2622 vel
1400 2593 1619 2632 pecuniarum
1644 2603 1694 2624 re-

995 2645 1224 2684 ceptaculum.
1246 2643 1333 2673 unde
1350 2646 1558 2681 μετωνυμικῶς
1575 2654 1636 2684 pro
1650 2646 1697 2684 ip-

997 2706 1032 2725 sa
1071 2695 1212 2736 pecunia
1250 2700 1285 2724 et
1319 2694 1394 2724 cibo
1424 2693 1693 2734 frequentissime
