1866 3131
402 214 451 243 M.
476 213 587 243 VAL.
619 210 895 242 MARTIALIS
931 211 1026 240 [ΑΒ.
1060 212 1122 241 DE
1160 211 1389 242 SPEOTAC.

173 317 270 350 quem
288 307 320 338 111
338 308 439 346 valle,
465 317 539 349 quae
557 312 609 338 est
628 307 715 337 inter
737 307 868 346 Mycae-

172 370 231 390 nas
269 364 305 390 et
342 359 505 390 Nemeam
540 358 667 397 silvam,
694 355 866 387 confecit:

173 409 262 439 unde
278 408 388 439 dictus
414 413 465 438 est
492 407 672 438 Nemeaeus
687 406 870 444 Hercules,

172 463 208 489 et
229 460 281 489 leo
305 459 376 499 ipse
401 458 597 488 Nemeaeus.
623 456 777 486 Raderus.
826 456 869 485 Et

172 512 259 539 vasta
282 509 314 539 in
343 507 437 547 calle]
486 507 600 546 Lego:
643 507 696 536 sed
722 509 808 536 rasta
837 505 869 535 in

171 560 261 590 calle.
306 558 346 589 Id
358 558 445 588 enim
457 556 664 595 ἀντικείμενον
678 557 734 586 τοῦ
748 559 757 573 ⁴
774 556 869 587 Vidi-

172 608 268 639 mus.’
292 610 377 640 Nam
395 607 497 638 dubia
512 607 596 638 fides
614 612 665 638 est
680 608 764 648 ejus,
779 607 869 648 quod

171 658 204 689 in
222 658 324 689 vastis
341 658 549 699 desertisque
565 658 645 689 locis
660 657 785 689 factum
797 658 870 698 jac-

173 713 279 747 tatur,
296 714 344 747 et,
361 709 386 739 si
403 707 532 739 factum
562 713 627 745 est,
656 718 721 739 non
754 710 871 748 volup-

173 765 279 791 tatem
315 759 550 799 spectantibus
585 759 712 790 tribuit.
769 760 868 790 Gron.

172 810 392 850 Leonem,85c.]
414 810 522 841 Quem
536 808 687 840 confecit
700 809 870 841 Hercules

172 862 205 891 in
232 861 317 891 silva
347 860 522 899 Nemeaea,
548 860 638 891 inter
662 861 807 891 Cleonas
835 864 871 891 et

174 913 384 944 Phliuntem.

215 967 233 993 5
259 963 381 1002 Prisca,
396 962 463 1003 111-0.]
497 962 712 1003 Emphatice,
728 960 871 1002 amplifi-

174 1014 284 1045 catrix
303 1014 371 1044 veri
390 1017 552 1053 vetustas,
579 1023 653 1054 quae
680 1012 813 1043 incerta
836 1012 870 1043 111

173 1065 281 1105 majus
299 1064 388 1095 ferre
412 1064 511 1102 solet,
528 1064 737 1104 praecedenti
753 1064 872 1104 Epigr.

172 1116 346 1155 ‘longaeva
374 1114 549 1146 vetustas.'
581 1115 728 1152 Munera,
757 1115 872 1153 Coesar,

174 1166 243 1206 Era]
266 1167 413 1197 Munera
438 1167 578 1207 proprie
595 1166 636 1196 ad
655 1166 872 1207 gladiatorios

175 1217 272 1247 ludos
304 1222 490 1257 spectant:
531 1216 591 1247 sed
621 1222 655 1246 et
694 1216 873 1247 includunt

175 1268 392 1299 naumachias
414 1273 449 1298 et
473 1267 694 1298 venationes:
719 1276 794 1307 quae
819 1267 874 1296 vel

172 1329 298 1359 pugnoe,
329 1319 466 1360 ejusque
496 1318 683 1349 bestiarum
711 1317 802 1347 inter
837 1327 873 1347 se

175 1369 439 1408 commissarum,
463 1373 523 1399 aut
548 1368 798 1405 bestiariorum,
824 1370 875 1405 οη-

175 1418 339 1459 ριομοίχων,
349 1420 406 1461 qui
422 1430 496 1450 cum
510 1418 592 1450 feris
606 1418 876 1458 congredieban-

177 1476 256 1508 tur;
289 1475 347 1501 ant
383 1470 438 1500 ubi
478 1469 583 1500 vincti
611 1469 876 1509 objectabantur

172 1520 259 1551 feris
287 1521 409 1561 capitis
431 1521 493 1559 rei,
514 1520 672 1558 malefici,
692 1525 727 1551 et
753 1520 875 1551 miselli

178 1572 377 1603 Christiani:
404 1573 457 1602 vel
475 1572 680 1611 direptionis
701 1572 875 1602 missilium

180 1632 242 1663 per
260 1627 421 1662 tesseras,
436 1622 489 1652 vel
506 1623 577 1653 sine
595 1627 737 1652 tessera.

221 1676 242 1703 6
268 1672 518 1712 Foemine‹1‚83·c.]
541 1673 697 1711 Namque
710 1676 745 1701 et
763 1672 796 1701 in
814 1672 879 1701 Ro-

180 1732 310 1753 manam
330 1732 466 1752 arenam
483 1721 692 1753 descendere
714 1722 878 1752 sustinue-

180 1778 259 1804 runt
275 1772 441 1803 foeminae:
467 1777 502 1802 et
528 1771 616 1812 quod
640 1771 717 1801 olim
746 1771 878 1801 Hercu-

181 1824 241 1864 les,
254 1822 365 1863 idjam
381 1821 526 1852 fceminae
542 1820 682 1851 faciunt.
712 1821 878 1861 xiphilin.

180 1875 213 1904 in
252 1874 390 1904 Nerone
423 1877 457 1903 et
486 1873 577 1902 Tito.
613 1872 756 1902 Sueton.
794 1873 877 1903 Ner.

181 1934 210 1955 0.
223 1927 272 1955 ll.
285 1924 395 1955 Tacit.
407 1922 583 1954 Annal.l5.
596 1922 754 1954 Juvenal.
766 1922 837 1954 Sat.
850 1925 878 1954 1.

178 1985 226 2006 vs.
242 1977 296 2005 22.

186 2026 289 2056 Eme.
313 2034 376 2055 vn.
420 2024 584 2055 Damnati
609 2024 642 2054 111
662 2023 880 2064 Amphithea-

224 2082 311 2107 trum
334 2075 624 2115 producebantur,
638 2074 762 2105 fabulae
779 2076 880 2105 alicu·

218 2127 276 2167 jus
313 2135 492 2166 personam
529 2125 749 2162 sustinentes,
773 2125 879 2156 veluti

225 2175 388 2207 Herculis
405 2175 567 2214 ardentis,
583 2175 713 2216 Orphei
727 2176 879 2217 discerp-

229 2227 267 2266 ti,
283 2226 484 2256 Phaetontis
510 2230 568 2256 aut
585 2226 673 2256 Icari
692 2226 880 2257 decidenti-

226 2286 281 2307 um
310 2276 400 2306 inter
426 2275 528 2314 feras,
550 2278 614 2306 ἅτ.
663 2276 730 2307 Η10
755 2277 880 2316 capitis

224 2326 358 2367 quidam
375 2336 451 2357 reus
467 2326 510 2356 ob
528 2326 760 2366 parricidium,
775 2327 880 2357 domi-

224 2377 258 2406 ni
293 2385 426 2415 necem,
449 2376 680 2415 sacrilegium,
705 2377 758 2406 vel
786 2377 879 2407 urbis

227 2425 437 2464 incendium,
463 2425 555 2456 cruci
588 2424 704 2456 affixus
736 2436 813 2457 vere
837 2426 880 2456 ab

226 2486 304 2507 urso
329 2476 487 2516 laniatus,
514 2476 715 2507 Laureolum
742 2478 879 2508 mimum

228 2531 465 2567 rcpraesentat.

228 2580 242 2607 l
263 2577 410 2617 Scythica
424 2576 515 2617 rupe]
544 2578 710 2608 Caucaso.

226 2630 247 2658 2
271 2628 438 2658 Assiduum
448 2628 543 2658 nimio
552 2632 673 2668 pectore
681 2628 767 2668 pavit
779 2629 881 2668 avem]

186 2677 360 2718 Aquilam,
375 2678 525 2709 interdiu
548 2684 756 2719 vescentem,
780 2687 882 2710 noctu

185 2730 218 2760 in
235 2738 351 2768 poenas
377 2729 710 2767 renascentijecore.

227 2781 246 2808 3
267 2777 447 2817 Caledonio]
480 2779 507 2809 E
525 2779 651 2819 Scotia,
668 2779 880 2818 Synecdoch.

1506 200 1618 242 1083

918 306 952 336 in
968 306 1301 345 Septentrionalibus
1320 306 1408 337 enim
1426 304 1533 346 plagis
1550 306 1620 335 ursi

917 356 1053 387 maximi
1071 361 1105 387 et
1123 357 1310 388 saevissimi.

961 409 979 436 4
1005 406 1274 446 Nons‹1lsa,8sc.]
1300 407 1374 437 Non
1388 405 1470 437 ficto
1488 406 1619 436 drama-

920 462 966 494 te,
985 457 1017 488 in
1034 467 1100 499 quo
1116 458 1190 498 quis
1218 458 1284 487 ursi
1314 458 1402 498 pelle
1424 461 1536 488 tectus
1553 457 1618 496 (uti

921 508 1014 539 Nero
1031 508 1121 548 apud
1147 509 1290 538 Sueton.
1316 518 1344 539 0.
1365 508 1436 546 29.)
1463 507 1620 538 fictitium

921 560 1123 590 Laureolum
1148 558 1313 589 dilaniare
1329 558 1529 596 videretnr3
1553 567 1621 588 non

920 610 952 640 in
969 609 1051 641 ficta
1067 619 1184 648 cruce,
1199 609 1249 640 uti
1265 609 1392 646 agebat
1417 610 1621 640 Laureolum

922 661 1087 691 Lentulus
1100 659 1271 701 (Juvenal.
1285 659 1355 690 Sat.
1366 662 1396 690 8.
1407 659 1624 700 judice)dig-

921 722 983 742 nus
1000 722 1082 742 vera
1098 721 1223 742 cruce:
1250 711 1308 741 sed
1327 720 1405 741 vere
1422 716 1530 742 totum
1548 721 1622 742 cor-

923 774 985 804 pus
1009 764 1188 794 laceratus.
1226 762 1406 800 Laureolus,
1421 762 1491 802 Era]
1516 763 1622 793 Dam-

921 819 1021 844 natus
1038 815 1117 851 iste,
1136 812 1294 844 Laureoli
1311 812 1450 843 latronis
1467 822 1545 843 urso
1562 821 1618 842 ex-

922 864 1023 906 positi
1041 864 1177 895 m‘nnum
1195 872 1276 893 vere
1293 872 1408 902 agens.

964 919 984 946 6
1010 915 1106 955 Inque
1121 915 1217 952 omni,
1231 912 1302 953 ξω]
1335 913 1439 943 Το1115
1454 912 1623 943 eviscera-

923 969 993 1004 tus,
1008 974 1110 996 carne
1138 963 1302 1003 nudatus,
1325 963 1373 993 nil
1396 962 1460 992 nisi
1477 963 1598 993 vulnus
1615 973 1623 992 ;

923 1016 1033 1054 σχῆμα
1049 1013 1209 1054 ὀξύμωρον.

965 1071 983 1098 7
1008 1067 1150 1107 Denique
1163 1065 1360 1106 supplicium]
1385 1065 1497 1096 Faveo
1522 1064 1625 1095 Scali-

923 1127 1004 1158 gero
1016 1122 1136 1148 contra
1149 1116 1336 1147 Gruterum
1349 1121 1383 1146 et
1395 1115 1600 1146 Scriverium
1618 1125 1625 1145 :

923 1169 1073 1209 satisque
1103 1172 1234 1198 certum
1265 1166 1375 1197 habeo
1405 1165 1620 1196 Panormita-

923 1228 1001 1249 num
1016 1219 1117 1249 istum
1130 1218 1245 1248 nescio
1256 1227 1354 1259 quem
1368 1222 1436 1248 13111
1451 1217 1627 1256 elegantes

924 1278 1039 1299 versus
1070 1268 1186 1299 facere
1218 1277 1283 1298 non
1323 1268 1487 1308 potuisse.
1534 1266 1626 1299 Quid

923 1319 977 1350 hic
995 1319 1104 1359 inepti
1122 1319 1181 1359 sit,
1195 1328 1259 1350 nec
1276 1317 1460 1348 ostendunt
1477 1318 1539 1356 1111,
1564 1327 1626 1348 nec

927 1380 990 1410 ego
1005 1370 1116 1400 video.
1141 1369 1247 1408 Illud,
1258 1368 1511 1409 Denique,quod
1525 1368 1628 1399 maxi-

926 1431 979 1451 me
1007 1419 1148 1451 offendit
1173 1421 1264 1461 (nam
1292 1419 1355 1450 hoc
1380 1423 1443 1458 est,
1471 1418 1514 1449 ob
1538 1418 1626 1459 quod

928 1476 1087 1502 causatus
1121 1470 1303 1508 Gruterus,
1334 1479 1370 1500 se
1402 1478 1467 1499 non
1499 1468 1628 1507 videre,

928 1521 1096 1562 quomodo
1119 1521 1150 1551 hi
1175 1531 1291 1551 versus
1319 1520 1476 1551 connecti
1501 1524 1628 1559 queant

929 1581 1005 1602 cum
1018 1570 1306 1611 przecedenssbns,
1321 1574 1355 1600 et
1369 1569 1628 1608 suspicaturaut

930 1621 1101 1651 excidisse
1126 1620 1254 1660 aliquot
1277 1629 1392 1650 versus
1409 1619 1552 1657 medios,
1569 1623 1629 1650 aut

929 1672 986 1702 hos
1004 1681 1078 1702 esse
1096 1670 1322 1711 adulterinos)
1338 1671 1385 1702 510
1403 1671 1549 1711 positum
1565 1675 1631 1710 est,

929 1728 967 1752 ut
999 1721 1087 1762 apud
1111 1722 1247 1751 Florum
1266 1725 1295 1752 1.
1315 1724 1364 1752 16.
1389 1721 1556 1762 ‘denique
1577 1721 1629 1752 bis

930 1771 1070 1803 floribus
1098 1771 1242 1802 vernat)
1278 1772 1403 1802 Sensus
1431 1777 1543 1802 autem
1572 1771 1629 1802 ille

928 1822 1088 1861 adjicitur
1105 1821 1145 1851 ad
1163 1821 1365 1851 demendam
1381 1821 1540 1851 invidiam
1555 1830 1631 1851 cru-

929 1871 1077 1910 delitati,
1099 1881 1174 1912 quae
1199 1871 1388 1912 spectaculi
1413 1872 1555 1912 gratiam
1580 1880 1631 1901 re·

932 1921 1100 1960 friget-are
1118 1925 1265 1961 poterat.
1292 1921 1479 1952 Gronovius.

972 1975 992 2003 9
1017 1972 1317 2012 Ανι·αηο,ᾅέ.αηνο]
1342 1972 1630 2008 Ornatu,statuis,

932 2023 1021 2053 vasis
1050 2024 1255 2064 templorum
1286 2023 1409 2063 aureis,
1439 2022 1629 2061 ἀναθήμασιε

931 2074 986 2104 vel
1000 2075 1100 2105 etiam
1116 2075 1250 2114 privato
1261 2083 1354 2114 auro,
1370 2074 1505 2114 templis
1521 2078 1631 2105 custo-

932 2124 997 2155 dia).
1016 2135 1118 2156 cansa
1135 2125 1305 2165 deposito.

977 2178 1015 2205 11
1046 2175 1171 2206 Vicerat
1186 2173 1412 2215 antiqztoe,85c.]
1436 2173 1632 2205 Admiserat

933 2235 1012 2256 sane
1040 2225 1175 2266 aliquod
1200 2226 1343 2265 crimen,
1359 2225 1517 2256 Laureoli
1541 2225 1630 2256 illius

931 2276 1114 2306 latrocinio
1129 2276 1274 2313 gravius.

976 2329 1014 2357 12
1031 2326 1069 2356 In
1081 2325 1153 2365 quo]
1170 2326 1226 2356 Sic
1243 2325 1350 2365 epigr.
1365 2327 1394 2354 5.
1412 2333 1527 2364 supra,
1539 2325 1547 2341 ‘
1559 2323 1626 2355 Ac-

932 2377 1026 2417 cepit
1049 2376 1166 2406 fabula
1183 2376 1295 2416 prisca
1311 2373 1412 2404 fidem
1427 2374 1449 2404 :’
1481 2381 1515 2405 et
1540 2373 1627 2405 infra

932 2428 1039 2468 epigr.
1067 2429 1121 2457 21.
1146 2435 1193 2456 vs.
1217 2428 1247 2456 8.
1285 2425 1363 2460 Quae
1384 2424 1493 2462 fuerat
1505 2424 1631 2465 fabula]

934 2478 1038 2509 Ludit
1062 2477 1095 2506 in
1123 2475 1344 2507 conclusione
1373 2484 1436 2515 per
1450 2476 1634 2514 contraria,

934 2527 1011 2558 dum
1041 2536 1129 2557 nova
1150 2526 1307 2566 antiquis,
1323 2534 1402 2556 vera
1425 2524 1514 2556 fictis
1542 2536 1632 2557 com-

931 2578 1038 2618 ponit.

936 2629 1044 2659 Eric.
1071 2637 1152 2658 vm.
1188 2627 1357 2657 Damnato
1379 2626 1512 2658 cuidam
1530 2631 1564 2658 et
1577 2627 1632 2669 (ut

977 2679 1008 2708 in
1036 2677 1264 2719 praecedentis
1282 2677 1390 2717 epigr.
1416 2678 1633 2717 argumento)

982 2727 1118 2757 Daulali
1135 2725 1204 2756 fab.
1227 2726 1259 2756 in
1284 2726 1486 2766 supplicium
1508 2728 1633 2767 agenti,

978 2779 1057 2809 dum
1092 2782 1250 2819 pegmate
1280 2787 1457 2817 excussus,
1487 2778 1583 2819 quasi
1612 2788 1631 2808 e
