1866 3131
421 215 472 245 M.
506 214 615 244 VAL.
650 212 926 243 MAR'rlAhls
965 214 1122 245 EPIGR.
1159 216 1250 246 Llss.
1287 216 1335 245 X.

159 306 288 347 abigas,
305 308 339 338 id
358 313 420 345 est,
437 317 488 339 me
505 318 654 339 asseras:
681 312 717 339 ut
734 306 853 347 Epigr.

156 360 208 388 72.
226 363 260 388 et
279 361 328 389 12.
343 358 399 388 lib.
414 362 445 389 7.
477 359 630 397 AErugine
644 357 763 397 versus]
780 358 853 388 Ma-

155 409 353 447 ledicentia,
382 411 498 449 livore,
527 419 627 451 quem
654 410 771 449 Epigr.
800 411 852 439 72.

155 459 212 490 lib.
243 463 274 491 7.
313 461 458 499 dixerat,
491 460 500 476 ‘
516 465 625 490 atrum
664 458 852 490 venenum!

156 510 244 540 Vide
260 510 403 540 Tun-neb.
416 509 473 540 lib.
490 512 541 540 30.
557 519 633 549 cap.
649 512 699 540 30.
722 509 776 550 qui
794 519 851 539 no-

155 565 218 597 tat,
234 561 391 591 invidiam
409 560 509 591 animi
523 560 638 590 vitium
654 569 739 599 esse,
757 561 852 600 quale

155 610 274 649 rubigo
299 615 352 640 est
377 609 459 640 ferri
484 615 518 641 et
543 619 678 649 aerugo:
704 616 740 640 ut
764 611 850 640 enim

154 661 211 690 illa
228 662 355 691 ferrum
373 666 407 691 et
430 671 476 692 aes
499 660 629 697 exedit,
656 660 704 691 ita
728 660 852 691 invidia

154 720 213 740 cor
227 711 353 750 exedit,
376 715 460 742 etse
477 711 582 750 ipsam
600 711 757 742 corrodit.
781 711 852 741 Ho-

154 766 217 791 rat.
235 761 326 792 illam
343 761 529 801 aeruginem
557 763 565 778 ‘
580 762 684 802 nigrae
702 762 850 802 loliginis

150 821 287 843 succum
299 813 307 824 '
329 813 529 853 appellavit.

204 864 223 891 S
248 862 311 896 Qui
338 861 468 902 legitur]
491 863 553 894 Cui
581 861 670 892 fama
696 861 789 893 favet
814 867 850 893 et

152 912 272 951 lector,
287 913 348 943 hoc
363 918 427 951 est,
440 913 495 953 qui
512 913 648 953 legitur.

194 966 214 993 9
240 964 332 994 Hunc
345 974 480 1004 serrare,
502 965 572 1004 Brea]
597 965 715 1005 Epigr.
729 964 771 995 ad
790 964 848 995 lib.

153 1016 180 1043 l.
199 1014 309 1053 Epist.
325 1020 359 1045 et
375 1016 584 1056 Epigramm.
599 1019 628 1046 3.
647 1015 700 1046 lib.
717 1019 746 1046 8.
763 1025 849 1046 vers.

151 1066 204 1094 20.

202 1115 305 1146 Epic.
330 1125 459 1147 xxxiv.
492 1117 556 1149 Jus
585 1120 801 1155 patronorum
831 1127 850 1147 a

150 1165 297 1203 Trajano
329 1166 487 1197 Romanis
524 1166 695 1197 redditum
734 1166 851 1197 laudat

152 1214 334 1248 Martialis,

206 1268 221 1294 1
251 1265 296 1295 1.)ι”
321 1265 380 1296 tibi
405 1265 493 1305 dent]
523 1265 678 1296 Solennis
705 1264 850 1297 formula

151 1313 236 1345 bene
253 1316 428 1355 precandi.

193 1368 212 1395 2
239 1366 281 1395 Et
298 1366 384 1406 rata]
408 1367 531 1397 Ratum
549 1366 740 1407 imperium,
760 1366 848 1407 quod

154 1415 211 1446 Dii
228 1417 415 1456 contulere,
430 1416 577 1449 firment.

193 1470 211 1496 3
239 1467 301 1502 Qui
323 1477 378 1497 sua
398 1467 553 1505 restituis,
573 1468 643 1508 εγω]
666 1467 733 1500 Qui
751 1467 847 1497 resti-

150 1514 216 1546 fuis
234 1517 386 1556 patronis
402 1517 458 1557 jus
475 1523 672 1557 patronatus
696 1518 728 1547 in
745 1518 847 1548 liber-

152 1571 203 1596 tos
223 1575 311 1605 suos,
334 1576 417 1606 quos
441 1568 657 1598 Domitianus
682 1568 848 1598 militibus

153 1617 728 1658 mquarat.VidePlin.jun.lib.10.
739 1619 848 1658 Epist.

153 1669 204 1696 11.

191 1720 210 1748 4
240 1718 322 1748 Exul
347 1728 407 1749 non
431 1718 492 1749 erit
517 1719 568 1748 ille
583 1719 661 1758 suis]
686 1718 770 1749 Jure
789 1729 848 1750 suo

150 1769 478 1809 spoliatustanquam
491 1769 699 1808 proscriptus
710 1774 745 1799 et
757 1771 846 1800 exul.

150 1818 457 1849 Proscrihebantur
469 1828 548 1848 vero
563 1819 711 1858 patroni,
722 1828 796 1849 cuin
810 1820 847 1849 il-

149 1869 256 1908 lisjus
270 1873 467 1909 patronatus
482 1868 688 1908 eriperetur,
700 1873 738 1899 ut
751 1878 792 1898 ex
812 1869 848 1899 li-

148 1919 322 1950 bertorum
348 1919 445 1949 bouis
470 1919 641 1949 semissem
659 1929 700 1949 ne
716 1920 848 1960 accipe-

150 1974 245 2000 rent:
263 1970 311 2000 ita
327 1969 512 2010 improprie
526 1974 625 2000 vocat
637 1970 690 2000 liic
703 1971 847 2001 exulem.

147 2020 200 2050 De
214 2020 392 2051 clientibus
404 2024 440 2051 et
454 2021 606 2060 patronis
621 2020 674 2051 hic
686 2030 751 2051 non
766 2031 847 2059 ago3

148 2071 212 2101 alia
239 2071 329 2101 enim
360 2075 437 2101 sunt
461 2071 540 2111 jura
567 2076 785 2111 patronorum
814 2073 847 2102 in

147 2121 304 2158 clientes,
330 2121 394 2151 alia
416 2121 449 2151 in
467 2121 631 2151 libertos:
658 2131 723 2152 non
741 2122 848 2152 oninis

146 2171 250 2201 cliens
275 2171 431 2211 libertus,
451 2172 557 2202 omnis
577 2178 688 2203 tamen
706 2172 847 2204 libertus

151 2220 269 2251 cliens.
294 2221 378 2253 Rad.

192 2274 209 2300 5
236 2270 360 2309 Dignus
382 2281 424 2311 es,
446 2271 515 2312 ἐγὼ]
549 2273 653 2304 Certe
674 2272 794 2313 dignus
811 2283 846 2304 es

149 2321 311 2360 integram
327 2322 412 2352 inire
426 2323 559 2354 laudem
573 2333 615 2354 ex
627 2324 759 2365 integro
772 2325 846 2356 cive

150 2373 302 2402 Romano
320 2373 472 2412 pristinae
489 2383 558 2404 suae
575 2374 733 2414 dignitati
748 2376 845 2406 resti-

148 2429 236 2456 tuto.
290 2425 442 2466 Legend.
468 2426 523 2457 hic
550 2432 666 2459 censet
691 2429 845 2469 Scaliger

148 2480 283 2506 tortum:
306 2485 383 2505 nam
401 2475 442 2506 de
457 2477 652 2517 torquendis
677 2488 720 2508 ex
747 2488 843 2509 accu-

147 2527 277 2557 satione
300 2525 497 2557 libertorum
522 2532 581 2559 aut
595 2537 769 2560 servorum
785 2530 843 2560 do-

144 2576 244 2607 minis
270 2577 453 2617 intelligit3
481 2578 570 2618 quod
596 2589 697 2620 quum
725 2580 844 2611 liceret

148 2632 300 2667 tempore
324 2627 522 2667 Domitiani,
549 2629 665 2659 Nerva
691 2629 844 2669 Impera-

145 2684 197 2709 tor
213 2679 361 2709 sustulit.
388 2678 553 2718 Clientem]
571 2679 687 2710 Civem
704 2680 842 2711 Roman.

189 2731 208 2759 6
236 2729 278 2760 Ut
295 2729 384 2759 liceat
401 2732 538 2765 tantum,
553 2728 622 2768 ἐγὼ]
638 2729 842 2761 Scriverius:

148 2780 191 2809 Et
213 2778 319 2819 (liceat
344 2782 464 2809 tantum
486 2788 559 2808 vera
580 2778 726 2819 probare)
743 2783 841 2819 potes.

1495 205 1607 246 1365

907 306 981 338 Hoc
998 312 1068 338 est:
1095 308 1227 348 Dignus
1245 318 1279 339 es
1294 312 1331 340 ut
1348 309 1471 348 possis3
1498 315 1532 340 et
1550 321 1607 351 po-

906 362 980 388 tes:
1006 357 1185 389 dummodo
1210 360 1310 391 liceat
1329 369 1388 390 seu
1407 360 1512 400 possit
1530 370 1605 401 pro—

907 409 984 439 bare
1001 410 1079 439 exul
1098 419 1130 438 se
1149 420 1221 440 esse
1239 415 1430 449 patronum.
1456 411 1537 441 le.

948 459 1053 490 Epio.
1072 468 1185 490 xxxv.
1204 460 1377 490 Po'etriam
1395 461 1514 491 laudat
1529 461 1606 492 Sul-

906 510 1291 550 pitiam,qiia³,Mai·tiali
1305 511 1455 551 aequalis,
1470 512 1609 552 scripsit

905 559 1070 590 Po'einata
1084 560 1125 590 de
1140 569 1252 590 amore,
1267 561 1460 600 conjugum,
1474 567 1506 591 et
1521 567 1605 593 tem-

906 610 1040 651 poribus
1057 610 1257 648 Domitiani,
1281 611 1411 652 aliaque
1433 613 1605 643 nonnulla.

904 661 964 691 Est
986 659 1075 691 infra
1097 660 1137 691 ad
1155 660 1321 691 Galenurn
1339 661 1489 700 ejusdem
1507 672 1605 692 men-

905 711 963 741 tio.
989 712 1070 742 Racl.

948 764 962 791 1
990 761 1169 801 Sulpiciam,
1194 761 1260 801 fija]
1294 761 1481 802 Potiu-iam,
1509 762 1602 792 Mar-

903 812 975 841 tiali
1002 822 1173 843 coaevam:
1200 813 1296 853 cujus
1323 812 1479 843 meminit
1506 812 1604 844 Sido-

903 861 977 892 nius
995 862 1107 893 Carm.
1122 865 1153 894 9.

944 915 962 941 5
982 912 1052 942 Non
1064 912 1143 952 hoec]
1158 913 1236 944 Non
1250 913 1369 944 scribit
1381 913 1514 944 insanos
1529 913 1604 944 Me-

903 963 975 995 dese
993 974 1138 996 amores:
1159 965 1211 995 vel
1228 975 1293 995 non
1311 970 1452 997 excusat
1467 966 1601 998 Medeae

901 1017 1050 1046 scelera:
1067 1016 1114 1047 sic
1130 1017 1253 1048 Juven.
1277 1018 1286 1034 ‘
1302 1018 1471 1048 Periturae
1490 1018 1600 1058 ignos-

902 1066 950 1096 cit
974 1067 1101 1105 Elisae‚'
1122 1069 1232 1109 Satyr.
1249 1072 1279 1099 6.
1304 1078 1391 1100 vers.
1408 1071 1482 1099 436.
1530 1069 1600 1098 Col-

900 1117 1015 1154 chidos,
1028 1118 1092 1158 ἐξα]
1104 1119 1191 1149 Vide
1205 1119 1419 1159 Mythologos
1433 1123 1468 1150 et
1482 1119 1601 1159 Epigr.

902 1177 1015 1206 supra.

944 1220 962 1246 7
981 1218 1159 1255 Necfnisse
1171 1219 1284 1258 credit]
1303 1219 1375 1250 Nec
1393 1219 1464 1260 ipsa
1479 1220 1604 1261 credit,

902 1276 965 1297 nec
982 1268 1054 1297 aliis
1071 1270 1258 1299 credendas
1276 1270 1400 1310 ingerit
1415 1271 1474 1301 has
1492 1270 1562 1302 fab.

944 1321 962 1347 S
988 1319 1188 1361 C11sbos‚‹5·c.]
1209 1321 1258 1351 De
1275 1330 1387 1351 amore
1404 1321 1601 1361 conjugum.

944 1371 982 1399 11
1002 1370 1129 1401 Nullam
1146 1371 1331 1411 nequiorem]
1349 1372 1384 1402 Si
1401 1381 1510 1402 mores
1526 1372 1603 1402 Sui-

901 1419 995 1458 pitiae
1019 1427 1166 1460 spectes,
1192 1422 1315 1452 nullam
1333 1422 1425 1452 dices
1446 1421 1600 1462 pudicio-

901 1478 991 1499 rem:
1016 1471 1042 1499 si
1072 1481 1200 1510 versus,
1228 1472 1353 1502 nullam
1384 1472 1600 1512 nequiorem;

900 1520 1037 1559 scripsit
1055 1522 1143 1551 enim
1162 1532 1307 1557 amores,
1324 1522 1382 1553 sed
1406 1522 1599 1562 conjugum.

953 1574 992 1602 13
1019 1574 1145 1612 Egeria>
1161 1575 1250 1612 jocos
1266 1575 1382 1615 fnisse]
1418 1575 1600 1615 Nymphae,

900 1622 996 1661 cnjus
1018 1624 1185 1664 colloquio
1212 1630 1246 1655 et
1271 1625 1437 1656 institutis
1454 1635 1489 1656 se
1506 1635 1600 1656 nsum

898 1671 999 1703 finxit
1015 1664 1214 1713 Nnmasrex
1233 1675 1332 1707 Rom.
1350 1685 1389 1706 11.
1428 1676 1517 1706 Vide
1535 1676 1600 1716 Ep.

899 1725 951 1753 47.
971 1723 1027 1753 lib.
1045 1728 1076 1754 6.
1095 1734 1181 1754 vers.
1198 1728 1230 1756 3.

952 1776 989 1803 14
1021 1774 1103 1813 Udo]
1137 1774 1288 1814 Aricino,
1315 1775 1466 1807 fontibus
1495 1781 1598 1818 atque

898 1823 1153 1863 aquaeductibus
1168 1826 1335 1865 niadenti3
1352 1826 1427 1857 vide
1441 1826 1598 1859 Juvenal.

898 1873 1012 1913 Satyr.
1031 1878 1061 1904 3.
1079 1885 1166 1906 vers.
1183 1879 1233 1907 11.

943 1926 979 1953 15
1000 1924 1070 1955 Hac
1084 1926 1299 1965 condiscipula,
1316 1926 1383 1966 δῖα]
1399 1926 1434 1957 Si
1451 1927 1600 1967 Sulpitia

898 1984 958 2005 usa
972 1974 1092 2006 fui-ses
1109 1977 1271 2016 magistra
1283 1977 1335 2007 vel
1352 1977 1600 2018 condiscipula,

898 2034 916 2055 o
931 2025 1080 2065 Sappho.

942 2079 981 2106 16
1005 2075 1142 2115 Sappho]
1167 2075 1321 2117 Potin-ia,
1346 2076 1523 2108 celebrata
1539 2077 1597 2108 de·

898 2127 984 2157 cinna
1002 2127 1112 2156 Musa.

942 2180 981 2207 18
1008 2178 1117 2206 Durus
1141 2175 1323 2216 Sulpiciam,
1346 2177 1415 2218 ἐγὼ]
1445 2178 1512 2210 Qui
1539 2188 1596 2209 ne-

898 2227 1004 2267 glexit
1019 2228 1293 2268 contempsitque
1318 2228 1400 2260 alias
1425 2229 1596 2269 mulieres,

899 2277 940 2308 ad
970 2286 1098 2307 amores
1125 2276 1242 2317 durus,
1268 2278 1452 2318 Sulpiciam
1480 2284 1596 2310 tamen

896 2338 991 2368 aeque
1008 2332 1065 2358 aut
1083 2327 1198 2367 polius
1217 2332 1358 2359 amaret.

940 2381 979 2408 19
993 2377 1138 2416 Frustra]
1151 2377 1316 2407 Heraldus
1331 2382 1407 2418 post
1423 2377 1432 2394 ‘
1448 2377 1595 2409 Frustra’

896 2433 1059 2469 punctum
1086 2428 1192 2467 pouit,
1215 2427 1277 2458 hoc
1305 2437 1428 2458 seusu:
1456 2429 1595 2460 Frustra

897 2488 969 2509 eam
995 2482 1122 2507 amaret
1148 2476 1264 2507 Phaon
1290 2477 1406 2517 durus,
1432 2482 1467 2508 et
1493 2488 1592 2519 quern

896 2528 1030 2568 Sappho
1061 2527 1123 2557 sibi
1153 2526 1335 2557 conciliare
1366 2536 1432 2558 non
1468 2529 1591 2567 potuit.

896 2579 1047 2615 Frustra,
1062 2577 1210 2617 inquam,
1221 2577 1300 2618 quia
1311 2577 1471 2608 Calenum
1487 2580 1591 2610 virum

896 2638 1003 2665 suum,
1033 2637 1096 2658 nec
1125 2628 1233 2667 Jovis,
1252 2638 1326 2659 rnec
1355 2629 1493 2670 Bacchi,
1529 2640 1592 2662 nec

895 2678 1061 2717 Apollinis
1075 2678 1240 2709 connubio
1255 2684 1313 2710 ant
1326 2680 1489 2712 societate
1503 2691 1593 2712 com-

896 2735 1025 2759 mutare
1044 2730 1158 2759 vellet.
1206 2729 1356 2771 Namque,
1375 2731 1443 2771 ahu]
1470 2733 1591 2773 Neque

895 2779 981 2810 enim
1002 2780 1141 2819 Bacchi,
1160 2779 1340 2820 Apollinis,
1363 2781 1511 2822 ipsiusve
1532 2780 1591 2814 Jo-
