1866 3131
345 181 392 209 M.
426 181 536 210 VAL.
571 179 842 210 MARTIALIS
881 180 1036 211 EP1GR.

103 277 265 307 lustretur
282 279 390 307 totum
413 276 483 307 sole
510 276 614 317 prins,
629 285 727 317 quam
745 285 799 306 ca·

102 337 223 358 cumen
251 328 374 358 montis
399 328 531 358 Circes.
575 327 710 367 Arcano,
730 327 797 367 ἀῶ]

105 377 204 409 Quod
222 378 302 408 alios
319 378 441 419 ubique
459 378 556 408 latet.

147 430 187 458 10
199 427 378 462 *Nascentis
391 427 507 467 patris]
534 427 688 458 Orientis
702 427 800 467 Solis,

106 478 203 517 cujus
220 477 290 508 filia
307 477 418 509 Circe.

148 532 185 560 11
215 526 596 567 Haec‚.11uguste‚tamen]
620 527 800 559 Conclusio

103 583 138 610 et
155 578 389 619 epiphonema.
434 578 532 617 Haec,
554 587 573 608 o
600 577 727 615 Caesar,
743 582 801 608 tua

105 630 232 669 domus,
247 630 399 671 quamvis
422 629 570 660 culmine
597 628 710 659 sidera
729 632 800 659 tan-

105 686 173 721 gat,
191 685 226 712 et
242 681 363 712 caelum
377 685 490 722 aequet
506 679 740 720 amplitudine,
753 684 803 710 ta-

106 741 180 762 men
198 737 232 762 te
249 741 313 762 non
327 732 431 772 capit,
447 740 510 762 nec
526 736 579 762 est
593 731 675 762 satis
691 731 803 771 ampla

104 792 165 824 pro
182 782 348 821 dignitate
370 782 514 813 nominis
530 786 566 813 et
581 781 726 813 numinis
742 781 803 813 tui.

147 835 187 863 12
211 833 318 863 Minor
343 836 388 863 est
413 831 550 872 domino]
587 832 802 864 Adulatorie.

105 883 161 914 Sic
177 884 342 924 Papinius
358 883 451 924 Sylv.
463 886 496 914 4.

148 935 252 966 Eme.
269 943 415 965 xxxvn.
452 934 546 965 Nihil
575 933 681 965 donas
706 933 803 965 Caie-

105 988 197 1024 tano,
227 985 283 1025 qui
310 984 423 1016 reddis
453 985 502 1016 illi
529 985 803 1025 chirographum,

107 1046 173 1077 quo
205 1036 358 1076 agnoscit
384 1045 420 1067 se
457 1036 521 1067 tibi
549 1035 677 1066 debere
704 1044 744 1066 M.
771 1044 803 1066 c.

103 1088 173 1128 (vel
188 1093 223 1118 ut
238 1088 306 1126 alii,
323 1087 429 1118 Miltia
443 1090 492 1118 ter
506 1086 643 1125 centum)
662 1087 717 1117 cui
732 1087 804 1127 qui-

105 1139 181 1170 dem
197 1140 255 1169 aeri
273 1149 337 1170 non
355 1145 406 1170 est
424 1139 607 1171 solvendo:
632 1139 697 1169 imo
707 1148 804 1168 serva

106 1190 343 1232 syngrapham,
359 1195 393 1221 et
409 1190 452 1221 da
475 1191 524 1221 illi
548 1199 589 1220 u.
605 1198 644 1220 Μ.
682 1189 758 1219 Hoc
777 1189 804 1219 si

105 1240 242 1280 feceris,
265 1246 299 1271 te
323 1240 450 1281 aliquid
474 1240 614 1271 donasse
642 1239 805 1270 dicemus.

106 1290 196 1322 Vide
214 1291 432 1332 Epigramma
449 1294 523 1322 105.
541 1290 626 1322 libro
642 1293 678 1321 9.

150 1342 254 1374 Eme.
272 1351 435 1374 xxxvur.
462 1343 624 1374 Celebrat
641 1343 803 1383 pietatem

106 1392 259 1424 Melioris
276 1402 357 1434 erga
372 1393 518 1424 Blaesum
534 1393 692 1431 scribant,
706 1393 804 1433 eujus

105 1442 260 1474 defuncti
284 1443 432 1474 natalem
463 1443 641 1483 quotannis
669 1453 805 1474 revoca·

106 1494 176 1535 bat,
191 1501 227 1526 et
244 1493 366 1525 festum
382 1494 585 1524 Blaesianum
602 1494 763 1533 appellat.

150 1548 167 1576 1
195 1546 258 1580 Qui
271 1548 400 1584 proeslat
411 1545 539 1584 pietate,
556 1543 625 1585 δῖα]
650 1545 678 1575 Ε
694 1544 807 1576 media

107 1596 388 1636 Philosophorum
419 1596 532 1626 schola
565 1595 805 1635 depromptum

106 1653 173 1686 est,
204 1647 377 1687 praecipue
406 1655 484 1676 vero
513 1655 554 1676 ex
578 1645 686 1685 primo
713 1646 805 1676 Ethi-

108 1707 225 1728 corum
243 1696 460 1733 Aristotelis3
497 1695 566 1734 ubi,
579 1695 622 1726 de
639 1695 804 1727 felicitate

107 1757 211 1787 agens
225 1747 382 1785 humana,
400 1746 506 1776 videri
522 1745 569 1776 ait
582 1745 703 1776 homini
722 1755 805 1786 quo-

108 1808 173 1840 que
189 1805 321 1829 mortuo
342 1798 464 1829 bonum
491 1796 651 1838 quiddam
678 1805 752 1827 esse
770 1801 805 1827 et

108 1850 244 1888 malum,
261 1849 359 1880 sicuti
375 1854 410 1879 et
426 1848 553 1879 viventi
566 1857 626 1878 nec
643 1848 804 1878 sentienti

108 1900 294 1939 contingit:
320 1904 357 1930 ut
380 1899 537 1938 honores,
554 1903 588 1929 et
604 1897 751 1929 infamiae
767 1899 803 1928 li-

107 1949 266 1980 berorum
281 1955 316 1980 et
341 1955 568 1990 posterorum,
589 1955 624 1980 et
641 1950 805 1990 prosperi-

107 2004 209 2037 tates,
240 1999 543 2041 adversitatesque.
589 2001 667 2031 Huc
699 2001 806 2040 respi-

108 2051 200 2082 ciens
227 2051 398 2081 Martialis
423 2061 488 2081 non
515 2051 580 2081 sihi
605 2052 653 2081 ait
675 2051 805 2082 contiu-

108 2111 200 2141 gere,
225 2101 314 2142 quod
332 2101 499 2132 nonnullis
516 2101 718 2139 viventibus,
736 2102 807 2143 qui-

109 2152 170 2183 bus
211 2162 276 2182 non
306 2152 532 2183 sentientibus
563 2153 807 2192 prosperitates

110 2203 315 2240 obveniunt;
339 2203 397 2233 sed
411 2208 446 2234 et
461 2203 587 2234 viventi
603 2203 667 2233 sihi
680 2208 715 2234 et
731 2213 806 2234 sen-

109 2254 209 2285 tienti
225 2254 356 2285 delatos
368 2263 442 2285 esse
459 2254 543 2285 tales
558 2254 714 2294 honores,
727 2265 807 2296 qua-

110 2306 158 2336 les
177 2306 292 2345 paucis
307 2310 382 2345 post
405 2310 547 2336 mortem
570 2310 605 2336 et
622 2315 687 2336 non
704 2306 807 2337 senti-

110 2355 245 2386 entibus
271 2356 484 2395 contingunt.
528 2355 665 2386 Illorum
692 2360 806 2387 tamen

111 2406 289 2447 aliqnando
303 2406 429 2446 placuit
441 2415 515 2437 esse
526 2406 727 2445 sententiae3
750 2407 806 2448 qui

112 2457 257 2487 Carmen
275 2456 337 2486 hoc
353 2456 400 2487 sic
415 2455 600 2496 accipiunt,
614 2457 678 2487 sibi
692 2457 806 2487 viven-

110 2507 136 2537 ti
155 2506 385 2547 sentientique
401 2507 610 2547 contingere,
627 2507 715 2548 quod
732 2509 806 2539 aliis

112 2562 244 2589 tautum
272 2562 349 2598 post
377 2562 517 2589 mortem
536 2560 734 2599 contingere
750 2558 808 2590 da-

114 2613 184 2639 tum
211 2613 285 2639 est:
310 2613 348 2639 ut
374 2609 421 2638 ait
444 2608 651 2640 Justinnsr‘
674 2607 808 2640 Sufficit

113 2660 201 2690 enim
219 2659 297 2689 mihi
319 2660 352 2689 in
380 2660 442 2690 hoc
467 2664 620 2699 tempore
639 2659 805 2700 judiciuin

115 2715 207 2740 tuum
223 2721 228 2739 2
265 2709 355 2750 apud
383 2712 549 2749 posteros,
573 2719 648 2741 cum
675 2710 808 2740 obtrec-

116 2760 254 2792 tationis
269 2760 395 2791 iuvidia
417 2760 617 2800 decesserit,
634 2759 807 2791 industriae¹

1439 174 1551 214 1:309

848 275 1078 307 testimonium
1109 276 1286 308 habituro:
1331 276 1418 308 Item
1447 278 1552 310 Ovid.

847 326 907 357 lib.
926 329 954 357 1.
974 328 1156 358 Eroticon:
1193 330 1202 345 ‘
1224 328 1379 359 Pascitur
1405 329 1438 359 in
1467 329 1552 360 vivis

848 377 945 415 livor,
962 385 1038 417 post
1055 377 1125 408 sata
1141 377 1310 418 quiescit!
1352 378 1440 410 Item
1458 379 1551 410 Mar-

850 428 939 458 tialis
957 428 1015 460 lib.
1043 432 1074 459 5.
1102 429 1220 469 Epigr.
1249 432 1298 460 10.
1339 430 1349 446 ‘
1368 430 1448 460 Esse
1469 429 1549 469 quid

848 479 912 509 hoe
927 479 1052 518 dicam,
1067 480 1154 521 quod
1172 480 1257 510 vivis
1270 479 1359 510 fama
1371 486 1515 520 negatur
1529 480 1552 510 θ’

850 531 986 561 Etenim
1004 532 1186 562 sententiae
1210 531 1316 572 priori
1332 531 1440 562 libens
1458 541 1553 562 acce·

850 580 905 612 do.
946 582 1069 613 Schott.
1117 582 1181 617 Qui
1210 585 1353 621 pmstat,
1378 581 1447 622 ἔγω]
1485 582 1552 614 Qui

851 641 988 663 munera
1016 632 1100 663 vivis
1117 632 1235 671 donat,
1261 632 1389 672 majora
1414 642 1553 663 munera

852 682 905 712 vel
919 682 1154 714 haereditatem
1172 686 1313 722 captare
1330 682 1496 714 videatur.

893 735 914 763 4
940 734 1083 773 Nemini,
1097 734 1166 774 tra]
1189 734 1342 765 Mortuo.

894 787 914 814 6
940 785 1065 819 Quaerit
1094 785 1181 825 quid,
1207 784 1276 824 8)·σ.]
1314 784 1406 816 Quid
1433 785 1555 825 quaerit

852 834 914 865 nisi
931 834 1083 866 dolorem
1107 845 1202 866 suum
1218 834 1389 867 consolari
1414 838 1450 866 et
1466 834 1555 865 miti-

852 894 933 925 gare
950 885 1131 925 largitione
1149 886 1230 926 pia?

894 938 913 966 7
938 935 1051 973 Refert
1072 936 1116 967 sis
1140 936 1248 977 bonus]
1284 935 1351 967 Hic
1368 944 1485 967 versus
1511 936 1556 966 le-

852 985 982 1024 gendus
1009 985 1136 1028 absque
1163 986 1439 1026 interrogationis
1465 991 1556 1017 nota.

851 1035 860 1052 ‘
880 1035 1002 1066 Refert
1013 1035 1021 1048 ’
1037 1042 1164 1078 autem,
1179 1036 1212 1067 id
1225 1041 1293 1076 est,
1307 1037 1489 1077 plurimum
1508 1037 1556 1067 in-

853 1091 972 1118 terest.
1010 1087 1122 1118 Gloss.
1160 1089 1170 1104 ‘
1198 1086 1332 1126 Refert,
1365 1085 1557 1127 διαλλάττει,

853 1135 1010 1177 διαφέρει.’
1045 1139 1171 1170 Sensus
1185 1148 1266 1179 ergo
1281 1142 1355 1169 est:
1381 1139 1447 1170 Qui
1468 1148 1555 1169 mor-

854 1192 948 1219 tuum
979 1188 1151 1220 beneficiis
1181 1188 1412 1229 prosequitur,
1437 1198 1558 1219 revera

853 1238 1025 1270 beneficus
1053 1245 1129 1270 est:
1165 1239 1223 1280 qui
1240 1238 1368 1278 vivum,
1385 1238 1557 1270 beneficus

852 1290 998 1322 fortasse
1021 1291 1129 1323 videri
1147 1292 1231 1322 vult.
1277 1291 1386 1332 Atqui
1400 1301 1556 1330 magnum

853 1347 907 1373 est
924 1341 1107 1373 discrimen
1125 1343 1214 1373 inter
1229 1340 1267 1372 τὸ
1289 1340 1336 1381 ὒν,
1354 1346 1390 1372 et
1404 1340 1442 1372 τὸ
1457 1341 1559 1381 φαινό-

859 1403 961 1429 μενον.
993 1393 1078 1423 Cato
1095 1393 1182 1423 enim
1205 1392 1214 1408 ‘
1232 1401 1318 1432 esse,
1334 1401 1433 1432 quam
1451 1392 1557 1423 videri

854 1441 960 1472 bonus
974 1441 1143 1473 malebat!
1168 1442 1302 1474 Herald.
1334 1442 1459 1483 Refert]
1478 1443 1556 1473 Plu-

855 1491 973 1523 rimum
990 1493 1136 1524 interest
1156 1493 1245 1524 inter
1268 1502 1346 1523 eum
1374 1494 1430 1534 qui
1453 1494 1558 1525 bonus

855 1547 919 1580 est,
935 1548 970 1573 et
985 1548 1115 1574 tantum
1127 1544 1234 1574 bonus
1248 1543 1322 1574 vult
1338 1544 1459 1576 videri.

897 1595 917 1623 9
943 1594 1006 1628 Qui
1028 1594 1215 1633 solennibus,
1228 1593 1299 1634 85⁶]
1337 1595 1403 1625 Qui
1428 1594 1461 1624 in
1489 1604 1557 1625 rne-

855 1643 992 1673 moriam
1012 1644 1127 1682 Blaesi,
1143 1646 1238 1684 pueri
1258 1645 1306 1675 tui
1320 1643 1485 1683 defuncti,
1502 1656 1558 1676 ce-

856 1693 967 1723 lebras
992 1694 1139 1723 natalem
1165 1694 1255 1724 illius
1283 1695 1479 1734 quotannis,
1495 1696 1559 1725 lar-

854 1744 945 1783 gitus
962 1744 1084 1775 scribis
1109 1754 1262 1783 munera,
1287 1754 1305 1774 e
1330 1755 1471 1786 quorum
1498 1755 1557 1776 nu-

855 1804 947 1825 mero
964 1794 1082 1835 etipse
1098 1796 1230 1825 Blaesus
1248 1800 1334 1826 erat.

898 1848 937 1875 12
951 1845 1003 1875 Ad
1017 1845 1213 1884 natalitium]
1227 1844 1468 1886 Antiquissima
1480 1856 1558 1876 con-

855 1895 999 1925 suetudo
1032 1895 1100 1925 diei
1132 1896 1253 1926 natalis
1284 1897 1428 1935 colendi,
1459 1899 1557 1938 cujus

855 1948 955 1978 etiam
974 1949 1100 1979 mentio
1118 1949 1246 1981 Genes.
1264 1959 1343 1990 cap.
1367 1953 1419 1982 40.
1436 1961 1557 1982 conon.

854 2002 906 2029 20.
952 1999 1066 2030 Persis
1098 2000 1200 2030 etiam
1238 2010 1366 2031 sumina
1396 2002 1558 2041 religione

857 2051 1050 2081 observata.
1093 2050 1182 2082 Vide
1203 2051 1373 2083 Herodot.
1399 2053 1558 2084 Celebra-

857 2102 941 2132 bant
961 2106 996 2132 et
1026 2101 1208 2132 amicorum
1240 2106 1343 2143 atque
1371 2102 1560 2143 Imperato-

858 2163 930 2183 rum
955 2153 1102 2182 natales:
1143 2157 1213 2182 tum
1246 2157 1280 2182 et
1311 2151 1561 2185 defunctorum.

858 2203 949 2233 Plin.
967 2203 1075 2242 Epist.
1093 2203 1125 2232 7.
1141 2201 1200 2232 lib.
1218 2196 1247 2233 3.
1263 2203 1422 2234 Juvenal.
1439 2203 1509 2234 Sat.
1527 2208 1558 2234 5.

855 2255 864 2270 ‘
883 2254 991 2285 Quale
1014 2251 1165 2282 coronati
1191 2252 1339 2282 Thrasea
1366 2252 1559 2282 Helvidius-

857 2315 922 2346 que
938 2304 1114 2342 bibebant,
1137 2304 1319 2334 Brutorum
1337 2307 1372 2333 et
1389 2303 1482 2333 Cassi
1502 2313 1557 2333 na-

859 2355 1004 2386 talibus?
1050 2354 1143 2385 Diem
1158 2353 1329 2393 colendum]
1354 2354 1408 2384 Sic
1424 2355 1557 2384 omnino

856 2406 971 2446 ἡμέραν
985 2403 1157 2445 Θεραπεύειν
1180 2406 1294 2436 Gr'aeci
1321 2404 1452 2436 dicunt.
1490 2406 1556 2438 He-

856 2459 935 2488 rald.

900 2512 940 2539 14
979 2505 1185 2545 Bloesimmm]
1241 2505 1379 2535 Festum
1421 2506 1558 2536 nomine

858 2558 958 2589 Blaesi
975 2564 1009 2587 et
1026 2557 1058 2587 in
1076 2557 1164 2586 illius
1187 2556 1328 2595 gratiani
1345 2566 1352 2585 ε
1389 2555 1478 2586 unde
1495 2556 1557 2586 tibi

859 2617 1006 2648 praesens
1024 2607 1143 2647 gloria,
1160 2616 1221 2637 nec
1244 2607 1352 2636 minus
1371 2610 1557 2646 superstes.

858 2660 909 2690 De
928 2658 1052 2689 Atedio
1071 2657 1232 2696 Meliore,
1244 2657 1364 2697 Epigr.
1380 2660 1432 2687 28.
1449 2656 1507 2688 lib.
1525 2660 1557 2687 (3.

858 2715 894 2740 et
912 2708 1032 2748 Papin.
1051 2708 1143 2747 Sylv.
1158 2711 1189 2738 2.
1213 2707 1301 2737 Vide
1327 2711 1363 2738 et
1379 2707 1486 2747 Epist.
1507 2710 1556 2739 17.

859 2759 916 2790 lii).
936 2761 964 2789 1.
977 2759 1065 2789 Plin.
1083 2759 1158 2789 Sec.
1172 2762 1205 2788 et
1222 2757 1332 2798 Epist.
1345 2760 1376 2789 9.
1392 2757 1451 2789 lib.
1468 2760 1499 2790 9.

1073 182 1165 211 Ltss.
1201 183 1304 211 Vlli-
