1866 3131
425 170 476 199 M.
510 169 624 199 VAL.
656 170 931 199 MAR'rlALiS
966 171 1127 201 1:1‘1GR.
1164 172 1254 201 [ΑΒ.
1289 173 1332 200 V.

149 256 157 272 ‘
178 256 221 286 Et
238 256 312 296 ipsa
337 259 467 286 natura:
497 256 667 286 elementa
695 254 724 284 vi
751 263 853 294 pecu—

150 308 214 337 niae
244 307 399 338 discreta
428 312 518 338 sunt.
578 306 626 338 Hi
652 306 770 343 nives3
806 305 854 335 illi

150 357 294 398 glaciem
320 362 455 397 potant,
480 366 664 398 poenasque
690 355 855 396 montium

150 409 184 438 in
208 408 419 447 voluptatem
449 408 537 447 gulae
567 411 718 437 vertunt.
777 405 855 436 Ser-

149 464 249 488 vatur
271 458 364 497 algor
387 457 540 496 aestibus,
567 456 855 496 excogitaturque

150 513 187 539 ut
204 508 322 540 alienis
339 508 509 539 mensibus
524 508 581 538 nix
605 506 741 548 algeat.'
786 507 855 538 Nix

151 566 262 592 autem
294 561 421 592 venalis
449 565 524 592 erat
550 561 592 592 ad
624 561 713 591 hunc
743 570 854 591 usum.

151 612 323 643 Caeterum
330 622 417 653 aqua
427 611 543 642 nivata
556 611 740 642 utebantur
750 611 856 642 etiam

151 662 193 692 ad
215 663 418 694 lavationem
441 662 469 693 ol
484 661 595 693 ἄσωτοι
615 660 665 692 καὶ
683 659 856 702 διάθρυπτοι

150 714 211 743 τῶν
235 713 400 745 πλουσίων.
446 712 625 746 Quomodo
647 717 761 744 autem
786 721 855 742 ser-

152 769 291 795 varetur
306 764 366 794 nix
382 764 459 805 ista,
475 764 579 795 docet
596 764 773 796 Plutarch.
797 763 856 795 lib.

149 818 181 846 6.
197 816 314 856 Symp.
328 816 446 847 Probi.
463 819 495 848 6.
521 817 658 848 Herald.

194 869 212 897 3
238 867 430 906 Pinguescat
450 868 555 908 nimio,
570 867 640 907 ἔξω]
663 865 856 907 Unguentis

152 916 295 948 delibuti
315 922 351 947 et
366 916 507 949 floribus
524 918 679 949 coronati
694 918 855 948 conviva-

151 967 274 997 bantur
301 967 463 998 Veteres.
524 968 715 1007 Pinguescat
742 967 856 1007 nimio]

151 1017 209 1047 Sic
224 1016 367 1057 λιπαροὺς
381 1017 561 1055 πλοκάμους
581 1018 744 1049 dixerunt
761 1018 856 1049 Grae-

151 1068 194 1098 ci.
239 1068 248 1085 ‘
268 1067 399 1099 Nimio’
427 1074 555 1108 autem,
582 1068 616 1099 id
647 1073 712 1109 est,
736 1069 854 1099 multo.

152 1117 265 1150 Gloss.
308 1119 317 1135 ‘
338 1118 461 1157 Nimis,
484 1118 577 1159 ἄγαν,
600 1117 694 1158 πάνυ,
715 1118 856 1159 σφόδρα.’

150 1169 269 1201 Plaut.
295 1170 330 1201 in
354 1169 508 1210 Ainphit.
554 1171 563 1188 ‘
580 1172 748 1212 Legiones
774 1172 855 1202 edu-

152 1222 234 1250 cunt
255 1228 331 1250 suas
351 1220 450 1250 nimis
475 1220 621 1260 pulchris
643 1221 746 1252 armis
771 1231 857 1261 prae-

151 1270 266 1302 ditas.'
294 1270 438 1312 Amomo]
453 1272 639 1312 Unguento
655 1273 734 1304 inde
749 1272 855 1313 facto,

151 1330 228 1352 cum
239 1321 454 1361 valetudinis,
462 1327 532 1353 tum
541 1323 729 1364 voluptatis
740 1334 855 1356 causa.

194 1374 214 1402 4
231 1372 325 1403 Rosia
335 1372 494 1414 sutilibus]
509 1374 659 1405 Coronas
672 1383 690 1405 e
704 1383 855 1406 rosarum

152 1422 242 1455 foliis
264 1424 486 1456 consuebant.
536 1425 704 1466 Sutililms]
728 1427 857 1458 Plecti-

151 1475 253 1514 libus,
279 1484 353 1515 quae
380 1484 398 1505 e
426 1475 565 1506 ramulis
592 1476 858 1508 innectebantur

153 1524 474 1565 plectebanturque‚
497 1525 587 1557 unde
611 1531 647 1558 et
670 1528 794 1566 dic-tae;
820 1533 858 1559 ut

153 1576 162 1590 ‘
180 1574 283 1605 serta’
319 1585 338 1606 a
368 1575 534 1607 serendo:
569 1577 578 1593 ‘
601 1578 732 1608 sutiles'
764 1588 858 1618 ergo,

155 1635 230 1665 qnae
248 1634 266 1654 e
284 1623 433 1664 floribus,
459 1635 552 1656 mero
578 1626 744 1667 imprimis
769 1638 858 1659 rosa-

154 1685 226 1705 rum
243 1674 339 1713 folio,
355 1675 614 1707 consuebantur.
645 1677 780 1707 Florum
798 1678 859 1709 ita-

157 1735 222 1767 que
246 1725 419 1757 fasciculis
440 1727 644 1768 coronisque
671 1728 787 1768 capita
808 1739 859 1760 re-

155 1778 260 1808 vincti
279 1778 312 1808 iu
329 1777 492 1808 conviviis
510 1768 628 1818 potare
639 1779 728 1809 soliti
741 1786 857 1811 erant:

157 1828 300 1867 primum
340 1827 475 1868 quidem
514 1827 712 1859 hederaceis
750 1835 786 1860 et
816 1840 859 1861 ex

156 1878 255 1918 δρίος
278 1887 356 1908 mox
381 1878 535 1917 myrteis,
558 1879 684 1919 quippe
709 1890 784 1920 quae
802 1880 859 1911 ad-

155 1928 341 1969 stringunt,
351 1932 387 1958 et
398 1928 465 1958 vini
478 1929 711 1960 exhalationes
723 1937 857 1961 arcent:

155 1985 261 2011 turne
279 1980 377 2018 rosis,
405 1990 480 2020 quae
497 1985 532 2011 et
548 1981 751 2020 gravitatem
769 1983 859 2022 capi—

156 2032 199 2062 tis
219 2031 353 2069 sedant,
377 2036 411 2062 et
435 2031 574 2071 potione
600 2038 784 2064 aestuantes
809 2044 860 2064 re-

156 2081 334 2122 frigerant.
380 2082 515 2113 Corona
540 2082 690 2123 insuper,
714 2085 860 2124 plenitu-

156 2132 245 2163 dinis
272 2138 308 2163 et
334 2132 503 2163 libertatis
530 2133 734 2174 symbolum,
760 2134 860 2166 festis

157 2184 387 2225 conviviisque
414 2184 594 2224 competit,
619 2190 656 2216 ut
681 2190 716 2216 et
742 2187 862 2226 capiti,

158 2235 246 2276 quod
265 2234 439 2264 rationalis
452 2235 571 2265 animae
585 2235 692 2267 sedes.
724 2236 861 2269 farnab.

201 2290 218 2316 5
243 2286 318 2316 Jam
343 2285 458 2325 vicina]
489 2285 660 2316 Gruterus
689 2287 818 2318 mavult
841 2297 860 2318 e

161 2337 245 2367 Mss.
287 2336 361 2365 Tam
375 2335 492 2373 vicina,
507 2337 559 2375 ξε.
591 2336 636 2367 Et
653 2342 760 2368 recte.
789 2337 860 2369 Pro

160 2398 200 2419 eo
232 2387 319 2428 qnod
353 2387 510 2418 solebant
538 2388 701 2420 conviviis
733 2389 861 2421 inferre

158 2439 308 2470 sceleton
326 2437 378 2467 vel
393 2437 558 2476 oscillum,
580 2443 617 2468 ut
641 2448 680 2469 eo
697 2449 861 2481 conspec-

159 2495 196 2521 tu
225 2488 447 2520 admouerent
473 2492 674 2529 praesentes,
700 2497 862 2531 caperent

159 2540 366 2579 voluptates,
390 2542 573 2578 antequam
598 2538 655 2569 isti
676 2540 801 2571 similes
823 2541 861 2572 fi-

159 2596 271 2626 erent,
284 2588 373 2629 quod
387 2587 481 2618 brevi
495 2587 643 2619 futurum
656 2596 740 2621 erat.
771 2592 862 2622 Mar-

160 2641 250 2672 tialis
274 2638 482 2669 mentionem
505 2637 590 2669 facit
616 2641 763 2681 sepulcri
787 2642 860 2673 Cae-

163 2691 264 2729 sarei,
308 2688 397 2729 quod
442 2688 665 2730 propinquum
703 2697 789 2729 erat,
827 2697 863 2724 et

163 2741 352 2782 proximum
379 2738 410 2769 ei
438 2739 527 2778 loco,
555 2740 587 2770 iu
614 2750 679 2782 quo
707 2743 860 2782 potabat.

1494 163 1606 202 1235

907 254 1044 286 Gronov.
1097 256 1205 287 Vicina
1223 256 1335 295 jubent
1361 256 1430 297 nos]
1454 256 1495 287 In
1519 257 1607 287 valle

904 305 1035 336 Murtia
1073 311 1149 336 erat
1187 307 1403 347 sepulchrum
1447 305 1608 347 Augusti.

903 357 981 396 Vel,
995 357 1166 397 propiora,
1178 367 1277 397 quam
1293 358 1374 389 illud
1387 358 1496 389 Cariae
1511 358 1608 389 Mau-

904 408 1042 438 soleum.
1092 406 1219 446 Vivere]
1241 408 1322 439 vita
1339 409 1400 447 uti,
1425 409 1609 450 genialiter

904 458 1033 489 vivere.
1079 457 1199 498 Epigr.
1230 461 1281 488 16.
1315 459 1373 490 lib.
1402 462 1430 490 l.
1464 469 1561 495 vers„
1579 462 1611 491 4.

905 510 1082 550 Mausolea]
1106 509 1296 549 Sepulchra
1319 509 1480 550 Augusti,
1502 510 1610 551 impe-

905 564 1069 597 ratorum,
1090 565 1192 601 atque
1218 565 1454 600 cognatorum,
1476 561 1518 592 ab
1539 560 1610 591 Au-

906 617 1004 651 gusto
1018 616 1176 642 extructa
1189 611 1231 642 ad
1245 611 1498 643 similitudinem
1511 613 1609 643 Mau-

906 663 989 694 solei
1004 662 1215 694 Artemisiae:
1237 663 1354 704 Epigr.
1371 667 1401 694 1.
1418 663 1477 693 lib.
1494 665 1612 703 Spect.

906 723 995 746 vers.
1012 718 1044 745 5.
1080 714 1168 745 vide
1188 714 1306 755 Epigr.
1325 717 1378 752 59.
1395 714 1452 746 lib.
1468 718 1501 746 2.
1522 725 1609 747 vers.

906 768 939 796 2.

949 819 970 847 6
993 815 1092 856 Deos]
1108 816 1354 856 Imperatores,
1368 816 1425 856 qui
1440 825 1477 847 se
1492 826 1554 857 pro
1571 816 1611 847 iis

906 866 1023 897 haberi
1042 866 1214 897 volebant.

950 919 1055 949 Epic.
1069 926 1153 948 va.
1178 917 1415 948 Referturhoc
1432 917 1612 957 Epigram-

906 979 961 1000 ma
975 969 1017 999 ad
1035 968 1304 1008 Carpophorum,
1322 968 1409 1009 quod
1427 967 1611 998 admodum

906 1018 1007 1050 affine
1029 1019 1241 1059 Epigramm.
1265 1021 1318 1049 27.
1341 1018 1398 1049 lib.
1415 1018 1534 1057 Spect.
1551 1017 1614 1048 sed

906 1069 1040 1100 laudem
1058 1073 1164 1099 totam
1182 1069 1301 1099 tribuit
1317 1067 1526 1098 Domitiano.
1568 1068 1615 1098 Et

908 1125 1020 1149 tamen
1037 1129 1102 1149 nou
1119 1119 1160 1149 ab
1175 1119 1248 1158 ipso
1262 1117 1459 1149 Domitiano
1476 1116 1614 1148 confec—

908 1174 958 1200 tas
974 1170 1031 1200 has
1047 1168 1138 1200 feras
1153 1178 1196 1200 ex
1213 1169 1276 1199 hoc
1295 1178 1394 1199 versu
1411 1172 1527 1208 potest
1544 1169 1614 1199 col-

907 1220 986 1259 ligi:
1004 1223 1013 1236 ‘
1028 1219 1206 1249 Reddatur
1222 1218 1250 1248 si
1267 1227 1381 1258 pugna
1394 1218 1521 1258 triplex
1539 1227 1615 1258 pas-

909 1270 989 1301 toris
1005 1269 1113 1308 Iberi,
1131 1269 1193 1300 Est
1208 1268 1270 1300 tibi
1285 1268 1341 1309 qui
1357 1269 1463 1309 possit
1478 1268 1614 1299 vincere

907 1318 1128 1362 Geryonem.’

952 1375 967 1402 1
992 1371 1102 1408 Astra,
1117 1370 1188 1410 Syru]
1214 1370 1308 1402 Coelo
1333 1370 1505 1401 donavere
1527 1369 1617 1400 Her-

908 1423 1017 1454 culem
1037 1427 1136 1463 gesta
1155 1431 1227 1461 sua,
1251 1422 1355 1453 etiam
1383 1421 1540 1462 ingratiis
1554 1421 1616 1453 Ju-

908 1473 1018 1505 nonis.

962 1525 982 1553 2
1007 1523 1133 1554 Nemeae
1150 1526 1264 1561 terror,
1287 1521 1358 1563 Sym]
1382 1523 1451 1554 Leo
1468 1522 1502 1553 in
1519 1522 1618 1562 sylva.

910 1574 1075 1604 Nemeaea
1112 1572 1317 1604 interfectus
1357 1574 1399 1604 ab
1438 1573 1592 1605 Hercule
1609 1585 1619 1612 ;

910 1623 1118 1664 Epigramm.
1133 1626 1188 1655 27.
1204 1623 1264 1654 lib.
1290 1624 1412 1663 Spect.
1427 1632 1516 1655 vers.
1533 1627 1564 1655 3.

952 1676 970 1704 3
998 1674 1042 1704 Et
1062 1674 1250 1712 castigatum.
1267 1684 1397 1712 ceroma,
1412 1673 1481 1713 Cym]
1507 1673 1616 1704 Casti—

910 1731 1026 1766 gatum
1054 1734 1206 1760 ceroma,
1231 1729 1282 1754 est
1310 1724 1531 1755 destrictum:
1558 1726 1616 1765 qui

910 1776 998 1806 enim
1029 1775 1259 1812 luctabantur,
1288 1773 1504 1813 stringebant
1534 1775 1615 1805 invi-

911 1835 995 1857 cem.
1040 1825 1224 1856 Manilius:
1248 1826 1257 1840 ‘
1277 1824 1316 1854 ln
1341 1824 1451 1854 varias
1474 1824 1619 1855 destrin-

912 1882 997 1916 gunt
1009 1876 1161 1907 membra
1174 1874 1377 1915 palaestras!
1404 1875 1545 1905 Frustra
1558 1874 1619 1904 du-

911 1927 998 1958 bitat
1015 1926 1236 1963 Ramiresius,
1259 1930 1385 1963 utrum,
1406 1925 1535 1966 stringo
1550 1926 1620 1955 luc—

911 1985 947 2009 ta
968 1987 1105 2017 corpus,
1130 1986 1186 2014 an,
1214 1976 1340 2016 stringo
1359 1977 1528 2017 palaestrae
1546 1978 1619 2017 pul-

913 2037 1005 2067 vere,
1017 2027 1236 2058 intellexerit.
1266 2026 1323 2057 Ita
1334 2027 1532 2066 stringendo
1544 2037 1617 2058 cas-

912 2080 1068 2121 tigabant
1096 2088 1246 2118 ceroma,
1273 2078 1308 2109 id
1334 2083 1399 2115 est,
1427 2079 1617 2120 destringe-

911 2132 1007 2162 bant.
1054 2131 1104 2161 Eo
1121 2129 1239 2169 Virgil.
1259 2129 1415 2160 exerceri
1436 2129 1616 2169 palaestras

912 2183 1009 2222 dicit,
1031 2182 1039 2198 ‘
1056 2182 1132 2212 oleo
1147 2179 1310 2219 labente‚'
1337 2180 1399 2210 hoc
1423 2185 1490 2218 est,
1513 2181 1616 2210 casti-

912 2239 990 2273 gato
1016 2236 1200 2263 ceromate.
1255 2230 1333 2261 Hoc
1363 2231 1452 2260 euim
1480 2230 1617 2270 proprie

912 2288 965 2314 est
999 2285 1008 2299 ‘
1025 2279 1216 2321 castigare,’
1248 2281 1432 2320 stringere,
1467 2280 1592 2311 vincire
1609 2292 1616 2310 :

912 2343 979 2364 non
1003 2333 1075 2363 loro
1101 2331 1248 2370 caedere,
1267 2335 1326 2360 aut
1342 2334 1449 2369 cest0‚
1465 2334 1501 2360 ut
1519 2335 1618 2369 putat

913 2386 965 2415 vir
991 2392 1137 2414 summus
1169 2381 1209 2411 ad
1243 2380 1422 2416 Pei-sitnm
1453 2379 1516 2409 sed
1545 2379 1618 2411 loro

912 2436 1062 2475 cingere.
1107 2430 1207 2464 Quod
1228 2430 1399 2460 Martialis
1420 2430 1428 2445 ‘
1444 2429 1618 2470 castigare

913 2483 1060 2517 ceroma'
1077 2482 1179 2520 dixit,
1194 2480 1225 2510 id
1241 2479 1320 2510 alibi
1336 2479 1524 2519 appellavit
1539 2481 1548 2497 ‘
1562 2490 1620 2511 ce-

914 2546 1007 2567 roma
1039 2530 1175 2564 terere.‘
1229 2530 1275 2560 Et
1314 2529 1373 2560 lib.
1410 2532 1441 2560 3.
1474 2530 1618 2570 perdere

914 2588 1036 2618 oleum.
1082 2581 1172 2612 Vide
1196 2581 1297 2611 latius
1313 2585 1349 2610 et
1366 2581 1558 2612 accuratius
1576 2591 1618 2612 ea

913 2637 955 2668 de
975 2645 1009 2666 re
1026 2634 1254 2664 disserentem
1281 2631 1331 2662 Cl.
1348 2630 1467 2660 Virum
1488 2631 1619 2663 Grono-

914 2688 1003 2717 vium
1035 2684 1067 2714 in
1099 2681 1156 2712 lib.
1180 2684 1212 2712 2.
1244 2681 1338 2720 Sylv.
1371 2682 1403 2710 6.
1434 2690 1513 2721 pag.
1545 2685 1616 2712 146.

918 2739 960 2769 Et
984 2734 1171 2773 castigatum
1186 2730 1328 2771 Libyae]
1354 2730 1398 2761 Et
1421 2729 1536 2762 Antaei
1561 2732 1614 2762 Li-
