1866 3131
262 157 373 199 1426
725 166 751 194 N
762 163 863 193 oTAE

348 416 955 465 EPIGRAMMATUM
984 415 1125 462 LIB.
1149 414 1306 462 XIII.

311 553 432 593 Xenia]
467 553 614 584 ‘Xenia'
648 553 750 591 dicta,
781 552 870 594 quod
899 554 962 584 τοῖς

265 605 370 645 ξένοις,
404 605 437 635 id
474 610 538 642 est,
573 604 776 644 hospitibus,
803 613 864 634 nec.
897 613 961 633 non

267 656 383 686 amicis
407 655 664 695 apponebantur
688 654 964 684 mittebanturve.

268 705 355 736 Haec
372 715 445 735 cum
464 705 611 744 pictores
627 703 772 739 tabellis,
790 707 859 733 tum
878 702 962 732 Po'e-

267 761 305 787 ta
331 755 543 786 Carminibus
582 754 730 785 imitatus
764 758 838 784 est:
877 752 964 783 infra

268 807 384 845 Epigr.
415 808 446 837 3.
479 810 513 836 et
534 804 711 835 Vitruvius
733 803 818 833 libro
849 805 880 833 6.
911 812 964 833 ca-

268 857 340 897 pite
359 859 409 887 10.
451 855 560 887 Tituli
584 859 619 885 et
643 855 801 885 lemmata
833 862 906 893 quae
932 854 964 883 in

268 905 528 946 elegantissimis
565 905 751 935 Xeniorum
795 907 832 933 et
872 902 964 942 Apo-

270 957 484 996 phoretorum
527 955 649 985 libellis
681 953 855 993 adscripta
891 958 967 984 sunt

269 1005 424 1036 distichis
447 1005 599 1045 singulis,
623 1014 664 1035 ea
692 1003 862 1035 Martialis
893 1013 965 1034 esse

269 1061 307 1087 ut
345 1056 443 1093 scias,
479 1055 521 1086 ad
560 1055 764 1095 dignitatem
801 1054 967 1094 imprimis

270 1107 524 1147 utilitatemque
567 1106 742 1146 utriusque
787 1104 964 1145 pertinet:

271 1167 346 1188 cum
388 1162 523 1188 caeterae
547 1157 802 1197 inscriptiones»,
826 1166 900 1197 quae
932 1155 967 1186 in

270 1209 563 1248 Epigrammatum
589 1207 684 1238 libris
708 1209 758 1237 12.
798 1211 900 1246 atque
934 1206 968 1236 in

272 1257 463 1298 fragmento
503 1257 546 1288 de
593 1257 805 1297 Spectaculis
850 1265 967 1286 occur-

272 1313 363 1348 runt,
378 1307 589 1338 librariorum
616 1307 684 1338 sint
707 1312 742 1338 et
758 1307 970 1346 criticorum,

274 1368 337 1399 pro
364 1358 505 1389 arbitrio
541 1368 580 1389 ac
611 1357 719 1388 lubitu
758 1357 890 1398 quidvis
921 1358 969 1388 in-

276 1408 539 1449 terpretantium
586 1417 624 1438 ac
677 1407 969 1447 interpolantium.

274 1457 374 1491 Quod
391 1457 558 1489 inxeniis
581 1461 618 1488 et
642 1456 874 1497 Apophoretis
900 1456 970 1488 fac-

274 1516 359 1549 tum,
376 1520 457 1541 cave
473 1509 604 1541 credas.
649 1508 688 1539 In
701 1509 972 1548 Epigraminatis‚

275 1560 365 1601 quod
396 1560 485 1598 dico,
530 1559 655 1589 clamat
686 1558 755 1598 ipsa
793 1557 971 1588 diversitas

273 1610 532 1650 inscriptionum
557 1610 588 1639 in
615 1608 758 1639 diversis
784 1608 971 1647 codicibus,

275 1670 340 1701 qua
358 1659 510 1700 scriptis,
527 1669 592 1700 qua
605 1658 719 1689 editis.
746 1658 876 1688 Horum
892 1668 972 1689 vero

276 1711 471 1741 lemmatum
497 1714 669 1739 auctorem
691 1718 726 1739 se
748 1709 857 1748 ipsum
874 1709 973 1749 profi-

276 1765 367 1792 tetur
403 1760 499 1790 initio
538 1758 860 1799 Apophoretorum3
897 1768 971 1789 cum

277 1811 406 1851 inquit:
432 1809 644 1847 mammam,
674 1808 701 1838 si
739 1817 883 1848 quaeres,
914 1818 973 1838 cur

277 1861 345 1891 sint
362 1860 546 1900 adscripta,
561 1858 690 1889 docebo
706 1868 714 1888 ε
729 1859 789 1897 Ut,
806 1858 833 1888 si
847 1859 972 1889 malue-

278 1912 336 1950 ris,
350 1911 506 1942 lemmata
525 1909 594 1940 sola
608 1908 722 1947 legas:
768 1908 867 1938 Adde
883 1908 972 1948 quod

278 1961 404 2001 absque
442 1960 481 1990 iis
510 1969 551 1990 ne
580 1959 754 1990 millesima
779 1968 856 1998 pars
883 1959 976 1989 ‹listi-

278 2010 414 2040 chorum
431 2014 525 2039 recte
547 2009 691 2047 intelligi
711 2009 830 2048 possit.
875 2009 973 2040 Quod

279 2060 333 2089 vel
348 2059 455 2089 solum
473 2064 605 2098 arguat,
624 2059 727 2098 ipsius
751 2059 920 2089 Martialis
937 2069 975 2089 ea

278 2118 370 2146 esse;
397 2118 462 2139 non
478 2108 700 2147 librariorum,
715 2108 836 2149 quibus
847 2108 975 2148 Sphinx

279 2159 371 2189 domi
400 2168 466 2189 non
503 2163 587 2190 erat.
631 2158 672 2189 In
700 2159 974 2198 EpigrammatiS,

278 2213 349 2239 tam
375 2209 524 2249 operosis
558 2208 680 2248 passim
712 2208 974 2239 divinationibus

277 2268 345 2290 non
360 2268 456 2299 opus.
480 2258 615 2289 Scriver.

322 2310 429 2340 Eme.
454 2318 479 2339 1.
524 2308 706 2347 Martialis,
736 2308 921 2348 imparatus
957 2319 976 2339 a

280 2359 436 2399 pecunia,
454 2357 670 2398 jocabundus
687 2359 746 2398 ait,
766 2368 800 2388 se
816 2359 976 2390 Saturna-

279 2409 399 2438 liorum
418 2408 536 2438 diebus
551 2407 687 2448 (quibus
705 2408 815 2448 pueris
831 2407 896 2447 fas,
918 2419 977 2439 nu-

280 2458 374 2488 cibus
386 2468 394 2495 3
412 2457 748 2498 adolescentioribus,
760 2458 831 2488 alea
844 2457 977 2499 ludere)

281 2518 356 2539 cum
372 2508 481 2538 Musis
496 2508 659 2544 lusurum,
689 2512 723 2538 et
746 2507 861 2538 blattis
878 2518 974 2548 pran-

281 2559 336 2589 dia
349 2564 544 2599 paraturum
559 2569 566 2589 ε
586 2567 725 2599 eamque
737 2559 844 2589 aleam
860 2568 975 2599 parum

281 2609 416 2649 quidem
433 2609 612 2647 lucrosam,
627 2618 688 2638 nec
706 2609 846 2639 multum
863 2612 975 2639 tamen

283 2669 354 2690 esse
372 2659 575 2690 damnosam.
600 2658 754 2688 Raderas.

325 2714 339 2742 l
370 2712 417 2741 Ne
431 2715 517 2751 toga,
533 2711 601 2752 ξφ]
637 2710 683 2740 Ut
704 2709 851 2741 habeant
872 2710 975 2741 salsa-

900 163 1158 194 VARIORUM
1196 163 1243 191 IN

1368 414 1618 463 XENIA.

1014 553 1171 583 mentarii
1215 558 1249 583 et
1295 553 1533 592 aromatopolae
1576 552 1710 591 ineptas

1015 604 1163 642 chartas,
1185 604 1304 645 quibus
1321 605 1496 633 involvant
1515 602 1711 642 pisciculos,

1017 655 1200 693 scombros,
1229 660 1261 684 et
1293 654 1420 690 olivas;
1445 652 1562 691 Epigr.
1594 654 1624 681 2.
1649 650 1709 680 lib.

1016 707 1046 735 3.
1063 714 1147 735 vers.
1165 707 1194 735 4.
1211 710 1245 735 et
1263 704 1378 744 Epigr.
1392 705 1443 733 87.
1462 702 1518 733 lib.
1532 706 1563 732 4.
1580 710 1666 731 vers,
1679 703 1710 731 8.

1019 755 1176 796 Cordylis]
1220 754 1374 794 Cordylae
1419 752 1571 794 pisciculi
1621 756 1713 781 sunt.

1017 805 1092 835 Vid.
1111 805 1167 836 lib.
1195 807 1224 835 3.
1252 805 1369 844 Epigr.
1386 806 1416 833 2.
1456 802 1631 832 Paenulam
1649 810 1711 840 pro

1017 856 1148 886 cucullo
1181 856 1302 895 posuit.
1347 855 1528 884 Molestam
1562 851 1712 881 tunicam

1018 910 1118 936 vocat
1135 906 1226 943 alibi,
1239 904 1327 946 quod
1341 903 1481 935 involuti
1496 902 1631 941 chartis,
1645 902 1713 932 vel-

1019 956 1068 987 uti
1087 956 1215 995 tunica,
1230 955 1402 986 cineribus
1420 959 1624 985 assarentur.

1061 1009 1080 1037 2
1103 1007 1166 1037 Aut
1196 1005 1329 1046 inopem]
1367 1006 1415 1036 Ut
1441 1004 1585 1035 habeant
1609 1003 1712 1034 tineae

1019 1060 1053 1087 et
1082 1056 1199 1088 blattae
1231 1067 1305 1088 cum
1336 1057 1455 1098 quibus
1487 1056 1652 1092 rixentur,
1679 1057 1714 1083 et

1019 1116 1117 1147 quam
1130 1107 1288 1138 arrodant
1305 1117 1428 1143 escam,
1445 1106 1592 1137 chartas.

1063 1159 1080 1187 3
1112 1157 1256 1196 Perdite]
1282 1157 1312 1187 Ο
1345 1158 1464 1196 Musae,
1487 1165 1625 1197 quarum
1650 1164 1711 1185 oes-

1022 1211 1075 1236 tro
1102 1216 1165 1246 ego
1201 1209 1352 1247 percitus
1391 1216 1464 1237 meo
1492 1217 1566 1237 cum
1592 1206 1714 1236 damno

1021 1256 1131 1287 scribo
1149 1257 1319 1295 Carmina,
1334 1256 1469 1296 perdite
1485 1262 1520 1287 et
1536 1256 1595 1286 has
1619 1256 1713 1286 char-

1022 1311 1082 1338 tas.
1105 1307 1250 1337 Niliacas
1276 1307 1424 1347 papyros]
1458 1306 1593 1337 Citartae
1618 1315 1714 1335 usum

1021 1356 1184 1396 praestitit
1215 1356 1291 1386 olim
1330 1365 1491 1396 papyrus,
1524 1356 1648 1395 juncus
1683 1355 1715 1384 in

1022 1405 1229 1446 palustribus
1247 1407 1385 1447 [Egypti
1408 1407 1487 1436 locis
1507 1411 1616 1444 natus,
1632 1406 1718 1436 divi-

1020 1465 1141 1497 susque
1156 1457 1189 1486 in
1206 1457 1418 1487 tenuissimas
1438 1456 1597 1496 pliilyras.
1642 1456 1717 1486 Illea

1022 1507 1148 1546 damna]
1170 1506 1274 1538 Jocus
1294 1512 1365 1538 est:
1391 1507 1468 1547 quia
1491 1507 1577 1537 mala
1592 1506 1718 1537 Carmi-

1023 1567 1065 1587 na
1082 1558 1228 1597 perdunt
1244 1558 1347 1588 bonas
1363 1558 1506 1588 chartas.

1066 1611 1085 1639 4
1111 1608 1207 1638 Ebria
1236 1608 1355 1647 bruma]
1388 1608 1578 1639 Saturnalia
1604 1616 1719 1638 mense

1024 1657 1165 1688 brumali
1192 1657 1374 1687 Deccmbri
1396 1658 1581 1695 celebrata,
1597 1657 1630 1687 iu
1647 1658 1717 1698 qui—

1025 1707 1086 1738 bus
1112 1707 1209 1747 genio
1237 1707 1490 1748 indulgebatur.
1536 1706 1636 1747 Sales]
1659 1707 1717 1739 Jo-

1024 1767 1091 1789 cos·

1067 1811 1084 1838 5
1111 1807 1183 1839 Non
1199 1807 1279 1846 mea]
1313 1808 1384 1847 Ego
1406 1807 1438 1837 in
1462 1807 1512 1838 his
1535 1808 1718 1838 Saturnali-

1024 1857 1084 1888 bus
1100 1867 1164 1888 non
1182 1858 1260 1887 ludo
1277 1858 1365 1895 talis,
1382 1857 1458 1888 dein
1475 1858 1627 1889 tesseris:
1653 1868 1717 1888 non

1024 1907 1167 1938 nucibus
1183 1917 1245 1938 nec
1269 1907 1415 1945 fritillis;
1441 1907 1498 1938 sed
1516 1909 1717 1939 carminibus

1025 1962 1061 1988 et
1082 1957 1217 1988 chartis.
1262 1958 1432 1996 Epigram.
1458 1961 1510 1988 66.
1528 1959 1583 1988 lib.
1601 1962 1633 1989 4.
1655 1968 1718 1990 VSS.

1027 2009 1076 2036 15.
1095 2009 1143 2037 16.
1163 2007 1458 2047 ltJ‹1gnanimo‚25-c.]
1477 2007 1528 2037 Au
1545 2008 1646 2038 talum
1659 2019 1716 2049 ap-

1025 2057 1131 2096 pellat
1169 2056 1428 2096 magnanimum,
1459 2058 1546 2096 quod
1578 2059 1654 2088 talis
1685 2063 1721 2088 et

1026 2106 1162 2136 tesseris
1199 2112 1334 2136 strenue
1368 2116 1503 2146 operam
1537 2108 1632 2147 dent,
1659 2118 1717 2139 seu

1026 2155 1137 2195 potius
1162 2165 1242 2196 opes
1258 2156 1400 2195 perdant
1416 2157 1577 2188 luxuriosi
1593 2165 1629 2189 et
1645 2168 1721 2198 pro-

1025 2206 1094 2246 digi
1117 2207 1273 2246 juvenes,
1305 2217 1385 2247 quos
1416 2208 1552 2239 Persius
1584 2210 1655 2240 Sat.
1686 2213 1718 2241 6.

1026 2258 1175 2297 appellat
1196 2261 1205 2274 ‘
1229 2258 1457 2297 magnanimos
1474 2258 1633 2298 pueros?
1664 2259 1717 2290 An

1025 2306 1112 2337 forte
1139 2307 1260 2338 alludit
1280 2308 1321 2338 ad
1339 2308 1419 2338 illud
1438 2309 1645 2350 Philosophi,
1662 2311 1717 2351 qui

1024 2357 1145 2388 fortem
1162 2363 1195 2389 et
1210 2360 1457 2399 magnanimum
1481 2367 1655 2400 comparat
1676 2363 1720 2400 τῷ

1024 2408 1224 2448 τετραγώνῳὲ
1256 2410 1300 2440 Et
1325 2410 1379 2440 hie
1404 2411 1580 2441 Nicomed.
1605 2411 1661 2442 lib.
1687 2414 1716 2441 l.

1025 2468 1102 2498 cap.
1120 2462 1170 2490 10.

1067 2510 1086 2537 6
1109 2507 1202 2538 Senio
1213 2518 1264 2539 nec
1275 2507 1426 2547 nostrum]
1444 2509 1716 2549 Faustusjactus,

1025 2557 1216 2597 qui,ternus
1230 2559 1260 2588 in
1276 2561 1305 2589 3.
1320 2559 1395 2588 talis
1407 2560 1433 2589 si
1447 2558 1717 2597 ceciderit,faus-

1026 2607 1170 2637 tissimus
1194 2613 1246 2637 est
1273 2613 1308 2638 et
1333 2608 1585 2639 lucrosissimus.
1633 2609 1715 2639 Cane

1025 2657 1162 2697 quassat]
1178 2657 1598 2697 Unioue,jactu(lauinoso.
1620 2657 1717 2698 Ebur]

1025 2707 1190 2738 Fritillum
1225 2717 1265 2738 ex
1305 2708 1418 2739 ebore.
1466 2708 1632 2747 Epigram.
1665 2711 1715 2739 14.
