1866 3131
416 197 465 224 M.
498 196 609 224 x‘At..
643 195 920 226 MARTIAMS
955 197 1049 226 [AB.
1085 199 1146 228 ΠΕ
1176 198 1404 229 SPECTAC.

194 296 354 322 structam
367 290 408 320 dc
419 290 576 320 cornibus
585 289 699 320 aram.'
711 289 798 319 Vide
810 290 888 319 Plu-

193 342 300 372 tarch.
316 340 375 371 lib.
399 341 442 370 (le
465 340 658 370 animalium
681 340 829 374 solertia,
853 345 888 370 ct

194 393 226 422 in
245 399 314 422 vita
329 391 460 429 Thesei,
472 395 506 421 et
518 390 676 421 Politian.
692 400 723 421 c.
733 393 785 420 52.
806 390 887 419 Mis-

192 443 312 473 cellan.
329 442 428 482 hujus
442 440 595 471 meminit
610 444 644 471 et
662 439 887 471 Callimachus

191 493 224 523 in
241 493 364 533 hymno
377 491 556 532 Apollinis.

234 547 251 573 5
276 543 368 580 Aiire,
392 541 462 581 ἔγω]
498 540 550 572 Ad
575 541 794 573 altitudinem
813 545 885 574 1:10.

192 594 314 635 pedum
341 594 475 624 sublata
503 593 733 635 columnisque
757 594 885 634 innixa,

189 655 383 686 summoque
404 644 571 675 cacumini
595 645 784 685 impositam
809 655 886 686 qua-

191 697 332 737 drigam,
350 696 446 736 cujus
462 695 540 736 equi
563 696 732 736 suspensis
749 695 810 726 alis
831 706 885 727 vo-

190 748 261 778 lare
278 747 491 778 videbantur.
522 747 605 776 Tum
622 748 630 763 ‘
644 746 817 786 suspensa’
836 747 886 778 di-

191 797 370 835 cebantur,
398 807 472 838 quae
500 796 638 828 suffulta
663 801 771 835 erant,
793 798 887 829 ‘sus-

190 847 309 888 pendis
322 847 481 878 dentibus
497 847 618 886 orbes‚’
633 847 652 877 l.
668 850 698 878 2.
711 847 885 888 epigr.43.

196 897 313 937 Vacuo]
346 897 445 930 Quod
460 907 524 928 non
541 896 726 929 habitetur.
767 897 885 929 l'oe'tis

190 954 224 979 et
238 948 417 988 Epicureis
435 947 492 978 aer
514 948 522 964 ⁴
538 946 655 978 inanis’
678 957 811 988 quoque
827 958 885 989 ap-

191 998 341 1038 pellatur
364 1002 398 1028 et
418 997 562 1028 videtur.
595 998 778 1028 Manilius:
801 998 811 1016 ‘
825 1009 886 1039 per

190 1048 302 1078 inania
319 1047 419 1078 emti!
454 1048 626 1086 Mausolea,
645 1047 715 1088 ‹fg-a]
739 1049 885 1080 Mausoli

189 1099 278 1138 regis
305 1098 414 1130 Cariae
441 1099 885 1137 tumulum,mouumentum

188 1148 234 1179 illi
251 1149 293 1179 ab
310 1158 414 1179 uxore
430 1148 614 1180 Artemisia
629 1154 831 1181 extructum.

231 1203 251 1230 6
275 1200 315 1230 ln
330 1203 428 1237 astra,
448 1199 517 1239 Syru]
563 1200 749 1240 Eleganter
780 1201 886 1242 respi-

189 1251 236 1281 cit
253 1249 294 1281 ad
310 1250 346 1280 τὸ
361 1250 393 1280 in
409 1251 480 1281 a'e're
491 1251 667 1291 pendentia.

231 1304 249 1331 7
277 1302 516 1342 Οωεητέο,ἑ5ϊ.]
553 1301 804 1342 AVespasiano
830 1311 886 1333 au-

189 1353 319 1393 spicato
347 1352 576 1393 incoeptoque,
606 1362 625 1382 a
648 1353 724 1384 Tito
753 1353 792 1385 F.
810 1363 886 1393 per-

186 1402 277 1433 fecto
293 1407 328 1434 et
347 1402 520 1433 dedicato.
548 1403 669 1443 Omnis,
683 1403 751 1443 Esau]
797 1404 886 1434 Con-

188 1454 293 1485 clusio
317 1453 569 1494 epigrammatis
600 1464 675 1484 cum
702 1454 885 1494 epiphone-

186 1511 277 1535 mate
303 1505 440 1544 illustri,
456 1515 523 1546 quo
548 1504 691 1544 colligit,
709 1504 794 1546 quod
822 1515 884 1546 per

189 1561 304 1596 partes
318 1556 464 1587 dixerat.
505 1556 620 1596 Labor]
643 1555 739 1594 Opus
754 1556 883 1595 specio-

188 1616 272 1636 sum.
310 1605 562 1645 Ampliilheatro]
592 1605 632 1636 In
655 1615 721 1645 quo
744 1605 885 1636 ederen-

189 1662 244 1686 tur
260 1657 455 1696 spectacula
472 1662 507 1687 et
524 1656 732 1690 venationes,
757 1655 883 1696 absque

189 1716 303 1745 scena,
319 1706 456 1736 sedibus
482 1715 542 1745 per
566 1706 690 1743 gradus
713 1706 885 1746 undequa-

189 1767 253 1798 que
288 1757 413 1795 clauso,
449 1757 480 1786 iu
510 1756 631 1796 quihus
662 1757 738 1787 loca
767 1759 884 1789 87000.

189 1807 275 1837 ovali
305 1806 435 1837 forma:
462 1806 504 1836 ad
528 1806 624 1845 eujus
655 1806 884 1837 summitatem

188 1867 278 1898 aegre
296 1857 378 1887 visio
395 1857 539 1887 humana
554 1856 772 1896 pertingeret.
797 1856 884 1887 Vide

188 1907 397 1946 Vitruvium,
450 1907 668 1946 Marlianum,
711 1907 801 1947 Lips.
841 1907 884 1937 de

188 1957 312 1998 Amph.
330 1960 392 1989 ἃς.

230 2012 249 2039 S
276 2008 377 2048 Opus]
401 2008 697 2048 Amphitheatrum
711 2008 862 2039 Caesaris.

189 2062 294 2092 Epic.
326 2070 364 2091 11.
426 2060 625 2100 Vespasiani
675 2065 776 2101 atque
813 2060 885 2091 Titi

233 2112 338 2142 Caess.
351 2111 487 2152 (quihus
501 2112 662 2152 pleraque
674 2112 778 2142 libelli
789 2112 885 2151 hujus

233 2162 506 2201 spectaculorum
522 2164 769 2202 epigrammata
783 2163 885 2201 assig-

232 2210 306 2252 nes)
334 2211 592 2242 beneficentiam
626 2212 791 2250 celebrat,
815 2214 884 2253 qui,

231 2268 365 2292 vastum
393 2262 536 2293 Neronis
568 2261 744 2292 aedificium
773 2262 885 2292 demo-

232 2313 295 2347 liti,
318 2313 390 2342 loco
424 2313 497 2352 ejus
528 2312 662 2352 publica
702 2318 885 2343 extruxere

232 2364 286 2393 vel
297 2362 475 2392 reddidere
485 2372 600 2402 opera,
610 2364 799 2400 Colossum,
808 2363 886 2393 Am-

232 2414 475 2453 phitheam-um,
493 2414 651 2451 themna&
670 2414 849 2453 porticum.

234 2467 246 2494 1
277 2464 341 2494 115⁶
367 2462 433 2502 ubi]
493 2463 532 2494 In
561 2469 682 2504 quarta
713 2465 804 2495 urhis
835 2475 886 2495 re-

189 2515 310 2554 gione:
343 2524 417 2544 nam
444 2514 524 2544 urbs
556 2515 722 2555 principio
753 2515 784 2545 in
816 2520 885 2546 tres

191 2570 322 2595 tantum
340 2565 507 2604 regiones,
521 2575 600 2604 quas
615 2566 724 2596 Varro
735 2567 744 2582 ‘
758 2565 883 2606 partes'

189 2616 356 2655 appellat,
381 2619 455 2645 erat
481 2625 499 2645 a
528 2616 670 2646 Romulo
708 2616 885 2646 conditore

190 2667 308 2696 divisa.
353 2666 490 2695 Servius
515 2665 592 2696 (lein
619 2666 752 2696 Tullius
788 2673 886 2697 aucta

191 2716 273 2746 urbe
291 2721 326 2746 et
352 2716 492 2755 populo,
517 2716 658 2746 eandem
687 2717 720 2746 in
743 2722 887 2756 quatuor

192 2765 348 2806 regiones
365 2765 561 2796 distribuit:
590 2767 731 2807 illasque
755 2777 773 2797 a
801 2767 887 2807 loco,

1525 191 1539 230 l
1549 192 1633 232 079

943 299 1041 330 quem
1056 301 1196 332 qumque
1220 302 1295 333 pars
1320 293 1467 331 colebat,
1484 294 1633 333 appella-

938 341 997 372 vit.
1043 342 1158 372 l’rima
1189 343 1281 374 dicta
1309 351 1383 375 erat
1410 344 1634 382 ‘Suburana‚'

938 390 1045 420 altera
1062 394 1070 407 ‘
1084 391 1287 432 Exquilina,’
1303 394 1403 424 tertia
1421 394 1429 410 ‘
1442 394 1634 433 Collatina‚’

938 446 1111 480 postrema
1123 442 1131 458 ‘
1144 442 1327 475 Palatina.’
1364 443 1480 485 Atque
1495 444 1566 475 haec
1579 454 1633 475 ur-

939 490 988 521 bis
1005 491 1124 522 divisio
1152 492 1296 524 durabat
1320 504 1426 535 usque
1452 494 1494 525 ad
1523 505 1632 525 aevum

936 540 1084 582 Augusti
1117 543 1271 584 Caesaris,
1293 545 1349 584 qui
1375 545 1491 576 urbem
1512 546 1633 576 mirum

936 593 969 624 iu
997 595 1146 633 modum,
1177 605 1243 636 qua
1271 595 1387 634 tectis,
1415 606 1481 636 qua
1507 597 1633 636 populo

936 644 1189 685 amplificatam,
1215 645 1246 675 in
1278 648 1329 676 14.
1357 646 1524 684 Regiones
1549 646 1632 676 divi-

935 695 992 726 sit..
1025 695 1143 726 Rader.
1182 695 1343 736 sidereus]
1395 696 1456 726 Cui
1483 695 1634 737 (dejecto

937 745 1085 776 Neronis
1123 746 1256 787 capite)
1290 746 1520 786 Vespasianus
1546 748 1635 778 Solis

935 796 1065 826 vultum
1093 798 1144 827 12.
1171 796 1272 827 radiis
1300 797 1467 837 insignem
1484 796 1635 836 reposuit

936 846 1130 888 dicavitque
1148 847 1370 878 SoliSidereo
1383 847 1470 878 Deo.
1494 846 1582 877 Vide
1601 857 1631 877 v.

934 901 967 930 2.
984 899 1016 928 in
1034 908 1088 938 ep.
1106 901 1158 929 60.
1179 899 1200 930 Ι.
1218 901 1268 929 12.
1284 898 1347 928 Vel
1363 898 1373 914 ‘
1385 896 1559 936 sidereus‚’
1582 906 1633 928 ra-

935 948 1061 989 diatus,
1072 949 1182 980 radios
1195 958 1370 989 spargens,
1382 948 1490 978 instar
1499 947 1636 986 sideris;

938 999 1100 1040 princeps
1125 1004 1238 1030 antem
1268 999 1416 1029 siderum
1440 998 1509 1036 Sol,
1535 1007 1634 1038 quem

938 1050 960 1080 l.
979 1053 1032 1080 12.
1049 1051 1115 1091 Ep.
1132 1053 1184 1081 60.
1208 1050 1216 1066 ‘
1231 1049 1406 1080 Sidereum
1422 1048 1553 1080 Deum'
1576 1057 1635 1088 ap-

937 1101 1054 1141 pellat.
1101 1100 1202 1131 Radii
1221 1110 1320 1140 porro
1334 1098 1547 1130 divinitatem
1568 1097 1634 1137 sig-

936 1151 1089 1182 nificant.
1115 1150 1271 1190 Colossus]
1302 1150 1423 1181 Statua
1449 1159 1547 1190 quam
1569 1147 1633 1178 sibi

936 1202 1029 1233 Nero
1045 1206 1295 1238 construxerat,
1318 1201 1420 1231 altam
1444 1198 1548 1240 pedes
1569 1198 1634 1228 cir-

935 1252 1022 1283 citer
1049 1255 1122 1283 120.
1167 1252 1339 1283 Colossum
1357 1250 1398 1281 ab
1420 1248 1551 1280 artifice
1569 1249 1633 1289 Ly-

934 1303 1023 1343 sippi
1061 1302 1227 1342 discipulo
1267 1299 1466 1340 cognomine
1503 1298 1632 1329 dictum

935 1354 1146 1384 contendunt
1162 1352 1271 1383 multi.
1313 1350 1429 1381 Malim
1443 1349 1525 1389 παρὰ
1535 1348 1571 1379 τὸ
1585 1360 1635 1380 κο-

935 1404 1037 1436 λούειν
1051 1405 1090 1435 τὰ
1105 1403 1192 1443 ὄσσε,
1210 1403 1252 1434 ab
1268 1401 1462 1433 hebetando
1484 1401 1553 1431 visu
1567 1400 1635 1431 dic-

936 1460 1021 1492 tum,
1046 1455 1134 1497 quod
1169 1453 1457 1494 praestringautnr
1487 1450 1575 1481 oculi
1600 1450 1635 1480 in

937 1511 1033 1536 tanta
1076 1504 1258 1536 altitudine
1288 1501 1499 1543 spectanda3
1544 1500 1634 1541 quod

936 1557 1027 1587 canit
1041 1556 1185 1587 Statius:
1209 1556 1218 1571 ‘
1236 1554 1301 1584 Vix
1320 1553 1443 1583 lumine
1459 1550 1548 1582 fesso
1567 1550 1635 1580 Ex-

936 1608 1062 1647 plores‚
1080 1615 1178 1646 quam
1202 1605 1321 1643 longus
1334 1603 1368 1633 in
1391 1602 1479 1632 hunc
1493 1600 1634 1640 despec-

937 1662 990 1687 tus
1005 1657 1046 1687 ab
1068 1656 1147 1686 illo:
1170 1655 1322 1684 Raderus.

979 1710 998 1738 2
1018 1708 1167 1737 Crescunt
1178 1702 1338 1744 pegmata]
1358 1703 1571 1733 Extruuntur
1582 1701 1637 1731 vel

937 1768 978 1788 ex
997 1767 1032 1787 se
1057 1760 1198 1795 surgunt
1215 1765 1222 1784 :
1249 1759 1344 1784 erant
1366 1752 1453 1782 enim
1470 1751 1636 1782 machinae

938 1807 1142 1845 αὐτοκίνηται,
1153 1815 1227 1846 qure
1240 1814 1282 1835 ex
1297 1813 1332 1834 se
1343 1803 1373 1833 in
1391 1802 1533 1833 sublime
1544 1810 1635 1832 cres-

938 1860 1062 1890 cebant
1078 1861 1136 1888 aut
1151 1865 1264 1886 rursus
1292 1852 1548 1884 decrescebant.
1573 1851 1636 1882 Di-

938 1910 1028 1941 citur
1051 1912 1163 1938 autem
1179 1915 1290 1946 pegma
1313 1915 1332 1935 a
1354 1902 1499 1941 πήγνυμι,
1525 1903 1635 1933 ‘com-

939 1961 1038 2001 pingo
1055 1958 1074 1989 :’
1100 1967 1140 1988 eo
1157 1956 1247 1997 quod
1265 1955 1369 1986 moles
1392 1953 1494 1984 fuerit
1511 1952 1636 1992 lignea,

939 2012 1033 2041 varia
1055 2014 1091 2039 et
1106 2008 1239 2039 occulta
1256 2011 1330 2037 arte
1352 2008 1545 2044 compacta.
1578 2002 1638 2033 Se-

937 2071 1024 2092 neca
1042 2060 1142 2100 epist.
1156 2061 1209 2089 88.
1233 2058 1385 2087 Raderus.
1416 2052 1541 2093 Media]
1565 2053 1637 2083 Ma-

939 2111 1066 2142 nifesta
1091 2110 1145 2140 vel
1167 2112 1306 2148 aperta:
1335 2106 1388 2136 vel
1413 2104 1526 2136 media
1548 2103 1638 2135 inter

940 2161 1145 2202 Capitolium
1164 2163 1362 2199 portamque
1388 2154 1639 2194 triumphalem.

941 2211 1047 2251 Celsa]
1083 2210 1122 2241 In
1155 2208 1294 2240 tertium
1322 2211 1381 2237 aut
1407 2210 1562 2246 quartum
1592 2208 1640 2234 ta-

941 2263 1094 2294 bulatum
1108 2260 1209 2290 elata.
1238 2258 1312 2297 Via]
1326 2258 1442 2292 Sacra,
1453 2264 1553 2295 quam
1567 2254 1638 2284 Ne·

942 2312 1032 2344 ronis
1046 2312 1164 2341 (lomus
1177 2311 1429 2346 occupaverat3
1457 2314 1546 2336 nunc
1559 2313 1639 2335 vero

939 2364 986 2394 ita
1006 2364 1073 2392 lata
1091 2366 1123 2390 et
1140 2360 1217 2389 laxa
1233 2363 1286 2389 est
1305 2356 1468 2387 beneflcio
1483 2355 1638 2393 Caesaris,

939 2418 976 2444 ut
1006 2414 1167 2452 pegmata
1197 2407 1341 2438 excitari
1368 2413 1403 2437 et
1433 2405 1516 2436 ferri
1539 2406 1572 2436 in
1596 2414 1637 2435 ea

938 2465 1080 2506 possint.

981 2518 998 2545 3
1025 2510 1273 2550 Invidiosaferi]
1298 2509 1442 2548 Odiosa,
1464 2508 1572 2539 invisa
1596 2508 1636 2539 iis

937 2575 1077 2607 quorum
1103 2563 1193 2593 aedes
1219 2564 1450 2601 interceperat
1465 2559 1638 2590 incendia-

937 2617 1005 2647 rius
1023 2616 1130 2652 Nero,
1154 2618 1189 2644 ut
1213 2613 1244 2643 iu
1263 2621 1358 2643 usum
1383 2621 1478 2641 suum
1495 2620 1637 2641 conver-

939 2672 1041 2698 teret.
1091 2666 1238 2696 Neronis
1269 2663 1356 2693 enim
1385 2671 1486 2691 aurea
1518 2660 1636 2691 domus

939 2716 1120 2756 occupavit
1131 2715 1275 2754 spatium
1286 2713 1416 2744 Colossi
1428 2717 1462 2742 et
1473 2712 1540 2742 vias
1554 2711 1638 2751 pub-

942 2769 1034 2799 licas.
1047 2768 1222 2798 Summis.
1233 2767 1285 2795 31.
1300 2764 1465 2794 ‘Domum
1478 2773 1496 2793 a
1510 2762 1639 2803 palatio
