1866 3131
429 184 473 212 M.
508 184 614 212 vAi..
649 182 916 211 MAR'rlAhls
951 182 1105 211 EPIGR.
1141 183 1229 210 Ltss.
1263 181 1311 210 X.

154 277 317 317 Xipliilin.
344 278 448 317 Vesp.
465 287 526 308 nec
543 277 709 308 dubitavit
726 275 837 307 Domi-

153 329 261 358 tianus
290 328 463 368 imperium
493 328 633 367 adeptus
662 327 694 356 in
721 331 838 356 senatu

147 379 295 417 jactare,
322 379 330 395 ‘
349 383 384 408 et
401 378 489 418 patri
513 387 547 408 se
572 383 608 408 et
623 376 719 407 fratri
736 376 839 415 impe-

152 429 237 459 rium
253 429 402 460 dedisse:
438 429 511 459 illos
537 429 597 459 sibi
623 427 807 458 reddidisse
821 430 839 458 :’

151 481 329 511 Suetonius
347 490 421 520 cap.
440 483 489 510 13.
510 480 693 510 Domitian.
737 477 840 518 Solus]

154 530 349 561 Adulatorie
364 541 370 560 :
396 530 452 560 sed
470 530 542 560 haec
559 529 709 560 adulatio
726 529 839 559 Domi-

153 581 243 611 tiano
259 581 457 619 gratissima.
494 580 601 610 Juleas
612 578 756 618 habenas]
771 578 841 608 Cae-

154 640 278 668 sareas,
295 630 545 670 Imperatorias,
560 630 607 659 sic
623 629 731 659 dictas
747 639 765 658 a
780 629 839 660 Ju-

153 680 195 710 lio
209 681 341 711 Caesare
355 681 575 720 Imperatore.
591 679 742 710 Absente
753 679 840 709 enim

154 736 264 770 patre,
281 741 315 761 se
332 741 392 771 pro
411 731 619 770 Imperatore
637 730 787 770 gerebat.

198 783 236 811 16
260 782 356 820 Inque
370 791 421 810 suo
438 780 545 811 tertias
557 779 639 820 orbe]
661 781 669 796 ‘
683 779 841 819 Tertiuss

154 836 341 871 postremus
374 832 406 861 in
447 830 730 861 administrando:
767 840 841 860 nani

154 887 253 922 pater
293 881 490 922 imperabat,
524 881 618 911 Titus
655 880 844 921 adjuvabat,

154 931 368 962 Domitianus
385 935 560 970 correptus
570 931 612 960 ob
629 930 843 960 ambitionem

154 991 230 1012 cum
247 988 342 1021 patre
356 981 540 1019 habitabat,
554 979 764 1020 poeticaeque
777 984 844 1010 stu·

152 1031 242 1062 dium
259 1032 447 1061 simulabat.

199 1083 236 1112 17
263 1081 383 1111 Cornua
408 1080 576 1111 Sarmatici
604 1083 662 1120 ter,
684 1079 752 1119 Sym]
791 1080 844 1110 De

154 1130 264 1162 Cattis
292 1136 325 1160 et
353 1131 456 1160 Dacis
482 1130 563 1161 Istri
585 1131 707 1160 accolis
734 1130 846 1161 trium-

153 1180 236 1219 phos
254 1181 349 1219 duos,
366 1180 407 1210 de
420 1181 579 1211 Sarmatis
594 1181 740 1211 lauream
757 1181 845 1212 tulit.

154 1230 359 1270 Epigramm.
376 1233 424 1261 15.
441 1230 496 1260 lib.
510 1233 540 1261 8.
566 1240 652 1261 vers.
665 1234 695 1262 4.
712 1241 771 1262 cur
789 1241 844 1262 an-

154 1285 222 1311 tem
248 1282 256 1297 ‘
275 1280 454 1311 cornutus'
483 1280 616 1312 dicatur
641 1281 742 1319 Ister,
769 1282 845 1313 vide

154 1331 273 1371 Epigr.
297 1334 326 1361 7.
352 1331 408 1363 lib.
437 1334 486 1363 10.
512 1342 599 1363 vers.
628 1335 659 1363 6.
704 1332 845 1374 Perfida]

154 1380 299 1411 Persidis
316 1381 483 1420 gentibus,
506 1392 580 1422 quae
602 1382 643 1413 ad
656 1382 778 1414 Istrum
795 1393 847 1415 co-

154 1431 242 1469 lunt,
259 1431 365 1461 Dacis
382 1436 417 1462 et
433 1432 603 1463 Sarmatis.

200 1485 239 1513 18
262 1483 438 1521 Sudantem,
462 1483 530 1523 ἔξω]
574 1483 704 1514 Labore
727 1483 847 1516 bellico

157 1531 315 1562 adversus
333 1533 450 1571 Getas,
466 1533 497 1563 id
515 1539 579 1569 est,
597 1534 722 1564 Dacos.

201 1585 240 1612 19
264 1581 350 1621 Soepe
376 1586 524 1621 recusato,
547 1583 616 1623 driu]
652 1584 734 1614 Cum
759 1593 849 1623 saepe

157 1636 314 1671 negatum
333 1631 379 1661 iili
396 1630 515 1663 fnisset
539 1642 556 1662 a
571 1637 666 1672 patre
684 1631 850 1672 proficisci

157 1687 275 1712 contra
302 1682 462 1720 Parthos,
485 1686 520 1712 et
544 1682 619 1713 inde
647 1682 850 1722 triumphum

158 1730 293 1762 ducere.
326 1731 519 1762 Germanici
537 1741 720 1772 cognomen
735 1741 849 1772 repor-

159 1782 245 1811 tavit
257 1791 275 1811 a
293 1781 472 1812 Germanis
489 1781 646 1812 devictis.

200 1833 240 1861 20
270 1831 374 1861 Victor
391 1831 601 1871 Hyperboreo,
618 1831 685 1871 ἅμ]
722 1830 752 1862 Α
775 1831 850 1861 Sar-

158 1881 267 1919 matis,
282 1881 400 1918 Dacis,
420 1881 540 1915 Cattis,
558 1880 749 1919 Germanis,
763 1881 850 1911 unde

157 1932 165 1947 ‘
184 1931 407 1961 Germanicus
423 1930 431 1943 '
454 1931 579 1969 dictus,
602 1935 637 1961 et
667 1930 698 1961 hi
736 1941 850 1962 omnes

159 1981 273 2021 populi
292 1981 332 2011 ad
357 1981 501 2012 Boream
525 1986 560 2012 et
579 1981 850 2021 Septentrionem

159 2031 323 2062 habitant.

200 2085 240 2113 21
266 2083 389 2122 Templa
403 2081 485 2121 Deo]
507 2082 613 2122 Supra
632 2082 804 2123 Epigram.
819 2085 850 2113 4.

160 2132 267 2163 Mores
282 2133 414 2173 populis,
428 2132 498 2172 iffa]
531 2132 606 2163 Lib.
624 2136 656 2163 6.
674 2133 852 2173 Epigram-

160 2188 250 2213 mate
271 2186 300 2213 4.
327 2189 361 2214 et
386 2186 416 2213 7.
444 2189 479 2214 et
502 2183 674 2223 Epigram.
689 2186 719 2214 7.
738 2193 849 2224 supra.

164 2233 239 2263 Otia
260 2233 362 2273 ferro]
406 2233 543 2274 Pacem,
579 2232 732 2264 confecto
764 2233 850 2264 bello

1469 170 1578 211 1:351

891 275 1104 306 Germanico.

932 328 972 355 22
996 324 1105 362 Astra,
1121 326 1191 355 coelo
1205 324 1321 364 sidera]
1345 323 1454 362 Patri,
1470 322 1579 361 fratri,

891 375 997 413 uxori,
1012 374 1079 405 filio
1091 374 1262 415 ἀποθέωσιν,
1277 375 1319 406 de
1336 384 1402 415 qna
1417 373 1493 404 vide
1510 373 1580 403 He-

890 424 1062 456 rodianum
1085 426 1117 456 in
1143 425 1335 456 Commodo.
1379 423 1471 454 Serta
1493 422 1580 460 Jovi]

891 477 1032 506 Laurum
1047 475 1276 506 Sarmaticam.
1300 473 1398 505 modo
1416 483 1513 504 versu
1529 475 1581 503 17.

932 529 972 557 24
997 525 1124 565 Tarpeio
1140 525 1239 562 Deus,
1261 524 1330 564 ἔγω]
1364 524 1501 555 Colatur
1523 531 1582 563 po-

893 576 959 606 tius
975 576 1113 616 Jupiter
1137 573 1347 614 Capitolinus
1362 573 1422 603 sub
1438 571 1582 612 imagine

890 625 1089 665 Domitiani,
1102 634 1200 666 quam
1217 623 1384 654 Hercules
1402 622 1433 652 in
1448 622 1503 652 via
1515 621 1583 661 Ap-

892 676 957 716 pia.
973 685 1073 716 supra
1090 684 1173 705 vers.
1192 677 1220 706 1.
1267 673 1393 713 Tarpeio
1408 671 1506 711 patri]
1523 671 1581 703 Jo-

892 727 924 757 vi
939 727 1141 766 Capitolino,
1154 726 1209 766 qui
1224 724 1396 765 Tarpeius,
1415 734 1434 753 a
1449 727 1575 753 monte.

937 778 1039 808 ch.
1066 786 1144 807 C111.
1169 776 1313 806 Phoebus
1338 773 1522 804 foenerator
1549 777 1584 803 et

894 827 1042 858 creditor
1064 826 1243 864 Martialis,
1259 825 1415 865 exigebat
1430 822 1537 853 foenns
1549 826 1585 853 et

894 882 1028 908 sortem.
1067 877 1177 908 Poeta
1194 885 1272 907 vero
1285 880 1400 906 mutuo
1418 875 1517 914 petit,
1536 882 1585 903 se-

894 938 958 969 que
972 928 1051 958 nihil
1078 928 1201 958 debere
1227 927 1286 966 ait,
1307 925 1397 968 qnod
1421 925 1501 956 nihil
1528 924 1584 955 ha-

894 977 972 1009 beat
984 978 1072 1008 unde
1087 978 1206 1008 solvat.

940 1031 950 1058 l
985 1025 1300 1066 Quadringentorum]
1335 1025 1478 1056 Tabulas
1510 1033 1588 1064 qua·

894 1078 1145 1118 dringentorum
1169 1076 1306 1106 millium
1321 1075 1390 1106 HS.
1407 1074 1439 1104 id
1454 1077 1517 1112 est,
1533 1073 1589 1103 de-

895 1136 966 1158 cem
984 1127 1085 1157 millia
1099 1126 1364 1166 Philippeorum.
1390 1125 1471 1155 Rad.
1501 1122 1588 1153 Vide

895 1177 1044 1217 ejusdem
1061 1176 1186 1216 ingenii
1202 1175 1316 1215 Epigr.
1331 1177 1382 1205 37.
1398 1173 1454 1204 lib.
1471 1176 1503 1204 8.

937 1231 957 1260 4
981 1228 1068 1262 Quod
1083 1227 1142 1257 tibi
1157 1236 1215 1256 non
1229 1235 1364 1265 possum,
1386 1223 1456 1264 δῖα]
1489 1223 1497 1239 ‘
1515 1223 1587 1254 De-

894 1278 952 1308 bet
971 1276 1071 1316 enim,
1087 1276 1114 1306 si
1132 1275 1205 1316 quis
1230 1275 1374 1313 solvere,
1389 1274 1507 1312 Sexte,
1530 1282 1587 1312 po-

897 1326 988 1359 test.’
1004 1328 1067 1367 Ep.
1079 1329 1110 1357 3.
1127 1325 1184 1356 lib.
1202 1328 1232 1357 2.

938 1380 1040 1410 EPIG.
1065 1386 1137 1408 eiv.
1176 1379 1192 1406 l
1219 1376 1297 1410 Quoe
1321 1383 1398 1405 nova
1420 1376 1496 1412 tam,
1521 1371 1591 1412 φη]

897 1432 1057 1464 Quaenam
1080 1429 1187 1459 altera
1211 1426 1303 1457 Leda
1325 1436 1344 1456 a
1366 1425 1452 1457 Jove
1483 1432 1590 1463 cycno

897 1489 1088 1520 compressa
1118 1476 1251 1518 peperit
1278 1475 1419 1507 Hierum
1445 1478 1480 1504 et
1503 1472 1591 1503 Asil-

897 1530 963 1560 lnm
981 1530 1122 1560 Castore
1134 1532 1170 1558 et
1186 1526 1326 1557 Polluce
1340 1523 1447 1555 forma
1461 1531 1527 1553 non
1544 1522 1590 1552 in-

897 1579 1052 1617 feriores,
1068 1579 1134 1608 imo
1147 1586 1209 1607 nec
1226 1575 1380 1606 Helena?

941 1634 958 1661 5
986 1627 1184 1667 Therapnaeis
1204 1624 1355 1665 Amyclis]
1402 1622 1533 1654 Castori
1557 1625 1592 1652 et

899 1679 1043 1717 Polluci,
1069 1677 1123 1718 qui
1146 1676 1214 1706 nati
1241 1673 1405 1714 Amyclis,
1422 1681 1497 1713 quae
1514 1671 1592 1702 urbs

900 1729 1070 1768 Laconiae,
1086 1733 1122 1758 ut
1135 1732 1169 1758 et
1181 1727 1380 1765 Therapnae,
1397 1723 1450 1754 vel
1465 1726 1502 1753 ut
1517 1722 1593 1753 Ste-

899 1781 1009 1820 phano
1026 1783 1060 1809 et
1076 1777 1187 1807 Plinio
1201 1776 1325 1816 placet,
1340 1773 1487 1814 θέραμναι.

940 1833 961 1860 6
986 1830 1063 1859 Cum
1087 1829 1197 1865 vicere,
1218 1825 1284 1865 ‹ij-a]
1323 1825 1407 1855 Cum
1424 1833 1444 1854 a
1458 1823 1593 1853 Venere

900 1880 1062 1922 promissa
1076 1879 1207 1910 Helena
1220 1878 1293 1917 plus
1303 1873 1409 1907 valuit
1425 1875 1513 1915 apud
1530 1875 1595 1905 Pa-

899 1932 1005 1963 ridem
1022 1931 1063 1961 de
1080 1939 1181 1961 aureo
1196 1937 1295 1969 pomo
1314 1926 1479 1967 judicem,
1496 1935 1594 1966 quarn

900 1981 1065 2023 promissa
1080 1990 1098 2011 a
1112 1979 1247 2011 Junone
1271 1977 1461 2017 imperium,
1477 1986 1495 2007 a
1518 1975 1596 2005 Pal-

899 2031 978 2062 lade
995 2028 1172 2070 sapientia.

942 2084 960 2111 7
986 2079 1154 2111 Mansisses
1184 2078 1312 2115 Helene,
1342 2075 1410 2115 8)·ε.]
1455 2075 1597 2106 Castora

902 2136 936 2162 et
966 2131 1140 2161 Pollucem
1166 2128 1278 2168 potins
1298 2127 1463 2166 rapuisset
1488 2125 1597 2162 Paris,

905 2191 1003 2223 quam
1021 2180 1199 2215 Helenam,
1215 2179 1241 2208 si
1255 2187 1348 2223 aeqne
1363 2176 1500 2207 formosi
1516 2175 1596 2207 fuis-

906 2236 982 2263 sent
998 2240 1036 2261 ac
1053 2229 1175 2260 Hierus
1191 2233 1226 2259 et
1242 2227 1378 2258 Asilius.

435 2472 1034 2521 EPIGRAMMATUM
1074 2469 1214 2517 LIB.
1245 2468 1322 2515 X.

207 2583 310 2613 Epio.
328 2591 352 2611 1.
387 2581 495 2611 Omne
524 2580 601 2610 tulit
618 2583 778 2619 punctum
802 2578 854 2609 hic

164 2634 263 2673 liber,
296 2631 502 2673 paucissimis
527 2631 697 2661 inductis:
732 2634 856 2668 castus,

163 2684 285 2721 dulcis,
309 2681 458 2712 cruditus
475 2685 538 2719 est,
554 2690 680 2710 morum
705 2689 856 2720 praeccp-

164 2738 198 2764 ta
229 2733 402 2769 continet;
438 2729 717 2770 descriptionibus
756 2728 854 2759 variis

910 2576 1078 2613 abnndat3
1103 2575 1202 2605 nullae
1220 2578 1277 2604 aut
1291 2571 1469 2603 rarissimae
1487 2570 1600 2601 adula-

909 2627 1027 2665 tiones,
1057 2626 1135 2666 quia
1162 2628 1312 2655 mortuus
1347 2622 1403 2652 ille
1435 2620 1599 2651 Dominus

909 2678 1080 2716 Densque,
1104 2675 1167 2706 hoc
1195 2679 1259 2712 est,
1283 2672 1402 2713 impius
1430 2675 1600 2711 tyrannus,

910 2735 1079 2756 servorum
1111 2733 1242 2756 suorum
1270 2721 1359 2755 ferro
1382 2731 1512 2760 caesus;
1545 2722 1599 2752 cui
