1866 3131
414 193 463 223 M.
500 191 607 222 VAL.
643 189 921 219 MARTlAms
960 190 1118 220 lavien-
1155 190 1246 220 12113.
1285 192 1332 219 ll.

150 291 308 317 currente
324 295 333 323 ;
348 285 411 326 (sic
425 286 512 316 enim
527 284 764 317 Ovidiosonat
777 283 785 300 ‘
798 292 852 313 su-

150 337 273 378 piuuS,'
301 338 343 368 de
366 338 478 368 Ponto
503 337 561 368 lib.
579 339 610 366 4.
635 336 677 366 cl.
695 339 724 367 5.
747 335 756 351 ‘
775 334 853 365 Flu-

149 390 240 418 mina
268 399 341 429 quae
370 388 402 418 in
430 387 544 418 fontes
570 395 670 417 cursu
699 384 852 415 reditura

150 439 307 478 supiuo')
333 439 431 479 quale
453 437 583 468 literale
606 435 701 476 illud,
723 436 852 466 ‘Roma

148 490 211 520 tibi
237 489 351 520 subito
367 489 514 519 motibus
542 487 604 518 ibit
627 484 755 523 amor;'
781 494 852 515 ver-

149 540 221 570 bale
235 540 316 571 illud
334 539 480 580 Virgilii,
502 540 510 555 ‘
523 538 622 568 Musa
639 536 720 566 mihi
736 545 851 566 causas

148 600 298 621 memora
310 600 376 630 quo
386 590 523 620 numine
537 589 617 618 lanso
629 586 648 618 :‘
674 587 851 627 multaque

149 642 228 680 alia,
259 642 348 672 inter
378 650 454 681 quae
488 638 620 670 Rabani
648 636 850 668 artificiosus

148 691 255 721 dicam
275 701 316 721 an
334 690 521 721 laboriosus
536 689 622 719 liber
638 688 681 718 de
695 686 850 718 laudibus

146 746 273 771 sanctae
305 740 428 771 crucis.
473 739 590 780 Atque
621 737 775 778 ejusdem
799 746 850 767 ar-

147 791 298 830 gumenti
350 791 438 821 alter
482 788 606 821 Publio
658 788 850 828 Optatiano

147 842 277 882 l'orph.
292 845 422 872 autore.

189 895 208 922 2
233 893 300 923 Nec
314 895 410 931 retro,
425 890 494 930 ἐξα]
518 890 582 920 Vel
606 889 783 930 speciatim
799 888 849 919 di-

146 943 192 973 cit
209 943 298 984 quod
316 943 407 983 prius
421 942 554 971 dixerat
566 939 755 980 generatim
771 950 780 977 ;
799 939 850 969 vel

145 1004 278 1024 versum
305 992 541 1032 retrogradum
571 991 681 1033 (quali
711 989 850 1029 scripsit

144 1043 318 1074 Cinaedica
333 1042 478 1074 Sotades
494 1038 726 1081 Maronensis)
750 1040 849 1070 intel-

143 1093 232 1133 ligit,
245 1093 301 1133 qui
316 1092 487 1132 procurrit
498 1091 532 1122 in
545 1091 678 1121 laudem
693 1090 850 1132 alicujus,

143 1149 178 1175 et
194 1143 343 1175 recurrit
357 1143 390 1173 in
403 1142 620 1183 vituperium.
668 1142 760 1173 Nota
772 1145 850 1172 sunt

143 1196 200 1226 illa
222 1194 442 1226 Buclianani:
466 1194 580 1224 ‘Laus
614 1197 671 1224 tua
698 1201 764 1222 non
791 1196 850 1222 tua

142 1245 263 1285 fraus‚'
278 1247 342 1276 &c-

184 1300 203 1327 3
229 1297 405 1336 Nusquam,
434 1294 503 1334 fisa]
530 1293 609 1324 Non
641 1293 752 1324 scribo
776 1302 849 1323 car-

141 1344 233 1374 mina
258 1354 352 1375 more
379 1344 593 1383 Graecorum,
618 1352 762 1384 quorum
790 1353 849 1374 ex-

142 1399 260 1427 tremae
276 1400 393 1436 partes
422 1399 593 1433 resonent,
612 1403 705 1425 more
723 1394 848 1426 Eclius.

141 1446 229 1477 Vide
256 1445 423 1476 Politiani
454 1445 598 1476 miscell.
628 1454 704 1485 cap.
730 1448 785 1476 22.
814 1448 850 1475 et

142 1497 234 1528 Scal.
259 1497 359 1528 Post.
374 1497 396 1528 1.
414 1499 446 1527 2.
464 1499 561 1528 c.·29.

183 1552 203 1579 4
238 1550 304 1580 Nec
332 1549 446 1589 dietat,
471 1548 542 1587 δῖα]
567 1546 622 1579 Ad
653 1547 848 1588 exemplum

144 1600 334 1641 politissimi
348 1600 507 1631 carminis
518 1599 749 1637 Galliambici‚
758 1598 849 1640 quod

143 1651 303 1682 Caecilius
317 1650 442 1691 primus
453 1650 609 1690 scripsit,
627 1654 730 1691 atque
747 1649 848 1680 Attin

141 1700 326 1741 inscripsit,
348 1704 408 1731 aut
431 1699 656 1730 venustissimi
680 1699 848 1730 Poematii

142 1751 326 1783 Galliamb.
361 1761 380 1781 a
402 1750 538 1782 Catullo
563 1750 757 1791 compositi,
782 1760 848 1783 non

141 1802 251 1833 scribo
268 1811 374 1842 genus
398 1802 432 1832 id
449 1802 607 1832 carminis
630 1802 731 1832 molle
756 1807 790 1832 et
813 1812 847 1832 e-

142 1853 255 1883 lumbe
279 1853 387 1883 instar
416 1851 541 1892 Attyos
566 1852 698 1889 evirati,
720 1851 753 1881 iu
780 1861 846 1892 quo

142 1904 255 1944 plures
270 1903 363 1933 locos
381 1906 554 1942 occupant
570 1901 695 1941 lambi,
708 1906 744 1932 et
756 1902 847 1942 quod

141 1958 265 1985 canant
277 1954 368 1985 Galli
380 1953 578 1984 sacerdotes
592 1951 755 1993 Cybeles:
770 1951 847 1983 vide

139 2006 281 2037 Terent.
299 2005 458 2035 Maurum
472 2010 507 2034 et
523 2002 727 2034 Diomedem
742 2013 750 2033 ε
769 2002 847 2034 vide

141 2061 176 2088 ct
188 2057 360 2087 Muretum
375 2060 476 2096 atque
486 2053 649 2094 Scalig.in
662 2053 846 2085 Catullum.

182 2111 201 2138 5
226 2108 353 2138 Mollem
368 2105 544 2145 debilitate]
569 2104 646 2135 Non
666 2103 771 2134 heroo
787 2108 848 2136 aut

139 2157 219 2188 forti
251 2156 351 2197 pede,
383 2155 443 2186 sed
478 2154 658 2186 debilitate
687 2152 847 2192 fractum,

141 2212 179 2238 ut
196 2207 320 2245 Attidi,
335 2206 391 2247 qui
407 2205 557 2236 eviratus
580 2208 668 2244 erat,
689 2204 847 2235 conveni-

141 2262 206 2288 ret.
252 2257 314 2287 Est
330 2260 443 2287 autem
463 2254 708 2286 Galliambicus
728 2264 846 2286 versus

142 2307 307 2346 senarius,
323 2312 359 2338 et
376 2312 414 2337 ut
434 2306 537 2337 docet
559 2305 685 2346 Scalig.
700 2308 732 2337 2.
746 2305 845 2336 Poe't.

141 2358 369 2389 facetissimus
400 2366 439 2387 ac
469 2356 657 2388 venustatis
685 2355 844 2397 plenissi-

141 2419 227 2447 mus,
256 2409 303 2439 sic
332 2408 445 2440 dictus
471 2407 514 2439 ab
540 2407 660 2438 lambo
683 2407 785 2448 pede,
809 2412 845 2439 et

142 2460 251 2491 Gallis
267 2457 505 2490 sacerdotibus
518 2457 664 2498 Cybeles
675 2457 846 2490 castratis.

142 2511 261 2542 Rader.

183 2565 204 2593 6
229 2562 303 2593 Non
324 2570 401 2601 sum,
422 2559 493 2600 &csj
516 2560 595 2591 Non
623 2563 691 2591 tam
722 2559 847 2592 nullius

142 2624 212 2645 sum
227 2613 351 2654 ingenii
370 2617 407 2643 ut
422 2613 497 2643 haec
509 2610 666 2643 affectem
684 2612 845 2651 artificia,

140 2666 189 2696 his
206 2665 278 2705 ipse
295 2664 469 2703 immorer,
490 2663 698 2693 lectoremve
722 2671 845 2693 morer.

144 2716 210 2746 Vel
226 2720 264 2747 nt
279 2714 449 2755 indigeam
472 2713 523 2745 his
540 2711 691 2745 artificiis
706 2712 748 2743 ad
766 2721 845 2744 con·

1491 180 1599 220 1161

903 281 1088 313 ciliandum
1115 288 1151 314 ct
1178 283 1386 315 illiciendum
1414 283 1600 315 lectorem:

903 333 1041 373 ingenio
1069 334 1203 373 capitur
1229 336 1362 375 sapiens
1391 335 1513 372 lector,
1536 345 1603 367 nou

901 384 1091 424 hujusmodi
1108 386 1204 425 nugis
1220 386 1409 417 laboriosis.
1434 387 1517 417 hune.

945 438 963 465 7
992 434 1075 469 Quid
1091 434 1209 474 si,&c.]
1232 436 1388 466 Curiosas
1413 436 1470 467 lias
1498 446 1604 477 nugas

902 485 1092 516 nonminns
1123 485 1293 524 ingenium
1321 495 1430 517 meum
1459 488 1603 527 speruit,

904 545 1003 575 quam
1029 535 1150 566 nobilis
1176 536 1232 565 ille
1263 546 1379 567 cursor
1405 537 1514 568 Ladas
1532 538 1602 579 (ep.

903 588 975 617 100.
992 586 1014 616 l.
1034 585 1102 625 10.)
1125 585 1370 626 dedignaretur
1386 589 1603 620 velocitatem

902 646 996 667 suam
1013 645 1174 667 exercere
1191 637 1223 667 in
1241 637 1412 676 Petmwis,
1430 649 1504 679 quae
1518 645 1602 670 rotae,

902 692 981 718 sunt
998 697 1058 727 per
1072 697 1155 728 quas
1177 697 1213 718 sc
1228 687 1368 727 jactant
1387 689 1605 722 Petam-istm.

901 740 965 769 Vel
981 739 1035 770 hic
1052 739 1162 771 Ladas
1176 750 1234 770 sua
1250 740 1432 771 velocitate
1445 750 1511 771 nou
1528 752 1603 781 pos-

900 795 952 821 set
969 790 1002 821 in
1019 791 1164 822 Petauri
1181 791 1335 822 machina
1352 791 1528 823 subeunda
1543 794 1605 831 uti,

901 841 1041 881 quodid
1066 841 1245 873 artificium
1264 852 1283 873 a
1305 851 1340 873 se
1357 847 1447 873 esset
1468 844 1604 874 omnino

902 890 1062 930 alienum,
1092 901 1155 922 nec
1182 892 1216 922 in
1243 902 1283 923 eo
1307 903 1454 934 unquam
1482 893 1606 925 fuisset

901 942 1123 974 exercitatus.
1185 944 1297 975 Quid?
1336 944 1426 985 quod
1460 945 1605 975 moleste

900 989 1018 1030 ferret,
1034 1002 1096 1032 per
1120 993 1196 1024 illos
1212 994 1354 1034 exiguos
1371 995 1511 1025 Petauri
1529 1005 1605 1035 gra-

902 1041 964 1072 dus
981 1051 1076 1072 suum
1093 1052 1229 1074 cursum
1248 1044 1428 1075 retardari.
1448 1045 1606 1075 Rmnires.

902 1091 978 1122 vide
994 1092 1142 1125 Turneb.
1165 1095 1185 1125 l.
1211 1098 1242 1126 4.
1273 1104 1303 1125 c.
1332 1098 1362 1125 S.
1390 1099 1424 1126 et
1448 1095 1538 1125 Scal.
1563 1094 1605 1125 ad

901 1141 959 1173 lib.
989 1146 1020 1173 5.
1050 1143 1195 1183 Manilii,
1228 1143 1288 1182 ibi,
1317 1144 1327 1161 ‘
1345 1145 1497 1185 Corpora
1528 1154 1605 1186 quae

900 1193 1011 1224 valido
1027 1194 1152 1225 saliunt
1178 1204 1323 1225 excussa
1340 1194 1517 1235 Petaur0‚'
1540 1199 1604 1227 dte.

901 1247 938 1273 et
955 1243 1129 1275 Vitellium
1144 1255 1219 1285 cap.
1236 1249 1285 1276 13.
1302 1245 1333 1276 in
1351 1247 1530 1277 Merulam.

943 1296 983 1324 10
1007 1294 1218 1335 [neptim-um]
1237 1296 1370 1335 Liueui,
1383 1296 1504 1337 quibus
1521 1297 1605 1327 mul-

900 1345 1100 1385 torumjoca
1123 1352 1157 1376 et
1173 1347 1261 1376 sales
1277 1347 1605 1386 complectebantur,

899 1395 978 1426 olim
994 1395 1156 1427 INEPTlAE
1169 1396 1453 1428 inscribebantur.
1477 1398 1560 1429 stad.

945 1450 982 1478 11
1004 1447 1154 1487 Cir-culis]
1170 1448 1307 1487 Turbae,
1334 1448 1481 1489 plebejae
1506 1459 1602 1480 coro-

899 1506 952 1529 nae
970 1498 1174 1529 recitantem
1188 1499 1336 1540 undique
1352 1499 1513 1539 cingenli.
1537 1500 1603 1530 Pa-

899 1548 1023 1587 taemon]
1040 1549 1142 1579 Forte
1155 1549 1199 1580 Q.
1216 1549 1402 1580 Rlieninius
1419 1550 1606 1589 Paiaemon,

900 1598 958 1638 qui
973 1598 1080 1638 (teste
1095 1600 1442 1640 Suetonio)po'emata
1456 1599 1605 1630 faciebat

899 1658 942 1679 ex
966 1655 1133 1689 tempore,
1156 1655 1191 1681 et
1213 1651 1350 1690 scripsit
1365 1650 1465 1681 variis
1482 1656 1518 1681 et
1534 1650 1604 1681 vul-

898 1699 1034 1738 garibus
1058 1700 1199 1738 metris;
1229 1704 1288 1731 aut
1315 1700 1399 1731 alius
1425 1701 1602 1742 quisquam

899 1755 1055 1790 tempore
1072 1750 1249 1781 Martialis.

942 1803 981 1831 12
1006 1801 1114 1839 Ruris,
1129 1801 1199 1840 &cd
1214 1801 1339 1832 Paucis
1355 1801 1416 1832 sed
1432 1801 1542 1833 doctis
1558 1811 1601 1833 ex

897 1856 1011 1882 mente
1027 1851 1166 1883 Horatii
1182 1852 1244 1883 ult.
1260 1852 1330 1883 Sat.
1345 1852 1404 1883 lib.
1424 1856 1452 1884 1.

940 1903 1048 1934 Epm.
1071 1911 1242 1935 Lxxxvu.
1274 1906 1294 1934 2
1328 1903 1393 1934 Sub
1419 1914 1509 1944 aqua,
1537 1904 1605 1945 Cym]

896 1953 1129 1994 Subpallidam
1160 1958 1196 1985 et
1222 1955 1397 1994 tumidam,
1419 1956 1530 1996 qualia
1552 1966 1603 1987 so-

898 2007 971 2038 lent
994 2016 1161 2047 apparere
1185 2017 1260 2048 quae
1287 2007 1347 2038 sub
1372 2007 1468 2048 aquis
1484 2007 1602 2038 viden-

899 2063 975 2090 tur:
1001 2058 1089 2089 ludit
1106 2058 1187 2089 item
1201 2058 1232 2088 in
1250 2057 1434 2098 Antithesi,
1454 2060 1461 2073 ⁸
1479 2058 1601 2089 ardere

898 2108 1042 2150 puellas’
1056 2112 1092 2139 et
1107 2109 1116 2126 ‘
1133 2108 1242 2148 ipsum
1266 2107 1328 2139 sub
1341 2118 1430 2149 aqua
1451 2115 1568 2139 natare
1583 2108 1603 2140 :’

898 2160 975 2191 vide
989 2159 1098 2200 epigr.
1114 2162 1167 2191 89.
1182 2159 1202 2190 1.
1217 2162 1249 2190 3.

941 2212 1048 2242 Eme.
1071 2217 1260 2241 Lxxxvtn.
1286 2212 1302 2240 1
1323 2209 1379 2240 Nil
1392 2209 1518 2248 recitas,
1533 2204 1602 2249 8sc.]

897 2262 988 2294 Quin
1004 2260 1066 2292 tibi
1079 2260 1167 2290 habe
1182 2268 1305 2290 nomen
1318 2258 1451 2298 Poffitae,
1467 2259 1520 2288 vel
1535 2259 1600 2290 hoc

896 2312 1033 2344 nomine
1062 2309 1152 2352 quod
1191 2310 1272 2339 nihil
1308 2308 1445 2346 recites,
1485 2308 1600 2348 potius

896 2372 996 2404 quam
1009 2371 1070 2392 nos
1087 2370 1209 2392 eneces
1233 2359 1377 2390 molesta
1393 2358 1599 2399 ineptiarum

894 2412 1110 2446 recitatione.
1403 2413 1407 2415 “

938 2465 1042 2495 Eme.
1072 2469 1228 2493 Lxxx1X.
1265 2460 1305 2491 In
1337 2459 1493 2499 Gaurum]
1529 2459 1598 2492 Qui

896 2514 981 2546 vitia
1004 2523 1064 2544 sua
1088 2512 1218 2552 magnis
1244 2509 1409 2550 exemplis
1435 2519 1596 2541 excusare

895 2564 1042 2597 solebat.

938 2618 958 2646 2
984 2612 1115 2645 Catonis
1144 2610 1250 2651 habes]
1289 2610 1472 2651 Uticensis,
1498 2610 1596 2651 cujus

894 2667 1002 2697 virtus
1017 2673 1109 2704 saepe
1126 2672 1218 2693 mero
1234 2662 1386 2701 incaluit,
1409 2667 1446 2693 ut
1463 2662 1511 2693 ait
1525 2662 1596 2693 Ho-

894 2721 958 2748 rat.
976 2718 1029 2747 21.
1045 2715 1068 2746 l.
1085 2717 1116 2746 3.
1144 2713 1220 2745 vide
1244 2717 1279 2744 et
1302 2713 1436 2746 Plutar.
1464 2713 1499 2744 in
1526 2713 1596 2745 vita
