1866 3131
282 148 395 190 [1122

279 264 461 306 Copaidem
480 263 638 304 paludem
662 273 769 305 prope
782 264 975 296 Haliartum

275 324 349 346 sese
364 324 564 346 exonerans.

324 369 361 396 12
388 365 560 396 Romanum
581 364 724 406 propius]
749 365 858 398 Quam
884 365 978 397 Heli-

276 426 316 446 co
346 420 405 446 aut
432 415 631 446 Parnassus.
674 415 740 446 Vel
771 416 910 456 propius
933 416 976 448 ad

276 475 358 506 opes
375 465 632 506 comparandas.
657 466 738 498 Rad.

320 519 359 547 13
383 516 454 547 Illic
469 517 627 557 aera,&c.]
654 517 695 548 In
721 515 797 548 foro
822 526 975 549 numera-

276 572 332 599 tur
355 568 520 608 patronis.
565 568 710 608 Pulpita,
730 567 799 607 cisa]
821 568 976 600 Editiora

273 620 352 651 loca
366 625 445 651 ante
458 629 606 660 scenam,
619 629 636 650 e
648 619 769 661 quibus
784 619 976 651 recitaban-

274 675 331 701 tur
346 670 514 711 poemata.

316 723 356 752 14
384 720 530 760 steriles]
556 720 692 751 Nullum
719 719 869 750 fructum
894 718 976 751 affe-

273 776 398 802 rentes.
446 771 635 811 Catheclras]
659 770 831 801 Auditorii
849 770 974 801 subsel-

271 822 328 853 lia.
357 822 488 863 Lipsius
513 823 764 862 interpretatur
794 821 894 852 sellas.
920 823 973 852 vel

271 873 474 914 Metaphora
501 877 554 903 est
575 882 594 902 a
619 871 788 902 cathedris
802 881 867 912 qua
883 871 973 902 Rhe-

270 928 364 955 tores
393 923 570 955 sedebant.
594 923 721 955 Juven.
738 925 768 953 7.
785 923 854 954 Sat.
870 923 878 939 ‘
896 922 972 953 Poe-

269 974 373 1005 nituit
387 974 512 1004 multos
530 983 624 1004 vanae
649 972 840 1013 sterilisque
858 973 972 1003 cathe-

270 1023 365 1055 drae.’
397 1025 510 1063 Basia,
536 1022 606 1064 lya]
657 1024 766 1063 Supra
796 1023 906 1063 epigr.
939 1027 970 1055 4.

268 1084 356 1106 vers.
368 1078 399 1106 l.
424 1073 537 1113 Basia]
556 1074 596 1104 Id
614 1078 679 1112 est,
694 1073 812 1104 laudes
830 1079 866 1104 et
881 1083 971 1105 com-

267 1125 527 1156 mendationes:
561 1125 689 1155 basium
719 1126 808 1155 enirn
839 1125 971 1166 signum

267 1181 340 1207 erat
358 1177 434 1207 libri
449 1176 584 1216 probati
602 1180 637 1206 et
652 1175 792 1207 laudati.

312 1227 416 1258 Epio.
434 1235 593 1257 Lxxvm.
618 1229 633 1256 1
660 1226 808 1264 Pulchre,
822 1225 889 1266 ξι]
912 1226 970 1257 Nil

267 1286 333 1306 non
356 1275 472 1307 facere
489 1276 672 1307 Charinum
690 1286 756 1317 quo
773 1277 967 1308 coloretur:

267 1326 397 1366 pallere
425 1330 556 1357 tamen:
577 1327 641 1362 vel,
668 1336 743 1357 cum
770 1327 836 1357 rite
860 1329 970 1359 onmia

267 1377 464 1416 experiatur
481 1386 556 1417 quae
581 1377 624 1407 ad
642 1377 789 1407 colorem
807 1377 968 1409 inducen-

266 1425 346 1457 dum
363 1426 514 1458 faciant:
543 1437 618 1458 cum
637 1432 750 1458 tamen
776 1427 892 1467 λείχων
913 1429 969 1469 sit,

264 1487 330 1508 non
349 1478 467 1508 mirum
485 1487 572 1516 esse,
590 1478 615 1508 si
628 1478 764 1518 palleat.

305 1533 325 1560 4
351 1529 423 1560 Sole
438 1530 550 1568 utitur,
575 1529 644 1569 circu]
677 1529 887 1561 Insolatione
906 1531 969 1561 uti-

265 1586 330 1617 tur,
354 1591 428 1620 quae
454 1580 625 1611 veteribus
641 1580 673 1610 in
700 1589 773 1619 usu,
797 1586 833 1610 ut
851 1581 891 1611 ad
916 1591 967 1611 so-

264 1632 330 1661 lem
361 1631 456 1661 uncti
483 1631 588 1661 cutim
617 1629 805 1661 redderent
830 1631 967 1662 nitidio-

262 1691 346 1712 rem.
392 1682 488 1712 Pers.
503 1684 533 1712 4.
547 1682 616 1712 Sat.
643 1682 652 1698 ‘
666 1681 701 1712 Si
717 1686 838 1711 unctus
853 1691 965 1712 cesses

262 1737 297 1762 et
313 1731 397 1772 figas
415 1733 448 1762 in
466 1737 545 1763 cute
563 1731 690 1762 solem!
726 1731 766 1762 Id
784 1730 966 1772 ἡλιάζεσθαι

263 1782 381 1813 Graeci
406 1782 584 1821 dicebant,
607 1787 643 1813 et
658 1781 798 1822 ἡλίωσιν,
818 1783 966 1814 insolati-

263 1841 376 1862 onem.

303 1886 321 1913 5
349 1882 472 1921 Tingit,
499 1881 569 1922 Sym]
610 1883 716 1922 Fuco,
749 1883 963 1924 purpurissa.

262 1932 404 1963 Causam
431 1942 509 1972 ergo
533 1933 669 1973 palloris
692 1938 760 1964 tarn
777 1934 963 1974 pertinacis

261 1983 412 2022 explicat
430 1989 602 2023 postremo
619 1992 729 2014 versu.

305 2035 410 2065 Epm.
423 2042 554 2065 Lxxrx.
569 2037 584 2064 l
600 2034 763 2073 Indignas,
785 2034 852 2075 55⁶²]
877 2035 964 2066 Lan-

260 2084 362 2115 datur
400 2085 532 2123 Festus,
562 2084 651 2125 quod
679 2089 867 2125 mentagra,
903 2084 962 2116 foe-

260 2134 395 2166 dissimo
419 2135 525 2165 morbi
542 2144 680 2175 genere,
692 2141 961 2175 correptus,non

259 2195 401 2224 veneno,
417 2195 481 2216 non
495 2185 593 2224 fame,
610 2185 669 2216 sed
687 2184 779 2216 ferro
797 2185 861 2216 sibi
875 2195 960 2217 mor-

259 2240 327 2266 tem
346 2235 562 2266 consciverit.
581 2235 735 2275 Indignas
752 2235 868 2276 prem.]
883 2237 960 2267 Fes-

260 2290 311 2315 tus
324 2285 566 2316 immedicabili
582 2291 759 2327 mentagra
770 2291 960 2326 correptus.

301 2338 319 2366 3
345 2336 456 2374 Siccis,
490 2336 558 2376 ⁴3⁶⁶]
597 2336 717 2367 Oculis
750 2345 816 2366 non
850 2336 958 2377 lacry-

257 2387 450 2417 mantibus:
475 2386 566 2427 quod
583 2385 669 2418 firmi
687 2386 839 2427 pectoris
859 2396 957 2426 argu-

260 2444 423 2468 mentum.

299 2491 318 2519 4
343 2489 502 2528 Decrevit,
518 2488 585 2529 4512]
609 2488 855 2530 Relinquendae
877 2488 955 2519 vitae

260 2546 384 2569 ΟΕΓῘΠΞ.

301 2593 317 2618 5
345 2589 412 2619 Nec
427 2593 539 2627 tamen,
564 2590 630 2630 aa]
666 2591 742 2621 Non
760 2590 884 2631 polluit
902 2599 956 2621 ve-

258 2648 360 2678 neno,
383 2649 447 2679 quo
465 2640 588 2670 sublati
607 2639 798 2671 efferuntur
814 2641 913 2681 nigri.

299 2693 318 2720 6
343 2690 408 2720 Aut
424 2691 524 2731 torsit,
537 2692 604 2732 εγω]
629 2691 705 2722 Non
724 2691 823 2722 torsit
842 2691 955 2722 inedia

259 2741 458 2772 vohintaria.

742 161 885 192 NOTAE
920 161 1182 194 VARIORUM
1219 164 1269 194 IN

1070 260 1089 288 7
1113 258 1275 298 Sanctam,
1297 259 1365 300 ξω]
1388 259 1456 291 Sed
1476 260 1614 292 vulnere
1632 260 1725 293 facto

1027 308 1137 339 emisit
1148 309 1305 348 animani,
1318 311 1459 351 pulchro
1472 311 1590 341 mortis
1600 321 1726 351 genere

1027 363 1063 388 et
1097 358 1255 390 Romanis
1285 361 1426 399 solenni,
1450 361 1635 402 Lucretiae,
1653 362 1726 394 Sci-

1028 408 1131 450 pioni,
1156 410 1289 451 Catoni,
1311 412 1433 451 Bruto,
1448 413 1512 443 διο.

1069 463 1088 491 8
1114 461 1275 493 Nobiliore
1290 461 1355 502 via]
1379 462 1538 494 Honesta
1554 467 1590 494 et
1613 464 1723 504 ampla

1026 514 1136 551 porta,
1160 521 1225 542 non
1248 522 1312 553 qua
1337 512 1428 543 foeda
1453 513 1509 544 illa
1534 512 1724 555 foetidaque

1027 562 1134 602 pestis
1168 561 1285 594 fauces
1316 563 1546 596 obstruxerat.
1604 565 1724 596 Lectio

1026 612 1172 652 genuina
1199 618 1235 644 et
1253 613 1447 654 emphatica
1470 624 1488 645 e
1514 615 1599 646 Mss.
1622 616 1724 646 variis

1025 663 1199 703 restituta,
1221 664 1294 696 loco
1310 666 1365 696 τοῦ
1390 675 1486 705 rogo:
1510 667 1558 697 sic
1569 667 1723 698 Lucanus

1024 712 1112 744 libro
1136 717 1168 745 3.
1204 716 1349 747 ‘nullius
1372 717 1439 748 vita
1466 718 1635 758 perempti
1660 718 1724 749 Est

1025 767 1121 794 tanta
1137 763 1282 796 demissa
1299 766 1351 796 via
1368 765 1389 797 ε’
1413 771 1447 797 et
1465 767 1621 798 Graecum
1638 767 1723 799 illud

1023 815 1140 845 πολλαὶ
1170 816 1243 856 πρὸς
1267 815 1397 849 θάνατον
1420 818 1493 849 ὁδοί.
1548 820 1591 851 Et
1624 820 1724 859 Cato,

1030 863 1160 896 ‘Altius
1175 866 1316 899 inseruit
1327 868 1472 908 digitos:
1500 880 1567 911 qua
1581 871 1722 911 spiritus

1022 916 1140 957 ingens
1159 918 1291 957 Exiret,
1305 928 1465 960 magnum
1479 919 1623 951 dextera
1638 919 1724 952 fecit

1022 967 1119 998 iter:'
1137 972 1172 998 et
1188 968 1295 1009 epigr.
1311 972 1364 1000 92.
1382 970 1404 1000 l.
1422 973 1473 1002 11.
1498 970 1723 1002 ‘Debuerant

1021 1019 1087 1050 alia
1113 1019 1183 1051 fata
1215 1022 1332 1053 venire
1366 1022 1444 1054 via.’
1487 1022 1496 1039 ‘
1518 1023 1724 1054 Dimittere'

1021 1075 1134 1102 autem
1148 1073 1321 1104 ‘animam'
1335 1073 1396 1105 hac
1405 1075 1513 1106 aliave
1527 1076 1580 1106 via
1592 1076 1721 1115 mortis,

1022 1122 1095 1162 pari
1112 1126 1147 1154 et
1170 1125 1342 1165 elegantia
1359 1125 1489 1157 dictum
1506 1131 1558 1158 est
1582 1132 1618 1158 et
1643 1137 1720 1168 pro-

1021 1173 1182 1213 prietate.
1231 1175 1317 1206 Nam
1336 1176 1503 1207 moriendi
1532 1177 1593 1208 viae
1622 1177 1723 1218 pluri-

1021 1233 1083 1254 mae
1109 1230 1200 1257 sunt.
1245 1226 1368 1257 Festus
1394 1227 1448 1258 hic
1478 1227 1719 1259 nobilissimam

1021 1272 1161 1314 delegit,
1174 1275 1230 1316 qui
1246 1274 1336 1306 ferro
1354 1277 1499 1308 animam
1514 1287 1608 1308 suam
1624 1277 1721 1309 dimi·

1021 1325 1077 1364 sit,
1090 1327 1208 1357 mortis
1224 1337 1349 1367 genere
1362 1328 1493 1359 scilicet
1506 1329 1671 1369 Romano,
1686 1334 1721 1361 et

1019 1377 1111 1417 quasi
1127 1377 1280 1408 militari.

1061 1429 1081 1456 9
1104 1427 1200 1459 Hanc
1226 1432 1367 1469 mortem,
1394 1429 1465 1470 ἐγὼ]
1506 1430 1573 1461 Hic
1601 1430 1718 1472 itaque

1018 1487 1084 1508 non
1102 1477 1189 1518 fugit
1206 1488 1223 1509 e
1244 1480 1326 1518 vita,
1351 1481 1494 1511 Caesaris
1516 1481 1605 1521 odio,
1628 1482 1719 1522 qnod

1019 1526 1105 1558 fecit
1126 1528 1213 1560 Cato
1237 1530 1294 1560 ille
1320 1530 1507 1570 Uticensis,
1532 1541 1576 1563 ne
1603 1532 1717 1563 subire

1019 1576 1146 1607 vultum
1182 1580 1317 1618 tyranni
1348 1586 1542 1620 cogeretur,
1576 1587 1615 1613 ut
1645 1582 1718 1623 ipse

1018 1625 1166 1658 dicebat.
1191 1638 1294 1668 supra
1311 1630 1417 1670 epigr.
1433 1633 1465 1661 9.
1482 1641 1568 1664 vers.
1585 1635 1618 1664 3.

1059 1678 1165 1709 EPJG.
1197 1688 1309 1711 Lxxx.
1357 1683 1372 1711 l
1397 1680 1538 1722 Semper]
1576 1682 1715 1714 Attalus

1016 1726 1253 1769 πολυπράγμων,
1264 1735 1300 1761 ut
1313 1740 1449 1771 semper
1456 1738 1643 1773 occupatus
1656 1734 1716 1764 ali-

1018 1777 1097 1817 quid
1123 1788 1225 1818 agere
1264 1779 1448 1821 videretur,
1487 1787 1568 1823 apta
1597 1783 1716 1824 inepta

1016 1827 1157 1866 agebat:
1184 1830 1233 1859 ita
1262 1835 1301 1860 ut
1329 1831 1355 1861 si
1384 1832 1475 1872 quod
1500 1838 1630 1873 ageret,
1657 1834 1715 1865 de-

1016 1882 1116 1916 esset,
1138 1878 1247 1909 asinas
1265 1885 1394 1919 ageret.
1439 1881 1610 1913 Precatur
1636 1884 1714 1915 huic

1017 1927 1122 1966 poeta
1137 1928 1239 1967 salse,
1263 1936 1300 1960 ut
1317 1931 1344 1960 si
1369 1931 1450 1962 nihil
1476 1932 1601 1963 habeat
1623 1935 1713 1975 quod

1018 1982 1108 2016 agat,
1133 1985 1210 2018 agat
1227 1980 1382 2013 animam.
1427 1982 1520 2023 Agis,
1535 1984 1629 2024 Agis,
1645 1985 1714 2025 ξω]

1015 2028 1278 2068 Epigrammatis
1313 2032 1425 2073 liujus,
1457 2043 1523 2074 quo
1556 2034 1713 2067 Attalum

1015 2078 1256 2120 πολυπράγμονα
1286 2082 1434 2123 deridet,
1467 2085 1559 2115 lusus
1596 2090 1649 2117 est
1679 2087 1713 2117 in

1016 2129 1110 2160 varia
1136 2130 1380 2170 significatione
1406 2133 1462 2164 τοῦ
1488 2135 1573 2173 ‘ago
1584 2138 1603 2166 ε’
1634 2135 1710 2167 vide

1015 2179 1197 2222 Antholog.
1225 2182 1283 2213 lib.
1305 2186 1336 2214 2.
1360 2184 1467 2224 epigr.
1493 2183 1534 2216 εἷς
1555 2190 1711 2225 πολυτεχ-

1014 2233 1087 2264 veis.

1057 2287 1077 2314 4
1090 2284 1178 2324 Agas
1190 2284 1338 2325 animam]
1354 2286 1524 2319 Moriar-is.
1545 2288 1710 2321 Similiter

1013 2334 1094 2366 lusit
1107 2345 1242 2376 quoque
1259 2336 1296 2367 L.
1312 2336 1441 2367 Seneca
1455 2347 1507 2377 ep.
1522 2340 1574 2369 26.
1598 2339 1709 2372 ‘Quid

1013 2385 1122 2425 egeris
1148 2390 1228 2417 tuuc
1254 2387 1444 2428 apparebit,
1467 2397 1543 2419 cum
1565 2390 1709 2421 animam

1013 2436 1116 2476 ages?

1055 2487 1160 2518 EPIG.
1178 2495 1307 2518 Lxxxr.
1333 2491 1347 2518 l
1376 2488 1613 2530 §weitaim-5³0]
1640 2490 1707 2521 Im-

1011 2539 1193 2578 pudentem
1214 2540 1389 2570 avaritiam
1411 2550 1525 2570 eorum
1544 2542 1597 2581 qui
1615 2551 1709 2582 spor-

1011 2589 1087 2619 tulis
1114 2590 1245 2620 inhiant
1271 2590 1422 2630 plurimis
1446 2595 1539 2621 notat
1564 2591 1624 2622 sub
1649 2601 1706 2622 no-

1010 2640 1098 2670 mine
1109 2640 1272 2681 Cani‚qui
1290 2641 1323 2670 in
1339 2646 1467 2671 tantuin
1481 2643 1705 2680 sportularum

1009 2690 1120 2721 helluo
1139 2695 1173 2720 et
1195 2691 1284 2720 larus
1309 2696 1396 2730 erat,
1421 2697 1455 2722 ut
1479 2693 1582 2723 etiarn
1609 2693 1703 2732 gravi

1012 2747 1046 2774 et
1082 2741 1253 2773 mortifero
1291 2742 1442 2774 laborans
1475 2743 1575 2774 niobe
1609 2754 1703 2785 spor-
