1866 3131
381 202 426 231 M.
466 202 571 229 ml..

151 295 246 326 ’ίππου
258 295 366 333 Α’ίματι
377 296 539 335 μίσγοντες
548 295 657 326 λευκὸν
667 293 753 334 ’γάλα
761 295 849 325 δαῖτα

153 347 271 377 τιθεῖσι.
322 347 442 387 virgil.
460 346 503 377 G.
522 348 551 377 3.
567 345 733 385 Gelonus,
769 347 777 362 ‘
793 346 849 386 qui

154 397 206 428 lac
236 402 432 428 concretum
457 406 532 427 cum
560 395 721 435 sanguine
752 400 850 435 potat

153 446 298 488 equino!
321 452 356 477 et
382 446 471 477 Plin.
498 447 519 476 1.
548 449 598 478 18.
614 456 641 477 c.
661 449 711 477 10.
743 446 848 477 Brod.

150 498 170 528 Ι.
183 501 214 529 5.
232 508 261 529 c.
274 501 327 529 31.

194 550 212 578 5
231 549 341 580 Prima
353 549 442 586 bibit,
461 547 527 587 εμπ]
551 548 560 564 ‘
573 546 599 577 Α
613 546 780 586 meridie‚'
793 546 848 578 ΙΕ-

151 599 259 639 gyptii
284 605 320 630 et
344 598 432 636 Afri,
457 598 546 639 apud
566 608 648 639 quos
666 598 762 629 Nilus
780 599 848 638 pri-

151 658 239 679 mum
277 648 381 680 fluere
411 648 702 689 deprehenditur:
738 658 846 689 neque

150 700 236 730 enim
254 700 327 731 fons
345 700 414 731 Nili
428 705 497 730 tum
514 705 680 738 repertus.
722 700 849 731 Quam-

149 751 197 781 vis
221 751 314 784 Juba
342 761 400 782 rex
434 750 650 781 Mauritaniae
666 750 846 790 exquirere

147 801 313 841 originem
341 802 411 833 Nili
436 801 634 832 tentaverit.
672 801 803 831 Plinius
822 800 843 832 l.

148 856 177 882 5.
194 862 222 883 c.
240 856 270 884 9.
290 853 299 870 ‘
316 854 438 893 Nilus‚’
462 854 583 895 inquit,
608 853 773 884 ‘incertis
792 862 844 883 or·

147 908 202 933 tus
228 903 389 942 sontibus,
413 905 438 935 it
465 915 526 945 per
544 904 692 944 deserta,
722 909 758 935 et
787 904 845 934 im-

147 962 262 985 menso
278 955 496 994 longitudinis
520 954 630 995 spatio
656 954 844 993 ambulans,

147 1003 305 1046 famaque
323 1010 451 1036 tantum
468 1004 587 1036 inermi
602 1004 748 1046 quaesitu
763 1014 842 1044 cog·

146 1055 250 1093 nitus,
273 1056 345 1086 sine
374 1056 483 1094 bellis,
500 1066 573 1097 quae
599 1060 743 1087 caeteras
773 1066 843 1087 om—

145 1114 203 1135 nes
221 1111 326 1136 terras
342 1106 503 1137 invenere
520 1106 696 1147 Originem
713 1106 768 1149 (ut
790 1117 843 1138 sn·

145 1164 204 1195 pra
222 1165 283 1187 rex
305 1157 416 1197 potnit
440 1157 637 1199 exquirere)
666 1158 698 1188 in
728 1162 842 1188 monte

142 1204 310 1237 inferioris
349 1207 577 1248 Mauritaniae,
611 1218 676 1239 non
723 1209 842 1250 procul

146 1255 287 1288 Oceano
321 1257 436 1298 habet,
468 1259 543 1290 lacu
570 1259 724 1300 protinus
753 1264 842 1299 stag·

142 1313 259 1346 nante,
281 1318 380 1349 quem
395 1314 519 1340 vocant
534 1308 709 1340 Nilidem.’
735 1310 840 1340 Forte

141 1358 205 1389 huc
220 1360 371 1400 respexit
386 1360 567 1398 Martialis,
583 1359 719 1401 quando
740 1360 840 1400 dixit,

141 1409 326 1451 ‘deprensi
357 1409 495 1441 flumina
522 1410 616 1442 Nili!
668 1410 737 1441 Sed
768 1411 840 1442 Pu-

141 1460 214 1491 nius
231 1462 304 1502 ipse
320 1462 396 1493 loco
413 1462 562 1493 adducto
574 1462 678 1493 tradit
690 1462 839 1493 incertos

140 1510 264 1549 fontes,
281 1513 337 1544 ubi
359 1513 505 1554 plurima
530 1513 571 1544 de
597 1512 671 1554 ejus
697 1513 839 1554 origine.

141 1561 229 1592 Vide
257 1563 439 1594 Brodaeum
468 1564 489 1595 l.
511 1566 542 1595 4.
566 1563 713 1595 Miscell.
738 1573 769 1595 e.
785 1566 837 1595 24.

141 1611 249 1653 Bibit]
272 1612 410 1644 Accolae
427 1613 516 1645 enim
545 1614 615 1645 Nili
633 1615 747 1644 vinum
772 1623 839 1644 nou

141 1668 308 1703 quaerunt,
330 1668 424 1695 tanta
447 1668 499 1695 est
524 1663 595 1695 Nili
612 1663 776 1694 dulcedo:
804 1669 839 1695 et

141 1712 313 1752 Gyraldus
337 1712 441 1745 docet
468 1723 587 1755 aquam
616 1713 687 1745 Nili
714 1713 839 1754 AEgyp-

140 1763 237 1794 tiacis
268 1769 363 1795 tanto
394 1765 426 1795 in
457 1765 581 1795 honore
608 1763 769 1802 habitam,
800 1768 838 1794 ut

140 1824 215 1845 cum
232 1814 350 1855 hydria
372 1815 414 1846 ad
433 1815 597 1855 templum
612 1814 759 1845 humeris
774 1813 839 1844 fer—

140 1869 247 1903 retur,
273 1875 391 1897 omnes
418 1864 744 1906 procumberent‚et
758 1864 837 1895 sub-

138 1914 216 1946 latis
243 1915 398 1946 manibus
423 1915 502 1946 Diis
525 1914 653 1955 gratias
672 1918 836 1955 agerent:

137 1966 294 2006 quoniam
306 1976 368 2007 per
381 1971 432 1997 tot
445 1967 556 2007 spatia
573 1970 753 2005 terrarum,
769 1970 837 1997 tot-

138 2026 203 2058 que
220 2017 329 2048 invias
343 2018 498 2058 regiones
511 2016 708 2048 advehatur.

178 2070 199 2099 6
227 2068 269 2098 Et
296 2078 384 2108 quem
413 2066 578 2108 snpremae]
617 2067 626 2084 ‘
650 2067 703 2098 Ab
734 2066 836 2098 Occi-

137 2116 266 2157 deute,'
291 2118 346 2159 qui
371 2118 413 2149 ad
439 2117 646 2158 Hesperium
662 2117 740 2149 litus
756 2118 837 2157 siti;

137 2167 224 2198 Aliis
248 2168 418 2208 Britanni,
443 2178 584 2210 quornm
608 2168 721 2209 litora,
746 2173 785 2200 ut
801 2173 837 2200 et

137 2218 258 2249 ultima
271 2218 392 2259 Thule,
406 2219 510 2250 maris
531 2217 690 2250 fluctibus
712 2217 838 2249 feriun-

138 2273 204 2300 tur.
251 2269 395 2310 Tethyos,
428 2269 497 2310 ἐξα]
546 2270 641 2300 Uxor
668 2270 837 2311 Neptuni,

137 2320 330 2360 Metonym.
347 2321 462 2352 maris.

178 2374 197 2402 7
216 2372 389 2403 Festinavit
404 2371 524 2412 Arabs]
542 2373 551 2390 ⁴
565 2371 618 2403 Ab
633 2371 801 2412 Oriente,’
815 2383 835 2405 e

138 2422 342 2462 Nabathaea,
368 2422 402 2453 id
430 2427 495 2462 est,
521 2423 671 2462 Petrea;
700 2427 736 2454 et
754 2424 835 2455 Sce-

134 2473 209 2509 niti,
234 2473 267 2504 id
293 2477 358 2511 est,
385 2473 524 2504 deserta
547 2472 686 2505 Arabia.
717 2473 855 2516 Sabat}

136 2525 164 2555 E
179 2524 284 2555 Felici
303 2524 442 2555 Arabia.
478 2524 589 2556 Sabaei
607 2535 625 2555 a
644 2525 750 2556 thuris
767 2524 834 2557 fer-

135 2575 261 2606 tilitate
277 2575 499 2616 scriptoribus
508 2575 735 2608 celebrantur.
761 2577 835 2608 Vir-

135 2626 192 2666 gil.
225 2627 269 2659 G.
287 2629 316 2658 1.
340 2626 349 2643 ‘
367 2627 466 2658 India
488 2627 597 2658 mittit
622 2627 720 2667 ebur,
750 2630 834 2660 mol-

133 2678 182 2709 les
196 2687 257 2709 sua
270 2678 368 2709 thura
382 2677 518 2710 Saboeiss

176 2731 197 2760 8
227 2729 364 2767 Νἱηιὸἰε,
392 2728 461 2768 ξω]
499 2728 615 2769 Κρόκου
648 2727 833 2768 ῥαινομένου,

134 2780 226 2812 croci
242 2789 330 2822 aqua
352 2779 449 2811 diluti
476 2780 737 2820 aspersionibus,
755 2790 830 2821 quae

608 200 883 229 MAR'l'lAms
923 200 1017 229 Llss.
1057 202 1113 230 111⁴:
1148 201 1377 229 sl’lffl'lssxc.

1497 190 1594 231 1081

902 294 934 325 in
951 294 1088 326 theatro
1113 301 1148 326 et
1173 296 1345 337 Amphith.
1370 295 1510 327 fiebant.
1547 295 1603 327 Ci-

901 346 979 377 licia
992 355 1084 386 vern,
1100 356 1200 378 croco
1215 347 1360 378 nobilis:
1386 346 1462 378 vide
1476 357 1531 387 ep.
1547 350 1601 378 26.

901 397 922 428 1.
946 401 978 428 5.
1005 407 1034 429 ν.
1052 400 1085 428 8.
1122 397 1216 429 Quas
1248 398 1459 438 aspersiones
1488 396 1603 429 Latini

901 446 1078 478 odoratum
1096 447 1251 487 imbrem,
1276 450 1328 479 vel
1355 448 1478 479 undam
1500 457 1602 480 croco

901 496 1041 528 dilutam
1068 497 1249 528 vocabant.
1296 498 1394 539 Aqua
1412 499 1498 529 enim
1516 499 1601 529 dilu-

901 552 971 579 tum
995 557 1143 584 crocum,
1160 552 1260 579 vocat
1282 548 1336 579 hic
1364 549 1474 580 Poeta
1498 550 1604 580 ‘nim-

901 599 1003 639 bum,'
1042 599 1099 641 qui
1130 603 1345 640 spectatores
1375 600 1468 631 velut
1494 600 1602 631 imber

902 649 1084 681 irrorabat.
1132 650 1214 680 Ruti.

941 703 962 731 9
988 700 1146 738 Crinibus,
1172 702 1224 741 ‘⁹5⁶-
1253 699 1424 739 Sicambri]
1457 700 1601 740 Gne-Idri,

897 750 1601 790 Synecdoch.Germani,quoruminsigne,

898 801 1075 843 obliquare
1098 802 1226 833 crinem
1252 801 1409 842 nodoque
1437 801 1601 832 substrin-

898 861 992 892 gere.
1013 852 1126 883 Tacit.
1150 852 1191 883 de
1217 851 1336 883 Germ.
1354 856 1388 883 et
1404 852 1528 884 Juven.
1548 855 1600 883 13.

894 901 1057 932 ‘madido
1094 907 1290 943 torquentes
1328 911 1454 934 cornua
1487 902 1600 934 cirro.’

899 952 1047 984 Crinibus
1076 953 1109 984 in
1139 954 1250 984 ’nodum
1280 953 1375 983 tortis
1405 962 1513 984 venere
1544 953 1598 984 Si-

895 1004 1027 1045 cambri]
1075 1005 1153 1036 Non
1169 1014 1239 1035 mos
1263 1005 1511 1035 Germanorum
1535 1003 1600 1036 fuit

895 1055 1005 1086 crines
1036 1055 1240 1086 calamistris
1266 1054 1415 1094 inurere,
1445 1060 1505 1085 aut
1531 1055 1598 1086 alio

895 1106 995 1138 modo
1012 1115 1145 1137 ornare.
1182 1106 1357 1146 Phrygum
1370 1105 1434 1136 hoc
1443 1104 1508 1136 fuit
1521 1115 1598 1146 pro-

895 1157 1002 1198 prium
1040 1161 1076 1188 et
1110 1155 1391 1187 effaeminatarum
1430 1155 1597 1196 gentium,

893 1207 1016 1249 quibus
1044 1208 1109 1238 hoc
1137 1206 1298 1248 probrum
1329 1206 1454 1247 passim
1482 1205 1597 1246 objec-

894 1262 978 1297 tum,
1001 1257 1090 1298 qnod
1115 1257 1282 1288 haberent
1303 1265 1425 1294 comas),
1449 1255 1596 1287 ‘Vibra-

893 1314 945 1341 tas
968 1309 1066 1340 caldo
1093 1308 1199 1348 ferro,
1225 1308 1432 1349 murrhaque
1458 1307 1595 1338 maden·

892 1360 965 1392 tes.’
1008 1360 1125 1401 Longe
1142 1360 1206 1390 hoc
1223 1369 1242 1390 a
1264 1358 1456 1390 Germanis.
1501 1357 1594 1391 Quid

892 1411 997 1453 igitur
1023 1412 1084 1450 illi,
1109 1415 1168 1442 ant
1194 1409 1362 1451 quomodo
1388 1409 1498 1440 crines
1526 1414 1595 1440 tor-

891 1461 1067 1502 quebant?
1092 1461 1147 1502 qui
1162 1461 1428 1501 simplicissimus
1444 1459 1509 1491 fuit
1524 1469 1595 1491 mo-

891 1511 968 1547 du&
986 1512 1017 1542 in
1035 1511 1157 1542 nodum
1175 1521 1232 1542 eos
1246 1511 1438 1552 cogebant:
1464 1519 1505 1541 ex
1519 1510 1595 1551 ipsa

892 1562 1024 1592 scilicet
1041 1571 1150 1601 coma,
1167 1571 1264 1602 quam
1280 1561 1364 1592 satis
1382 1562 1517 1602 longam
1533 1570 1596 1592 nu·

891 1613 1055 1651 triebant‚
1094 1612 1219 1643 nodum
1257 1611 1444 1643 faciebant.
1503 1611 1593 1643 Quia

890 1673 972 1693 vero
995 1673 1062 1694 non
1088 1663 1190 1693 datur
1218 1671 1261 1693 ex
1286 1661 1381 1692 crine
1407 1661 1531 1691 nodum
1558 1661 1593 1691 in

891 1712 1007 1752 capite
1024 1711 1153 1751 facere,
1178 1711 1242 1741 nisi
1270 1715 1485 1751 torqueatur,
1514 1710 1592 1741 ideo

891 1763 900 1778 ⁴
917 1767 1023 1793 tortos
1037 1762 1071 1793 in
1087 1761 1212 1792 nodum
1229 1760 1352 1792 crines’
1366 1760 1455 1790 dixit
1467 1759 1593 1800 Poeta,

889 1813 922 1844 in
940 1813 1066 1844 nodum
1083 1813 1218 1843 scilicet
1244 1816 1393 1852 coactos,
1422 1811 1475 1841 vel
1502 1811 1592 1842 nodo

889 1864 1105 1895 substrictos.
1149 1862 1328 1894 Salmasius.

934 1917 973 1945 10
995 1914 1112 1954 Aliter,
1131 1913 1199 1954 Esca]
1224 1912 1255 1944 A
1271 1918 1406 1952 natura,
1428 1913 1480 1944 vel
1502 1913 1591 1944 Solis

887 1966 1024 2006 ardore,
1036 1976 1112 1997 cum
1125 1965 1289 1998 Germani
1305 1963 1452 1996 artificio
1473 1964 1591 1996 cirrati

887 2017 978 2055 sint;
1004 2017 1056 2046 vel
1073 2016 1107 2046 in
1120 2015 1244 2046 nodum
1263 2019 1475 2055 torquerent.

933 2070 970 2098 11
1001 2067 1066 2097 Vox
1091 2066 1227 2105 dit-ersa,
1250 2065 1322 2106 ἱγικ]
1373 2065 1505 2106 Lingua
1534 2075 1590 2096 va·

888 2117 950 2154 ria,
967 2116 1168 2147 acclamatio
1190 2124 1271 2146 vero
1287 2120 1322 2146 et
1344 2124 1440 2146 mens
1456 2115 1589 2146 eadem.

889 2167 988 2198 Far-n.
1021 2166 1204 2197 Conclusio
1231 2166 1366 2205 elegans
1394 2169 1430 2197 et
1460 2175 1588 2197 morem

889 2217 1037 2258 priscum
1053 2216 1263 2248 acclamandi
1289 2216 1429 2247 docens.
1474 2216 1589 2257 Impe-

887 2268 1055 2299 ratoribns
1083 2267 1171 2298 enim
1199 2266 1453 2298 acclamabatur
1477 2267 1529 2297 vel
1553 2267 1586 2298 in

887 2318 1027 2350 consilio
1049 2327 1068 2348 a
1089 2321 1231 2356 senatu3
1256 2317 1308 2347 vel
1328 2327 1346 2347 a
1372 2317 1535 2348 militibus
1552 2318 1587 2348 in

887 2368 1072 2410 triumpho,
1086 2367 1138 2398 vel
1155 2376 1174 2397 a
1187 2367 1313 2408 populo
1326 2367 1358 2396 in
1374 2367 1514 2397 theatris
1527 2373 1587 2399 aut

886 2427 960 2454 tota
984 2421 1079 2459 urbe,
1103 2420 1130 2450 si
1150 2418 1230 2460 quid
1247 2419 1325 2449 novi
1341 2423 1377 2450 et
1400 2418 1505 2450 fausti
1523 2429 1586 2460 pro

885 2474 994 2505 salute
1011 2471 1149 2513 publica
1165 2470 1326 2510 egissent.
1376 2470 1455 2500 Rad.

886 2525 990 2556 Eme.
1017 2531 1067 2553 iv.
1121 2520 1157 2551 Si
1199 2520 1240 2551 ad
1277 2520 1391 2551 Titum
1423 2520 1486 2551 hoc
1516 2521 1587 2562 epi-

929 2570 1191 2613 gramma(qnod
1201 2570 1586 2611 verisimilius)referas‚

928 2628 1036 2654 testes
1059 2621 1163 2653 habes
1189 2620 1426 2662 Tranquillum
1449 2632 1525 2663 cap.
1550 2626 1583 2654 8.

927 2673 1006 2705 Titi.
1032 2677 1068 2703 et
1095 2671 1260 2713 Xiphilin.
1287 2672 1320 2702 in
1348 2672 1441 2705 Tito.
1487 2673 1522 2704 Si
1540 2672 1582 2703 ad

926 2723 1174 2758 Domitianum,
1190 2722 1335 2754 eundern
1356 2722 1460 2754 habes
1477 2724 1584 2755 Trau-

927 2775 1008 2817 quil.
1022 2785 1097 2816 cap.
1112 2776 1144 2806 9.
1158 2772 1356 2805 Domitiani.
