1866 3131
415 181 461 209 M.
497 182 605 210 VAI..
638 180 912 210 MARTlALlS
949 182 1106 211 EPIGR.
1140 183 1234 212 LIB.
1270 184 1340 214 111.

157 283 209 304 me
231 278 365 305 noctem
388 281 551 315 poscente
569 279 618 314 tu,
635 276 725 306 ultra
748 283 847 315 quam

156 325 278 365 possim
293 330 471 365 praestare,
487 336 607 366 poscas
621 325 722 364 vices,
736 325 847 355 malim

153 375 353 416 simpliciter
383 378 461 408 mihi
485 387 598 417 neges,
623 387 721 418 quam
748 386 848 417 cogas

154 436 207 456 me
226 428 386 466 impotem
403 427 514 458 fateri.

199 477 305 508 Eme.
324 486 377 508 ιν.
402 481 415 508 1
444 478 586 508 Cosmum
611 478 758 517 migrare,
777 478 847 518 ἔξω]

154 528 297 559 Gelliam
315 534 365 559 tot
382 528 568 559 delibutam
593 529 639 559 ait
664 529 845 569 pigmentis

152 583 189 609 et
202 580 392 619 unguentis,
403 585 439 611 ut
452 589 649 620 quocunque
660 580 847 619 incederet,

150 628 324 660 videretur
337 630 476 661 Cosmus
490 640 563 662 cum
574 630 847 671 pharmacopolio

152 679 280 718 venire,
304 685 418 711 tantus
436 686 510 711 erat
537 681 570 711 in
599 690 732 711 omnem
759 680 847 710 viam

151 728 234 759 odor
277 740 424 770 sparsus.
470 731 551 762 Ruti.
619 730 846 771 Myropolam.

150 780 241 820 epig.
256 783 308 810 SS.
333 781 352 811 l.
370 784 397 811 1.
424 790 511 812 vers.
531 784 559 812 1.

193 834 212 862 2
243 832 396 873 Excusso]
433 833 610 873 Succusso,
641 834 694 865 vel
723 832 845 866 fracto.

153 881 317 920 Cinnam«,
339 882 408 922 δμκ]
431 882 553 913 Oleum
565 883 730 914 Cinnami.
770 884 847 915 Cin·

151 942 285 964 namum
314 935 399 965 enim
431 940 466 966 et
493 936 738 966 cinnamomum
756 936 846 966 idem

151 989 303 1014 asserunt
315 986 478 1017 nonnulli.
522 985 654 1016 Plinius
671 986 692 1016 l.
706 988 756 1016 15.
773 995 801 1017 c.
814 989 845 1017 7.

194 1037 212 1064 3
238 1035 360 1075 Nugis]
387 1036 505 1076 Nugas
527 1036 678 1077 appellat
695 1046 844 1076 unguen-

149 1087 197 1122 ta,
213 1085 494 1124 quemadmodum
511 1087 632 1126 omnia,
646 1087 762 1128 quibus
775 1088 845 1118 sine

148 1133 361 1166 incommodo
398 1145 514 1167 carere
552 1147 750 1177 possumus:
796 1138 845 1169 sic

146 1193 264 1215 versus
287 1188 296 1203 ⁵
312 1186 436 1223 nugas'
455 1191 553 1218 vocat
570 1197 670 1227 saepe.
687 1188 843 1219 Ramires.

192 1235 298 1267 Eme.
312 1245 384 1267 LVI.
410 1240 422 1267 1
453 1237 504 1268 Sit
521 1238 654 1269 cisterna
674 1238 761 1277 mihi,
777 1237 846 1278 ξω]

148 1285 229 1316 Vini
245 1287 340 1326 larga
357 1287 465 1328 copia,
481 1297 576 1329 aquae
589 1289 686 1320 bonae
699 1289 846 1320 maxima

148 1339 302 1378 penuria,
330 1340 419 1370 unde
446 1344 482 1371 et
503 1340 639 1380 caritas,
656 1340 844 1380 Ravennae,

148 1397 222 1428 quae
237 1388 435 1419 Sabinorum
449 1389 625 1430 oppidum,
636 1390 730 1431 aquis
746 1390 845 1421 mari-

147 1437 200 1468 nis
229 1444 265 1470 et
292 1439 468 1479 uliginosis
495 1439 674 1480 perfluum,
707 1440 780 1471 ‘ita
807 1446 845 1472 ut

148 1488 266 1519 sitiant
279 1489 360 1528 vivi,
383 1495 500 1520 natent
515 1490 664 1530 sepulti!
687 1491 843 1522 Sidonius

150 1539 249 1579 epist.
264 1542 293 1571 8.
319 1541 341 1571 l.
360 1543 389 1571 1.
426 1541 586 1580 Cisternn]
610 1541 748 1572 Dicitur
765 1552 783 1572 a
799 1543 844 1573 cis

150 1594 185 1619 et
201 1593 311 1627 terrim
343 1592 421 1632 quia
448 1591 496 1621 cis
527 1596 666 1629 terram,
691 1591 754 1622 hoc
779 1597 843 1630 est,

147 1639 236 1670 infra
260 1645 383 1671 terram
412 1650 476 1671 nou
507 1640 610 1671 habet
642 1645 842 1680 perpetuam

149 1691 271 1721 undam
290 1702 351 1723 nec
368 1691 476 1722 vivam
493 1701 612 1732 aquam
629 1703 637 1722 ;
665 1692 723 1722 sed
752 1692 843 1723 locus

149 1746 214 1780 est,
227 1741 267 1771 ad
282 1751 385 1782 aquas
399 1743 553 1772 caelestes
568 1741 774 1781 colligendas
786 1752 842 1783 ap-

151 1796 217 1830 tus,
232 1791 462 1833 imbribusque
480 1792 683 1832 concipitur.
709 1793 843 1823 Festus.

191 1843 296 1874 Eme.
313 1852 398 1873 nvn.
416 1846 430 1873 1
455 1843 594 1873 Callidus
605 1842 761 1882 imposuit,
775 1843 843 1883 ξω]

148 1890 260 1922 Pluris
277 1892 364 1923 enim
383 1892 498 1923 vaeniit
514 1902 610 1933 aqua,
622 1892 843 1933 quadiluere-

147 1945 203 1971 tur
219 1942 343 1981 vinum,
357 1953 454 1984 quam
479 1943 587 1983 ipsum
614 1953 756 1982 merum,
771 1944 842 1983 epi-

145 1998 334 2032 grammate
358 1994 563 2034 praecedent.
609 1993 719 2025 Hodie
745 1995 843 2025 multi

149 2048 315 2082 cuperent
343 2045 391 2075 ita
417 2044 553 2084 decipi3
578 2045 637 2076 sed
666 2054 765 2076 nemo
788 2049 842 2076 est

147 2092 204 2132 qui
216 2092 380 2133 decipiat.

189 2143 294 2174 EmG.
310 2152 414 2174 Lvnr.
443 2144 493 2174 De
516 2144 592 2174 villa
620 2144 777 2176 Faustini.
801 2147 842 2176 ad

149 2192 298 2232 Bassum]
324 2193 433 2232 Supra
444 2203 497 2233 ep.
510 2196 562 2224 47.
580 2194 702 2224 Villam
714 2199 842 2226 emerat

148 2243 341 2278 Faustinus,
359 2243 392 2273 in
409 2253 475 2283 qua
502 2253 612 2274 rerum
640 2245 839 2276 rusticarum

146 2293 237 2325 nulla
270 2293 367 2333 copia
404 2293 683 2332 desider-abutum
728 2295 841 2326 omnia

147 2343 290 2375 enimibi
305 2342 497 2374 affluebant.
543 2344 713 2375 Invidiose
741 2345 841 2385 poeta

145 2394 279 2434 singula
289 2402 428 2424 munera
436 2399 688 2433 commemorat,
696 2399 733 2425 ut
744 2400 840 2426 tanto

145 2446 254 2485 magis
267 2445 381 2475 villam
407 2445 500 2474 Bassi
527 2444 690 2482 derideat,
719 2445 750 2475 in
775 2455 840 2486 qua

145 2495 227 2527 nihil
244 2499 370 2536 praeter
387 2494 524 2525 arbores
542 2495 673 2526 steriles
696 2499 731 2526 et
744 2505 840 2526 amoe-

145 2555 206 2577 nas
222 2545 412 2583 visebatur3
429 2544 515 2575 adeo
531 2550 568 2575 ut
584 2545 713 2586 quoties
728 2545 762 2576 in
778 2546 838 2576 vil-

146 2597 213 2627 lam
231 2604 265 2625 se
279 2582 448 2625 {onferret
465 2594 599 2633 Bassus,
620 2604 694 2634 quae
721 2604 741 2625 a
762 2604 838 2625 rure

146 2650 262 2677 essent
291 2644 450 2684 petenda,
485 2644 565 2675 illuc
606 2644 765 2676 adferret.
802 2649 839 2676 ut

148 2696 257 2737 epigr.
268 2698 322 2727 47.
345 2699 526 2726 ostensum.
551 2696 670 2726 Domit.

190 2749 205 2778 1
220 2746 344 2785 Bajana
354 2745 453 2776 nostri
466 2745 550 2786 villa,
560 2745 626 2785 δῖα]
638 2745 729 2776 Villa
741 2754 838 2786 quam

1483 173 1596 214 1179

901 272 1004 303 habet
1021 274 1199 305 Faustinus
1220 276 1324 317 Bajis,
1347 274 1380 306 in
1397 274 1471 306 sinu
1497 276 1594 306 Cani-

900 326 1021 365 paniae,
1035 335 1100 356 non
1115 332 1168 356 est
1180 328 1304 359 sterilis
1318 328 1423 359 instar
1436 333 1502 359 tuae
1515 329 1593 359 sub-

904 376 1039 406 urbanae
1057 386 1064 406 :
1088 386 1190 416 supra
1206 387 1260 417 ep.
1276 381 1328 409 47.

938 429 958 456 2
984 425 1105 456 Otiosis
1126 427 1280 465 ordinata,
1309 428 1379 468 ξω]
1403 427 1596 468 Sterilibus,

897 477 1014 508 sicum
1031 477 1204 518 frugiferis
1223 479 1455 519 conferantur,
1479 490 1593 521 quam-

896 528 946 558 vis
976 528 1090 558 baecae
1125 533 1310 569 myrtorum
1351 531 1383 561 in
1419 531 1594 561 medicinis

897 577 996 608 utiles
1022 577 1108 617 sint;
1135 578 1189 608 vel
1219 589 1294 619 quae
1325 580 1434 611 locum
1464 586 1593 611 tautum

896 633 1063 668 occupant
1077 632 1113 659 et
1128 628 1279 659 umbram
1295 630 1365 661 otio
1392 630 1592 662 abundanti-

896 677 957 708 bus
968 677 1155 709 hominibus
1173 678 1337 718 praebent.

937 731 955 759 3
986 728 1143 768 Viduaque
1157 728 1297 769 platano]
1322 729 1462 769 Caelibe,
1487 730 1593 761 infru-

895 776 1016 817 gifera,
1027 787 1090 808 non
1102 782 1139 808 ut
1151 779 1274 819 populo
1288 779 1413 810 vitibus
1421 780 1593 812 maritata.

896 828 986 859 Plin.
1016 828 1092 859 Sec.
1117 829 1216 869 epist.
1237 831 1268 859 6.
1297 829 1319 860 1.
1348 833 1379 860 5.
1420 829 1593 869 Tonsilz'que

895 878 1022 918 buxeto]
1039 878 1128 909 Buxi
1144 879 1248 918 enim,
1265 883 1302 909 ut
1318 888 1419 919 nunc,
1435 879 1468 910 in
1482 882 1591 910 varias

895 928 1087 960 animalium
1108 928 1231 960 formas
1257 929 1499 962 tondebantur.
1543 932 1593 962 Ut

895 989 978 1020 ergo
990 981 998 996 ‘
1012 979 1218 1020 myrtetum‚'
1236 980 1329 1011 locus
1341 981 1491 1011 consitus
1503 989 1593 1021 myr-

895 1029 960 1069 tis3
982 1030 1030 1062 sic
1061 1030 1270 1070 ‘buxetu1n,'
1309 1031 1401 1062 locus
1432 1030 1591 1072 frequens

895 1080 1005 1112 buxis.

935 1134 955 1162 4
979 1132 1113 1171 Ingrata
1136 1132 1206 1171 lati,
1234 1131 1302 1172 ἐγὼ]
1334 1132 1427 1163 Nihil
1459 1130 1592 1164 fructus

895 1188 952 1212 aut
969 1187 1149 1222 proventus
1163 1182 1307 1213 Domino
1322 1182 1514 1214 reddentia.

935 1236 953 1263 5
984 1232 1079 1272 Vero]
1102 1232 1156 1263 Ab
1173 1233 1264 1263 omni
1294 1242 1406 1262 rerum
1429 1233 1529 1272 copia
1544 1232 1594 1263 in-

893 1285 1032 1314 structo.
1080 1282 1149 1314 Rus
1165 1282 1253 1313 enim
1277 1291 1391 1313 verum
1417 1282 1497 1313 illud
1526 1288 1592 1321 est,

894 1333 982 1374 quod
999 1332 1041 1363 ad
1058 1332 1188 1364 fructus
1205 1332 1444 1374 percipiendos
1456 1333 1591 1364 colitur.

896 1385 1105 1425 Bas-lauroque,
1129 1385 1196 1425 ξω]
1231 1385 1414 1424 Foecundo,
1440 1389 1477 1416 ut
1500 1385 1590 1425 apud

893 1436 1063 1467 Barbaros
1077 1440 1111 1467 et
1124 1436 1236 1475 rudes,
1247 1436 1381 1477 quinon
1397 1445 1438 1466 ex
1455 1435 1591 1466 amoeni-

893 1490 966 1516 tate
979 1485 1192 1525 etelegautia
1206 1485 1360 1516 arborum
1374 1485 1416 1515 ad
1428 1485 1590 1525 quincun-

893 1545 967 1565 cem
994 1534 1251 1575 dispositarum,
1275 1535 1335 1566 sed
1351 1544 1394 1565 ex
1420 1533 1589 1566 fructibus

894 1585 1076 1615 aestimant.

935 1636 956 1663 6
980 1633 1044 1663 His
1066 1633 1159 1671 sarta
1179 1635 1344 1674 premitur,
1369 1635 1438 1675 εἷα]
1471 1634 1589 1665 Omnis

893 1683 1046 1713 Faustini
1073 1684 1189 1714 domus
1203 1685 1343 1723 angulus
1356 1685 1503 1724 stipatur
1519 1683 1588 1714 fru-

893 1739 1018 1766 mento.
1060 1735 1069 1751 ‘
1084 1736 1218 1765 Fartam
1231 1735 1240 1748 '
1271 1744 1352 1775 ergo
1389 1735 1398 1750 ‘
1412 1735 1569 1765 Cererem
1581 1733 1590 1745 ’

893 1793 956 1825 per
971 1785 1160 1825 Metonym.
1175 1784 1275 1825 dixit,
1287 1785 1320 1815 id
1337 1789 1403 1825 est,
1417 1784 1588 1815 abnndan-

893 1839 944 1865 tes
961 1834 1086 1875 fruges.

934 1887 953 1915 7
978 1886 1082 1916 Multa
1103 1885 1235 1924 fragrat
1263 1889 1343 1916 testa
1364 1885 1496 1925 senibus,
1520 1885 1589 1926 ἐξα]

892 1936 987 1966 Bene
1000 1936 1094 1966 olent
1112 1940 1211 1966 testae
1228 1936 1349 1976 quibus
1371 1935 1586 1966 reconditum

892 1991 945 2016 est
960 1991 1058 2017 vetus
1073 1986 1199 2024 vinum,
1226 1986 1315 2027 quod
1340 1985 1430 2016 inter
1456 1991 1588 2016 autum-

891 2037 983 2067 nales
1009 2035 1141 2067 fruetus
1173 2042 1237 2068 est.
1285 2036 1340 2067 Sic
1378 2035 1459 2066 alibi
1497 2035 1586 2076 apud

889 2087 1105 2118 Martialem:
1130 2088 1139 2104 ⁴
1155 2087 1199 2118 Et
1223 2093 1324 2118 acuta
1347 2086 1482 2117 senibus
1499 2091 1588 2117 testa

890 2147 967 2168 cum
994 2136 1242 2168 Damascenis.²
1294 2135 1485 2167 Autumnos
1511 2135 1586 2167 heic

889 2192 990 2218 vocat
1007 2187 1243 2218 autumnitatis
1267 2186 1420 2224 fructus3
1448 2186 1586 2217 Graeco-

890 2247 962 2268 rum
978 2246 1083 2276 more,
1110 2236 1166 2277 qui
1195 2235 1310 2277 ὀπώρας
1323 2236 1501 2276 appellant
1514 2234 1586 2266 τοὺς

888 2287 1049 2329 ὀπωρινοὺς
1093 2285 1233 2326 καρπούς.
1292 2287 1357 2317 Vel
1392 2288 1401 2303 ‘
1419 2286 1583 2326 senibus‚’

889 2338 1024 2376 adultis,
1039 2337 1156 2377 quibus
1175 2346 1247 2367 uvze
1264 2337 1437 2376 leguntur,
1455 2336 1583 2367 vinum-

889 2398 952 2430 que
971 2387 1066 2418 testis
1081 2387 1251 2418 conditur.
1294 2385 1358 2416 Vel
1381 2386 1527 2425 annosis,
1547 2391 1584 2418 et

888 2439 1002 2470 multis
1015 2438 1110 2468 annis
1122 2442 1294 2467 servatum
1309 2438 1430 2468 vinum.
1442 2442 1477 2467 et
1488 2437 1496 2453 ‘
1509 2446 1583 2468 sen-

889 2491 988 2530 ibus,'
1006 2495 1043 2521 ut
1064 2491 1073 2507 ‘
1091 2499 1174 2520 anus
1190 2488 1300 2528 testa‚'
1324 2490 1346 2520 l.
1365 2491 1393 2520 1.
1409 2488 1515 2528 epigr.
1531 2491 1584 2519 40..

889 2547 924 2574 et
941 2543 1015 2571 106.

930 2595 949 2623 8
973 2590 1052 2630 Hic]
1084 2589 1124 2620 In
1147 2589 1226 2620 villa
1251 2588 1411 2620 Faustini.

930 2644 950 2672 9
972 2640 1066 2671 Seras
1087 2639 1176 2679 uvas]
1201 2639 1381 2680 Epigr.44.
1408 2639 1430 2670 l.
1448 2642 1477 2671 1.
1494 2649 1581 2670 vers.

888 2696 919 2722 5.
966 2692 1010 2722 Et
1027 2700 1107 2721 uvas
1121 2690 1296 2721 duracinas
1310 2689 1481 2731 intelligit.
1516 2690 1582 2722 Pu-

887 2741 986 2782 tator]
1010 2740 1156 2772 Vinitor.
