1866 3131
410 202 457 229 Μ.
492 201 601 229 text..
636 200 906 229 MAR'l'lALls
949 201 1104 229 lLl’lGR·
1143 200 1231 230 [AB.
1268 201 1313 229 Χ.

140 293 311 323 videretur
332 298 365 323 et
382 293 524 323 insulsus
539 302 609 333 prae
627 292 829 331 Capitolino.

185 345 286 374 Epic.
304 352 364 374 cu-
393 343 513 374 Aliena
535 352 636 382 opera
655 343 708 372 hic
726 342 829 382 poeta

139 399 203 431 cst,
221 396 275 424 ille
294 399 400 433 pater.
430 393 480 423 An
497 393 620 424 canius
637 394 679 423 sit
696 393 747 422 nic
761 392 827 422 Ga-

138 445 282 484 ditanus,
295 447 335 476 ‹le
351 456 415 486 quo
433 446 638 486 Epigramm.
653 448 705 475 62.
722 444 780 476 lib.
797 446 826 474 l.

140 506 224 526 vers.
240 499 271 527 9.
290 497 333 527 N.
355 495 387 526 L.

182 547 281 576 Enni.
292 555 370 577 (Ὶιι.
388 545 547 576 Reditum
560 545 592 575 in
607 544 751 585 patriam
761 543 829 574 suis

137 596 265 626 civibus
282 595 470 626 denuntiat.

184 647 195 674 1
224 644 408 684 Municipes]
432 645 546 674 Cives.
591 641 830 682 Augitsta‚8sc.]

139 694 277 725 Colonia
291 695 361 725 scil.
379 694 521 732 Bilbilis,
535 698 570 724 et
585 695 616 723 in
629 701 718 723 aereo
730 692 828 722 Tibe-

137 744 176 773 rii
194 753 327 774 nummo
343 745 504 784 inscripta
524 746 532 760 ‘
546 743 725 783 Augusta,’
742 747 829 773 teste

137 793 291 832 Adelplno
305 794 444 825 Oecone
456 795 487 824 in
500 794 647 824 Tiberio.
679 793 747 823 Alii
762 793 827 832 leg.

135 848 278 882 angusta.
326 845 379 883 Et,
395 850 432 875 ut
449 845 619 876 Gruterus
637 845 758 885 inquit,
774 853 828 874 nn-

133 898 225 931 gusta
241 895 311 931 agri
327 895 504 926 vocabitur
521 895 666 934 Bilbilis,
682 894 736 926 cui
758 893 828 926 fere

135 945 214 975 nihil
231 946 382 977 additum
400 947 483 986 agri,
499 947 540 977 ob
555 951 702 977 montem
718 947 749 977 in
764 955 829 986 quo

136 997 282 1034 ponitur.
328 998 371 1027 Et
389 1007 449 1036 pro
465 997 529 1027 acri
546 997 600 1027 alii
618 997 734 1037 legunt
749 997 828 1027 alto:

133 1045 210 1075 alibi
221 1046 310 1076 enim
319 1047 466 1077 Bilbilim
478 1047 656 1087 pendulam
666 1046 829 1086 appellat,

137 1100 172 1125 nt
189 1097 256 1126 alto
273 1101 386 1127 monte
402 1097 500 1128 sitam
516 1097 620 1128 fuisse
638 1097 827 1137 intelligas:

136 1150 171 1175 ut
196 1146 313 1186 Epigr.
338 1146 549 1188 insequenti:
573 1152 609 1178 et
632 1147 750 1187 Epigr.
775 1150 827 1178 50.

135 1195 193 1225 lib.
212 1199 240 1225 1.
258 1201 293 1226 et
308 1196 420 1227 Sidon.
436 1196 624 1237 Apollinar.
640 1206 714 1236 cap.
731 1199 784 1228 21.

175 1247 194 1275 2
218 1246 306 1286 Salo]
329 1248 404 1278 Quo
427 1245 551 1277 ferrum
576 1246 716 1277 duratur
738 1245 827 1286 quod

134 1295 268 1325 caetcris
284 1294 492 1334 antefertur3
519 1296 647 1337 ipsique
670 1295 744 1326 urbi
762 1295 829 1326 cla-

135 1344 269 1375 ritatem
287 1345 431 1385 peperit.
457 1346 575 1386 Epigr.
590 1348 642 1376 50.
660 1345 680 1375 l.
695 1347 724 1375 l.
739 1353 827 1375 vers·

137 1396 185 1423 ll.

175 1447 193 1474 3
219 1445 337 1484 Ecquid
363 1445 446 1483 loeta,
468 1444 536 1484 fisa]
560 1443 589 1474 A
614 1444 713 1475 claris
737 1445 827 1475 enim

135 1494 272 1533 ingeniis
290 1495 503 1525 illustrantur
517 1493 694 1534 plurimum
711 1493 828 1524 civita-

137 1551 200 1575 tes,

185 1598 202 1624 5
237 1593 346 1633 Tenui]
379 1593 510 1632 Nimio,
540 1594 645 1624 culto.

135 1645 191 1675 Sic
208 1644 324 1683 Epigr.
342 1646 394 1674 03.
412 1643 468 1674 lib.
486 1646 515 1674 1.

176 1697 194 1725 7
214 1694 354 1729 Quacum·
366 1694 505 1731 accessit,
517 1691 586 1731 ὅσα]
605 1692 682 1724 Jam
700 1701 761 1733 per
776 1696 828 1724 34.

135 1747 326 1781 autumnos,
354 1742 474 1783 quibus
502 1751 560 1772 vos
589 1750 683 1772 sacra
713 1740 827 1772 facitis

134 1793 264 1830 Cereri,
279 1790 371 1822 abfui
386 1802 405 1822 a
419 1791 524 1830 vobis,
539 1791 674 1832 vixique
691 1791 826 1822 Rotnae:

135 1843 250 1883 Epigr.
264 1846 416 1881 sequent.
430 1850 518 1871 vers.
532 1844 564 1872 9.

177 1897 196 1924 0
227 1894 380 1931 Dominae,
407 1890 475 1931 asa]
505 1891 621 1931 Epigr.
649 1893 681 1923 4.
710 1890 771 1922 lib.
800 1894 828 1923 1.

137 1955 223 1976 vers.
245 1948 275 1975 2.

179 1999 217 2026 10
235 1996 408 2033 Mutavere,
422 1993 490 2033 Era]
510 1992 634 2032 Nigras
652 1992 743 2023 canis
759 2002 828 2023 mu-

135 2052 264 2077 tavere.

178 2099 217 2126 12
241 2097 369 2134 Aspera,
382 2092 451 2134 Sym]
476 2092 522 2124 Ut
536 2098 655 2133 postea
668 2103 743 2123 cuin
760 2098 828 2124 sto-

135 2148 252 2177 macho
278 2151 439 2185 expertus
465 2148 540 2181 est;
573 2145 600 2174 si
628 2153 725 2174 verus
752 2143 828 2184 ipse

134 2197 192 2227 lib.
209 2199 259 2227 12.
276 2195 439 2235 Epistola.
484 2195 646 2225 Ultimum
662 2193 828 2224 distichon

137 2246 326 2285 abjudicant
346 2245 504 2276 Martiali.

181 2296 281 2326 Eum.
300 2304 372 2326 ειν.
396 2295 506 2325 Mittit
530 2294 649 2325 librum
673 2293 715 2325 ad
734 2294 828 2325 Flac·

692 1594 828 1634 Verona]

1459 189 1572 230 1385

879 301 953 322 (rum
969 293 1124 331 amicum,
1137 302 1233 333 quom
1249 293 1281 323 in
1296 292 1495 332 Hispaniam
1509 292 1572 322 itu-

880 350 950 371 rum
965 347 1091 379 monet,
1103 343 1150 372 uti
1161 348 1293 373 veteres
1305 343 1427 373 anticos
1438 342 1571 372 salutet.

924 394 937 420 1
966 391 1090 430 Flacco]
1114 391 1154 421 ln
1173 392 1369 431 Hispaniam
1388 391 1487 422 ituro.

921 440 1096 470 2F1wentis
1104 441 1279 481 undoe]Sed
1293 440 1460 481 placidum
1473 449 1573 470 mare.

921 492 940 520 4
960 490 1143 520 Tarraconis
1158 490 1256 529 arces]
1281 491 1395 530 Urbis,
1412 491 1500 521 unde
1516 491 1573 521 illa

881 539 1056 580 Hispania³
1074 540 1178 580 regio,
1194 541 1227 570 in
1241 551 1306 581 qua
1323 541 1466 572 Bilbilis-

924 593 942 620 5
968 590 1063 630 Rota]
1086 590 1297 622 Vehiculum.

923 642 941 670 7
969 640 1097 679 Quinto,
1119 640 1186 680 lisa]
1217 641 1336 673 Quinti
1361 641 1428 671 diei
1454 641 1573 671 itinere

881 689 952 729 ipse
968 690 1120 722 vehiculo
1137 696 1265 721 vectus.

922 742 943 769 9
960 739 1105 779 Brumas]
1122 741 1240 781 Epigr.
1258 740 1410 782 proxime
1427 739 1574 779 praeced.

882 800 968 821 vers.
984 794 1016 821 7.

924 845 959 873 ll
980 842 1141 880 Protinus,
1156 841 1226 881 fisa]
1248 841 1329 872 Mox
1345 845 1381 871 ut
1398 840 1574 871 adveneris

880 892 1031 923 Bilbilin.

924 946 961 973 14
981 942 1125 973 Secessus
1136 942 1237 981 spatio
1251 945 1340 981 paret
1355 941 1487 981 salubri]
1509 941 1574 972 Im·

879 992 1098 1032 mopretiomt
1107 1001 1222 1023 omnes
1234 992 1315 1022 Mss.
1329 1001 1392 1022 nec
1407 997 1575 1031 praeterea

878 1041 1077 1072 mutandum
1106 1041 1284 1082 quicquam
1303 1051 1310 1071 :
1349 1051 1426 1072 nam
1456 1040 1576 1071 salubre

874 1092 1009 1131 pretium
1025 1096 1078 1122 est
1090 1090 1271 1129 modicum,
1288 1090 1376 1131 quod
1394 1090 1498 1121 facias
1513 1091 1575 1121 sal-

880 1151 920 1172 va
948 1151 983 1172 re
1009 1140 1176 1172 familiari.
1221 1141 1276 1171 Sic
1303 1140 1434 1170 Plinius
1459 1140 1520 1170 lib.
1545 1143 1574 1171 l.

879 1191 988 1230 Epist.
1004 1193 1057 1220 24.
1081 1191 1090 1207 ‘
1102 1191 1139 1221 Si
1156 1189 1354 1229 praediolum
1371 1188 1574 1230 istud‚quod

878 1239 1134 1271 commendatur
1150 1240 1200 1270 his
1222 1239 1370 1278 dotibnS,
1395 1246 1462 1270 tam
1490 1240 1577 1270 salu-

879 1290 986 1322 briter
1009 1290 1144 1329 emerit,
1170 1294 1208 1320 ut
1232 1290 1440 1330 poenitentiae
1465 1291 1574 1322 locum

877 1351 945 1372 non
962 1340 1152 1381 relinquat!
1197 1339 1406 1371 observavit
1426 1341 1489 1372 hoc
1503 1341 1574 1372 Sal-

877 1392 1000 1423 masius
1016 1391 1058 1422 ad
1075 1391 1239 1422 Solinum.
1265 1390 1452 1421 Gronovius.
1497 1391 1575 1432 Spa-

877 1443 922 1473 tio
936 1441 1068 1481 salubri]
1091 1442 1183 1472 Loco
1199 1440 1319 1471 studiis
1334 1445 1429 1480 apto.

922 1495 960 1523 15
995 1492 1058 1527 Qui
1082 1492 1222 1531 pigrum,
1247 1489 1316 1530 fisa]
1346 1490 1414 1521 Ubi
1442 1490 1475 1520 in
1499 1492 1574 1521 ocio

877 1547 1098 1574 consenescat
1117 1550 1235 1581 pareus
1250 1546 1337 1579 tum,
1350 1540 1383 1570 id
1397 1545 1463 1578 est,
1476 1546 1575 1571 autor

877 1593 964 1628 libri,
981 1602 1061 1632 ego:
1088 1592 1207 1631 Epigr.
1223 1593 1276 1622 43.
1294 1591 1351 1621 lib.
1370 1593 1402 1621 6.
1418 1600 1505 1621 vers.
1524 1594 1575 1621 10.

921 1645 962 1673 16
984 1643 1064 1673 Haec
1085 1641 1172 1680 sunt]
1196 1642 1281 1673 Quae
1309 1641 1370 1672 tibi
1395 1641 1428 1671 in
1450 1641 1575 1681 Hispa-

878 1693 966 1723 niam
979 1702 1084 1723 mcam
1102 1690 1334 1732 proficiscenti
1349 1690 1507 1721 mandata
1519 1700 1575 1721 ve-

879 1744 948 1774 lim.
990 1742 1150 1779 Tumidus,
1164 1741 1233 1781 ξω]
1257 1742 1365 1774 Quem
1383 1746 1505 1772 vocant
1521 1745 1573 1771 tu-

878 1793 959 1823 midi
974 1792 1090 1823 venti:
1119 1792 1172 1821 vel
1199 1791 1271 1831 ipse
1294 1791 1441 1821 tumidus
1465 1790 1573 1822 etim·

879 1843 1031 1884 perinsus
1046 1847 1201 1873 vectores
1215 1841 1329 1881 jurgio
1346 1840 1447 1879 cogit.

923 1895 962 1923 18
984 1891 1121 1922 Laxavit
1147 1890 1265 1929 melior,
1285 1889 1354 1930 ἐγὼ]
1386 1891 1499 1921 Vento
1524 1899 1574 1921 se-

878 1942 988 1973 cundo
1005 1941 1215 1972 solventibus
1230 1940 1428 1981 portn,jam
1445 1940 1573 1971 laxiore

876 1992 980 2031 facto,
995 1992 1148 2023 navibus.

922 2046 961 2074 19
986 2043 1118 2080 Navem,
1132 2041 1200 2081 Cym]
1222 2041 1299 2072 Non
1323 2040 1406 2071 licet
1422 2039 1498 2071 navi
1513 2049 1572 2071 ex-

878 2098 1018 2133 pectare
1034 2102 1147 2130 unum,
1160 2092 1215 2132 qui
1228 2100 1354 2122 moram
1368 2090 1483 2128 trabit,
1498 2100 1574 2121 vec-

878 2148 998 2174 torem.
1045 2143 1165 2181 Adagii
1182 2142 1330 2182 species:
1354 2143 1363 2159 ⁴
1378 2142 1490 2172 Unum
1508 2151 1573 2171 non

877 2197 1056 2233 exspectat
1070 2193 1165 2223 navis
1179 2191 1199 2223 ε’
1221 2201 1299 2223 nam
1317 2201 1401 2223 unus
1420 2192 1481 2231 vir,
1499 2192 1571 2222 nul-

878 2244 926 2274 lus
944 2242 1003 2274 vir.
