1866 3131
260 159 367 199 1470
696 165 786 196 Rau
800 164 953 194 ansus
990 163 1262 193 {mirionum

315 269 412 311 1073
443 266 600 310 Eadem,
622 265 717 302 ibid.
745 271 803 304 12.

316 331 413 370 1680
441 330 610 368 Tolosae.
633 336 667 367 8.
690 328 820 365 Petrus
847 327 1058 364 Romlellus
1080 326 1193 363 libros
1230 325 1397 375 quinque
1434 324 1697 376 Epigramma·

258 402 337 433 tum
359 409 378 432 e
402 393 577 432 Martiale
597 392 824 430 selectorum
847 405 931 428 cum
955 391 1052 428 notis
1075 390 1149 428 suis
1170 389 1352 437 vulgavit.

310 480 360 486 —
383 458 501 496 Paris.
524 464 560 496 4.
581 470 641 506 ap.
664 456 871 494 Antonium
892 454 1038 497 Cellier,
1053 453 1112 490 via
1127 453 1330 490 Citharaea.
1354 452 1409 489 M.
1432 451 1516 489 Val.
1540 451 1700 488 Martia-

257 523 300 560 lis
330 522 656 572 Epigrammatum
687 519 804 556 libros
836 529 911 555 xv.
944 516 1256 567 interpretatione
1289 522 1329 553 et
1367 516 1467 553 notis
1499 514 1701 552 illustravit

256 586 479 624 Vincentius
497 585 668 623 Collesso
689 585 724 622 J.
744 584 788 621 C.
803 583 914 631 jussu
938 581 1248 620 Christianissimi
1269 580 1396 629 Regis,
1417 578 1465 616 ad
1503 592 1610 616 usum
1633 579 1699 616 Se-

256 650 444 687 renissimi
466 648 660 698 Delphini.
719 647 846 684 Editio
868 647 1054 691 mutilata,
1073 645 1139 683 sed
1163 644 1370 695 (nescimus
1387 645 1421 681 in
1441 656 1553 693 quem
1576 643 1701 689 usum)

257 714 540 765 Epigrammata
561 713 748 750 obscoena
767 711 803 747 in
825 710 931 748 calce
951 709 1105 758 adjecta
1126 715 1225 746 sunt.

312 784 408 822 1701
442 776 568 814 Lond.
590 780 625 813 S.
647 776 785 824 Repet.
809 774 904 811 edit.
926 773 1098 811 Colles-sii
1118 786 1153 810 a.
1180 772 1293 810 1680.

308 865 359 870 —
376 841 534 879 Amstel.
552 847 586 879 S.
602 852 662 890 ap.
677 840 730 877 G.
746 838 875 876 Gallet
887 837 1000 888 praef.
1019 844 1172 888 typogr.
1191 836 1525 885 Huguetanorum.
1545 838 1602 875 M.
1616 837 1698 874 Val.

256 907 443 945 Martialis
467 906 757 955 Epigrammata
779 902 1001 953 paraphrasi
1021 909 1059 939 et
1086 901 1184 939 notis
1222 900 1410 937 variorum
1432 899 1699 946 selectissimis,

254 971 301 1008 ad
323 983 430 1007 usum
452 971 536 1007 Ser.
557 966 743 1017 Delphini
762 966 1034 1016 interpretatus
1055 972 1115 1002 est
1150 963 1373 1002 Vincentius
1406 963 1591 1001 Collesso.
1621 964 1699 1001 Nu-

256 1033 508 1077 mismatibus,
545 1031 720 1069 historias
759 1036 874 1080 atque
905 1030 1001 1067 ritus
1036 1028 1329 1072 illustrantibus,
1367 1027 1565 1065 exornavit
1597 1027 1695 1064 Lutl.

256 1097 397 1138 Smids.
420 1099 469 1135 Et
490 1097 576 1134 hnic
596 1094 813 1147 editioni-in
837 1095 941 1132 ealce
962 1093 1138 1131 obscoena
1159 1091 1425 1140 subjiciuntur.

311 1168 411 1206 1704
441 1160 613 1199 Farnabii
637 1171 701 1198 rx.
722 1161 847 1197 Anist.
875 1165 932 1197 12.
955 1172 989 1196 c.
1011 1171 1048 1196 n.
1068 1157 1148 1195 Th.
1172 1155 1363 1193 Farnabii.

709 1335 856 1372 AETAS
884 1336 931 1372 V.
967 1339 1238 1378 1713—178‘2.

256 1465 378 1509 Quam
400 1476 422 1500 a
442 1467 579 1512 quarta.
616 1462 899 1511 distinguiinuS,
927 1475 973 1499 ne
1007 1462 1091 1499 haec
1126 1460 1272 1509 longior
1299 1458 1485 1504 videatur,
1525 1464 1565 1495 et
1594 1456 1695 1506 quod

254 1529 339 1565 novi
354 1533 550 1564 curatores
567 1525 997 1575 qualecumquenomen
1018 1538 1126 1561 suum
1150 1536 1373 1575 praeponere
1391 1523 1603 1559 maluerunt
1624 1521 1699 1558 suis

253 1591 342 1628 edd.
364 1603 478 1640 quarn
502 1589 572 1626 sibi
594 1589 641 1625 ab
663 1588 792 1638 aliquo
813 1588 1017 1638 antiquiori
1034 1588 1240 1625 conciliare
1256 1586 1542 1628 auctoritateni;
1574 1598 1697 1635 neque

254 1662 378 1691 tamen
401 1654 453 1690 sic
475 1653 608 1690 melius
630 1651 677 1689 de
698 1658 853 1689 auctore
874 1651 1067 1701 promeriti
1089 1650 1278 1688 videntur.
1333 1650 1374 1685 Iu
1399 1649 1453 1686 his
1473 1648 1698 1685 numerandi

254 1724 344 1755 sunt
365 1717 486 1754 Mich.
516 1715 722 1761 Maittaire‚
746 1715 1011 1760 Londinensis,
1032 1721 1068 1752 et
1090 1716 1183 1752 Abr.
1218 1714 1251 1750 le
1288 1712 1486 1756 Maserier,
1518 1711 1697 1749 Parisinae

252 1788 460 1819 curatores.

312 1849 408 1887 1713
440 1842 616 1887 Londini‚
638 1841 703 1879 fol.
724 1842 759 1879 in
795 1843 911 1892 Corp.
944 1846 1046 1891 poet.
1083 1842 1166 1878 Lat.
1205 1840 1466 1884 Maittarimio,
1489 1839 1561 1876 vol.
1587 1849 1635 1875 11.
1656 1852 1694 1888 p.

258 1905 530 1945 ilis—1246.

310 1969 410 2013 1716
440 1968 564 2006 Lond.
592 1974 651 2006 12.
671 1981 716 2004 ex
734 1967 832 2004 offic.
852 1969 887 2005 J.
908 1968 1065 2004 Tonson
1086 1975 1122 2004 et
1138 1968 1174 2005 J.
1197 1968 1333 2004 Watts.
1365 1967 1420 2003 M.
1444 1967 1487 2002 V.
1512 1965 1694 2003 Martialis

255 2034 557 2084 Epigrammata,
580 2044 626 2068 ex
647 2030 867 2067 recensione
890 2031 1009 2067 Mich.
1033 2030 1231 2067 Maittarii.
1271 2029 1372 2065 Edit.
1394 2027 1523 2065 nitida.

313 2104 410 2143 1729
442 2098 540 2144 Aug.
562 2093 676 2130 Viud.
703 2100 761 2131 12.
784 2094 839 2130 M.
862 2094 947 2132 val.
982 2093 1168 2131 Martialis
1200 2093 1329 2143 Epigr.
1363 2091 1475 2128 Libb.
1508 2102 1592 2128 X11.
1616 2091 1691 2127 Xe-

254 2162 401 2198 niorum
422 2161 464 2197 L.
488 2170 518 2195 1.
540 2157 742 2207 Apophor.
767 2158 807 2194 L.
832 2169 861 2195 1.

308 2248 358 2253 -—-
381 2223 540 2274 Ingolst.
561 2235 596 2259 c,
620 2235 655 2259 n.
676 2222 865 2260 Juvencii.
889 2228 925 2260 8.

311 2294 409 2333 1743
441 2287 560 2336 Lugd.
584 2287 628 2323 B.
645 2298 680 2324 c.
697 2299 734 2323 n.
758 2285 949 2323 Farnabii.
973 2291 1029 2323 12.

310 2358 410 2395 1744
439 2351 563 2401 Lugd.
582 2350 626 2387 B.
652 2355 712 2387 12.
742 2349 883 2386 Eadem
904 2362 983 2398 rep.

312 2422 412 2460 1754
442 2416 558 2452 Paris.
585 2421 643 2454 12.
669 2414 759 2462 maj.
783 2412 880 2450 Voll.
916 2423 964 2449 11.
989 2413 1045 2449 Μ.
1068 2413 1112 2449 V.
1146 2411 1334 2449 Martialis
1365 2411 1692 2462 Epigrammatum

253 2478 340 2516 libri
355 2493 364 2523 3
382 2478 430 2515 ad
445 2478 611 2528 optimos
631 2478 787 2516 codices
803 2476 978 2514 recensiti
999 2483 1035 2513 et
1053 2476 1244 2526 castigati,
1263 2476 1407 2513 editore
1426 2475 1521 2512 Abr.
1538 2474 1571 2511 le
1588 2475 1692 2511 Mas-

255 2543 363 2579 crier.
380 2542 499 2579 Paris.
517 2541 620 2591 apud
639 2541 764 2580 Carol.
782 2539 970 2578 Robustel
987 2545 1023 2576 et
1039 2540 1213 2577 Natalem
1227 2540 1259 2576 le
1275 2540 1398 2588 Loup,
1414 2539 1461 2576 ad
1479 2538 1599 2588 ripam
1617 2540 1694 2574 Au-

257 2605 571 2653 gustinianorum,
593 2605 691 2656 typis
713 2618 801 2642 vero
823 2602 1075 2643 Constelierii.
1110 2603 1197 2640 vid.
1216 2604 1383 2642 Diction.
1406 2603 1507 2641 Hist.
1523 2600 1690 2651 portatis.

255 2668 301 2704 T.
328 2680 397 2707 111.
419 2669 533 2707 Caen.
560 2676 673 2715 1779.
697 2675 731 2708 8.
