1866 3131
248 193 362 236 1318

247 309 291 340 ga
318 297 409 330 fores
435 298 604 340 pulsabat.
630 299 702 333 Liv.
719 301 777 334 lib.
802 305 834 334 6.
853 303 944 334 Plin.

246 349 305 381 lib.
323 353 355 381 7.

290 404 330 432 10
357 401 476 432 Genera
491 410 593 432 sacros
604 402 744 444 honores]
768 404 944 446 Pompeio,

246 452 299 482 cui
326 451 442 491 nupsit
463 451 567 490 Julia,
583 452 726 484 Caesaris
748 453 830 486 filia.
874 455 943 486 Sed

246 511 307 532 cur
323 501 372 532 bis
388 501 478 532 idem
495 501 578 533 dicit
600 503 733 535 Poeta?
771 505 944 545 Intellige,

247 552 274 583 si
299 553 424 592 placet,
451 553 501 583 Μ.
520 553 718 594 Vipsanium
743 556 943 596 Agrippam,

247 606 303 636 cui
330 611 438 647 nupta
463 610 516 637 est
542 608 687 650 Augusti
712 611 817 650 Julia,
845 621 942 652 quem

246 666 354 697 usque
373 657 558 690 intertium
571 662 783 692 consulatum
796 662 945 692 amicitia

245 708 410 749 principis
433 710 560 748 evexit,
580 711 779 752 (Velleius)
795 716 830 742 et
855 712 943 743 hunc

245 768 321 789 esse
336 768 470 791 sensum
486 761 605 793 Poetae
630 767 726 803 patet
743 773 784 793 ex
799 773 943 804 sequen-

245 809 307 842 tib.

290 865 327 892 ll
354 862 522 903 Pacfficus,
546 862 616 902 ἐξα]
660 863 836 904 Templum
866 864 945 896 Jani

245 913 297 944 bis
314 913 541 944 claudebatur
555 919 632 944 ante
645 913 839 953 Octavium,
855 915 944 956 quod

245 969 320 994 erat
343 963 476 1004 signum
503 964 615 1004 pacis:
641 965 743 995 tertio
767 965 946 996 claudeba-

246 1018 314 1051 tur,
331 1014 396 1044 imo
414 1018 478 1052 ter,
492 1014 553 1045 sub
569 1015 642 1055 ipso
659 1014 826 1056 August0,
842 1016 945 1046 semel

245 1063 382 1105 quidem
411 1074 486 1095 cum
512 1065 562 1096 M.
582 1064 739 1107 Agrippa
761 1067 945 1098 secundum

245 1115 402 1147 consule:
428 1115 517 1146 unde
548 1117 682 1147 nomina
707 1127 822 1148 eorum
852 1119 945 1149 illus-

245 1170 347 1197 trata.
386 1167 462 1206 Vel,
485 1168 635 1199 Quorum
658 1168 797 1198 tertium
824 1178 943 1200 consu-

245 1217 314 1246 lum
332 1216 466 1248 nomina
494 1216 732 1249 referebantur
757 1219 790 1249 in
813 1219 944 1258 Fastos‚

247 1267 303 1307 qui
320 1267 351 1297 in
368 1267 476 1298 tutela
493 1272 527 1298 et
544 1268 695 1309 auspicio
707 1269 807 1301 Jani:
826 1270 943 1310 Epigr.

244 1319 275 1348 2.
292 1327 405 1357 supra.

292 1370 330 1398 13
354 1368 409 1398 Sic
438 1379 599 1400 numerare
625 1371 816 1411 consulatus]
840 1371 882 1402 In
907 1381 943 1402 se

247 1422 282 1449 et
299 1417 429 1450 duobus
445 1418 647 1461 filiis,quam
670 1421 704 1451 in
727 1431 763 1452 se
784 1432 850 1453 uno
875 1426 944 1453 tres

245 1471 454 1509 consulatus,
468 1476 506 1502 ut
519 1471 705 1513 Pompeius
718 1478 753 1504 et
763 1473 930 1515 Agrippa.

289 1521 393 1551 Epm.
428 1530 544 1553 vau.
575 1523 793 1554 Caecilianum
831 1525 945 1555 convi-

245 1580 333 1611 vam,
351 1577 552 1611 praemature
568 1573 610 1603 ad
628 1583 757 1605 coenam
776 1575 944 1606 ventitan-

247 1626 329 1661 tem,
349 1621 450 1662 jubet
477 1627 538 1654 aut
562 1624 726 1654 maturius
755 1629 813 1656 aut
839 1625 946 1656 serius

247 1672 378 1711 adesse,
391 1672 453 1703 hoc
471 1677 536 1710 est,
552 1674 687 1705 omnino
703 1673 830 1706 abesse.

291 1725 307 1753 l
333 1723 438 1754 Horas
473 1723 618 1764 quinque]
656 1725 816 1756 Nondum
848 1724 945 1766 quin-

247 1777 329 1811 tam,
356 1782 610 1813 praeproperam
637 1773 736 1804 nimis
762 1784 866 1806 coenae
890 1775 947 1805 ho-

246 1833 330 1854 ram.
368 1823 458 1853 Vide
492 1823 701 1863 Epigramm.
731 1827 764 1854 8.
796 1825 883 1855 libro
913 1826 945 1856 4.

245 1882 331 1903 verS.
361 1875 392 1904 7.
432 1873 516 1903 Puer
542 1875 687 1913 nondum,
716 1874 787 1914 Sym]
825 1875 946 1905 Servo-

246 1934 319 1955 rum
349 1928 424 1954 erat
452 1924 613 1955 nunciare
639 1925 749 1956 horas.
785 1925 944 1956 Juvenal.

245 1975 317 2005 Sat.
336 1978 387 2006 10.
434 1976 442 1992 ‘
462 1975 618 2006 Clamore
639 1985 723 2015 opus
741 1981 804 2015 est,
819 1982 856 2006 ut
873 1985 946 2006 sen—

245 2027 310 2056 tiat
327 2026 429 2064 auris,
451 2026 560 2058 Quem
584 2025 677 2056 dicat
693 2025 826 2056 venisse
849 2035 945 2066 puer,

246 2081 330 2116 quot
377 2076 517 2106 nunciet
560 2075 682 2107 horas.’
725 2075 946 2106 Nunciabant

246 2128 353 2167 igitur
389 2127 488 2157 horas
533 2126 641 2166 pueri,
684 2130 719 2156 et
763 2125 947 2156 monebant

247 2177 383 2219 quando
399 2178 524 2217 lavare,
540 2182 686 2218 gestare,
698 2186 832 2208 coenare
848 2186 948 2217 opor·

248 2234 350 2260 teret.

291 2283 309 2311 3
335 2278 542 2318 Distulerz'nt]
594 2278 635 2308 In
665 2278 810 2308 alterum
847 2277 949 2317 diem,

248 2331 335 2373 quod
352 2330 456 2361 fiebat
479 2330 561 2360 hora
585 2328 787 2369 tertia‚quae
807 2337 946 2358 exerce-

249 2383 306 2413 bat
330 2380 534 2412 caussidicos
551 2391 558 2411 ι
583 2380 701 2420 Epigr.
725 2382 755 2411 8.
772 2379 830 2410 lib.
848 2382 879 2410 4.
897 2379 945 2409 id-

251 2442 315 2472 que
340 2436 482 2472 propter
504 2431 601 2461 ludos
618 2430 778 2461 Florales.
814 2429 945 2469 Raucoe]

248 2482 305 2513 Sic
319 2482 383 2521 Ep.
398 2483 428 2512 S.
443 2480 502 2510 lib.
516 2483 547 2511 4.
564 2481 573 2497 ‘
586 2489 705 2510 raucos
719 2478 946 2510 caussidicos.'

256 2531 453 2572 Vndirnom‘a]
485 2530 741 2571 Synecdochice
765 2540 827 2570 pro
853 2529 945 2570 judi-

252 2583 323 2613 ciis.
371 2582 609 2612 Vadimonium
632 2581 720 2611 enim
744 2585 797 2611 est
813 2580 947 2621 sponsio

252 2633 390 2663 sistendi
417 2633 450 2662 in
475 2631 622 2671 jndicio.
670 2630 813 2671 Quartae]
841 2631 948 2661 Horae

253 2684 384 2714 scilicet
401 2683 507 2713 litium
525 2680 705 2713 forensium
721 2679 916 2712 differendi.

302 2736 312 2762 t
340 2733 523 2763 Floralicias
551 2731 656 2771 seras]
700 2733 864 2772 Lepores,
897 2741 949 2762 ca·

705 204 845 238 NOTAE
876 207 1140 240 VARIORUM
1176 210 1226 239 IN

995 312 1108 342 preas,
1128 305 1192 334 &c-
1209 303 1249 334 ab
1274 303 1438 336 AEdilibus
1465 306 1631 339 exhibitas
1654 309 1688 339 in

997 353 1209 384 Floralibus:
1235 354 1277 385 de
1301 354 1419 396 quibus
1437 356 1640 397 Epigranlm.
1656 361 1689 389 3o

994 403 1050 434 lib.
1066 406 1094 433 l.

1035 458 1053 485 5
1080 455 1186 486 Illotos
1215 465 1333 494 revoca,
1366 456 1436 497 eya]
1472 456 1565 488 Ante
1596 462 1692 489 octa-

994 514 1079 540 vam,
1093 515 1166 546 quae
1183 506 1263 536 hora
1279 512 1330 536 cst
1346 506 1552 539 balnearum.

1036 559 1056 586 6
1078 555 1182 596 Lecti]
1201 556 1418 597 Triclinares,
1429 558 1548 598 quibus
1560 567 1694 590 accum-

993 605 1096 636 bitur.

1036 658 1055 686 7
1082 657 1210 687 Caldam
1224 657 1333 696 poscis,
1361 658 1430 698 ἔξω]
1453 657 1584 698 Aquam
1613 659 1694 689 cali-

995 705 1085 745 dam,
1103 707 1145 737 ad
1164 708 1323 738 vomitum
1341 709 1394 738 vel
1420 709 1461 740 ad
1478 709 1592 740 vinum
1609 709 1693 740 dilu-

996 757 1133 789 endum.

1038 810 1057 838 S
1083 809 1177 839 Nudo
1200 810 1313 850 clausa,
1335 810 1405 851 &ej
1440 811 1521 843 Sine
1551 812 1628 854 igne
1659 816 1695 843 et

996 859 1109 900 liguis.

1039 913 1058 940 9
1081 910 1178 940 Mane
1190 912 1258 941 veni
1271 911 1386 951 potius,
1402 911 1472 952 Sym]
1495 911 1695 952 Importune

997 965 1032 991 et
1058 960 1297 1002 intempestive
1324 962 1460 1002 venisti,
1489 962 1629 1003 perinde
1655 973 1695 994 ac

996 1011 1106 1051 primo
1129 1021 1247 1042 mane:
1273 1013 1497 1052 opportunius
1522 1017 1558 1043 et
1581 1013 1697 1044 liuma-

995 1062 1070 1092 nius
1089 1062 1239 1093 venisses
1257 1062 1356 1093 tarde
1368 1068 1403 1094 et
1421 1068 1499 1103 post
1515 1073 1621 1095 eoenae
1639 1064 1696 1095 ho-

996 1123 1079 1144 ram.

1038 1167 1078 1195 10
1100 1164 1166 1195 Aut
1181 1175 1235 1196 cur
1250 1175 1308 1195 non
1323 1165 1406 1205 sero]
1428 1165 1539 1198 Josias
1560 1165 1697 1196 Merce-

995 1224 1050 1245 rus
1077 1224 1119 1245 ex
1148 1216 1301 1256 vestigiis
1325 1217 1474 1257 antiquae
1503 1216 1699 1256 scripturae,

999 1264 1040 1294 Ut
1052 1264 1123 1303 jum
1147 1268 1176 1295 te
1205 1275 1283 1305 sero,
1311 1266 1470 1297 rescribit
1499 1267 1696 1306 ingeniosis-

995 1315 1090 1353 sime,
1118 1315 1161 1345 Ue
1182 1315 1288 1353 jentes
1319 1326 1398 1354 sero,
1418 1319 1470 1356 ᾅϊ.
1520 1317 1695 1357 Scriptum

994 1363 1120 1404 fuerat,
1163 1365 1205 1396 Ut
1234 1366 1352 1404 jarites.
1400 1367 1495 1398 Hora
1527 1368 1697 1408 jentaculi

996 1416 1102 1447 tertia
1130 1421 1188 1447 aut
1218 1423 1339 1458 quarta
1367 1423 1462 1448 erat:
1488 1417 1576 1449 unde
1603 1418 1697 1448 Mar-

996 1465 1086 1496 tialis
1112 1476 1200 1506 eum,
1224 1468 1281 1507 qui
1308 1467 1350 1497 ad
1379 1468 1531 1508 quintam
1556 1474 1699 1500 venerat

996 1526 1193 1557 pransurus,
1215 1527 1290 1548 sero
1313 1519 1427 1549 venire
1447 1519 1546 1559 dixit,
1563 1525 1602 1551 ut
1621 1520 1699 1561 jen-

997 1572 1109 1598 taret:
1134 1568 1233 1598 nimis
1261 1569 1420 1610 tempori,
1444 1575 1483 1600 ut
1504 1570 1700 1610 pranderet.

998 1622 1006 1636 ‘
1024 1618 1194 1650 Gustare'
1212 1621 1313 1650 etiam
1339 1630 1412 1661 pro,
1433 1621 1583 1661 jentare,
1606 1621 1698 1653 dice-

998 1670 1091 1700 bant.
1131 1671 1140 1687 ‘
1158 1670 1306 1702 Gustum
1320 1670 1329 1683 '
1346 1671 1447 1702 etiam
1472 1676 1508 1702 et
1530 1673 1539 1689 ‘
1555 1673 1699 1713 gustati-

996 1729 1092 1750 onem
1106 1720 1115 1733 '
1131 1721 1378 1761 projentaculo
1389 1721 1566 1754 dicebant.
1597 1723 1697 1754 Glos—

997 1770 1122 1801 sarium
1151 1771 1281 1802 Vetus:
1315 1771 1481 1812 ‘Gustus,
1503 1773 1614 1812 γεῧμα,
1641 1785 1699 1813 γα-

996 1819 1100 1860 ρίσμη.
1125 1822 1283 1859 Gustare,
1300 1823 1482 1857 βουκκίσαι.’
1519 1824 1597 1855 Scio
1623 1834 1699 1864 gus-

998 1877 1067 1902 tum
1099 1877 1134 1902 et
1160 1874 1388 1911 gustationem
1420 1876 1523 1906 etiam
1555 1876 1698 1915 primam

996 1926 1126 1961 partem
1142 1933 1247 1954 coenae
1265 1924 1399 1955 dictam.
1440 1926 1585 1956 Veteres
1600 1926 1700 1957 Glos-

997 1981 1042 2002 sae
1073 1972 1227 2012 ·γαρίσμην
1255 1981 1443 2014 exponunt,
1465 1976 1554 2016 quod
1581 1986 1697 2016 garum

997 2023 1049 2052 vel
1072 2032 1255 2063 oxygarum
1279 2030 1315 2055 et
1339 2026 1404 2055 alia
1431 2027 1636 2058 salsamenta
1663 2029 1698 2058 iu

997 2071 1054 2101 illa
1078 2082 1182 2103 coenae
1208 2073 1402 2104 initiatione
1431 2075 1698 2115 adponerentur.

998 2122 1189 2153 Martialis:
1208 2124 1217 2139 ‘
1230 2123 1397 2155 Adt'ertur
1414 2127 1567 2165 protinus
1580 2126 1698 2167 ingens

998 2172 1095 2203 Inter
1123 2173 1273 2204 lactucas
1304 2184 1557 2218 oxygarumque
1582 2177 1698 2209 liber.'

999 2223 1086 2254 Nam
1110 2225 1254 2255 laetucae
1276 2229 1311 2255 et
1333 2235 1517 2266 oxygarum
1539 2227 1573 2258 in
1595 2232 1698 2268 gustu

998 2274 1270 2314 apponebantur.
1281 2276 1480 2308 Gustarium
1488 2278 1591 2309 etiam
1599 2279 1699 2310 hodie

998 2325 1139 2356 dicimus
1158 2331 1235 2357 aute
1260 2336 1388 2358 coenam
1406 2328 1459 2359 vel
1485 2329 1698 2370 merendam,

996 2376 1059 2406 hoc
1082 2381 1146 2415 est,
1163 2377 1273 2408 cibum
1302 2378 1396 2408 illum
1414 2388 1514 2420 quem
1538 2379 1697 2411 sumimus

995 2426 1086 2457 inter
1102 2437 1231 2458 coenam
1248 2432 1283 2459 et
1296 2429 1487 2468 prandium.
1533 2430 1623 2461 Raro
1640 2440 1699 2461 au-

997 2480 1063 2507 tem
1081 2477 1293 2517 prandebant
1306 2479 1466 2516 Veteres,
1482 2483 1518 2510 et
1538 2479 1698 2519 jentacu-

996 2528 1065 2558 lum
1096 2537 1170 2558 cum
1203 2528 1346 2568 prandio
1382 2529 1480 2560 multi
1513 2529 1699 2561 confunde-

997 2578 1091 2609 bant.
1136 2578 1318 2609 Salmasius.

1042 2629 1144 2659 Epio.
1161 2637 1295 2659 vam.
1318 2629 1528 2660 vindemiam
1557 2629 1698 2670 Entelli‚

1000 2679 1103 2710 etiam
1119 2679 1237 2718 hyeme
1264 2677 1452 2719 florentem,
1468 2679 1617 2721 miroque
1644 2690 1696 2711 ar-

1001 2730 1106 2761 tificio
1123 2735 1369 2770 conservatam,
1388 2729 1516 2761 laudat.
