1866 3131
382 196 431 225 M.
463 197 574 227 VM..
606 194 879 226 MAR'rlALlS
916 195 1074 225 EPIGR.
1108 196 1200 226 Llss.
1235 197 1336 226 vlll.

184 292 199 319 l
242 289 415 321 Conductos
448 289 588 330 penates]
623 289 832 321 Conductam

142 350 208 372 aere
224 341 364 372 cellam:
389 341 628 381 paupertiuum
651 340 755 371 fuisse
776 340 832 371 do-

140 395 207 429 cet,
239 391 295 431 qui
325 390 454 421 aedibus
480 391 643 430 caruerit,
666 395 704 422 ut
729 389 833 421 fuerit

139 450 223 482 opus
253 440 441 472 conducere
477 441 590 481 pretio
605 452 614 479 ;
649 446 685 472 et
714 440 832 472 cellam

141 499 285 534 tantum,
300 503 367 524 non
383 493 530 533 domum,
547 493 605 524 sed
622 493 741 525 domus
758 502 833 534 par-

142 548 223 575 tem.

181 598 200 625 2
224 593 396 634 Lingonus]
420 593 470 624 Ex
486 592 569 624 urbe
586 592 704 624 Galliae
726 593 832 624 Celti-

139 654 200 684 cae,
227 644 376 683 Longa-es.
425 644 530 682 Tecta,
551 643 619 683 δῖα]
642 644 704 674 Via
726 645 833 675 Tecta

138 705 196 726 seu
215 696 408 733 Fornicata,
422 704 497 736 quae
510 695 551 725 ad
569 694 743 735 Campum,
755 704 832 735 pro·

137 755 180 785 pe
199 745 408 776 Flaminiam.

180 798 198 826 3
224 796 369 836 Expulit,
394 795 464 836 ξω]
486 795 586 828 Elisit
611 797 727 833 talum,
751 798 832 830 laeso

137 846 258 887 pollice
276 846 384 886 pedis.

180 899 200 927 6
230 896 357 936 Ingenti
381 897 514 937 domino,
540 897 609 937 ἐγω]
640 897 769 928 Grandi
797 902 832 929 et

139 945 254 978 obeso.

179 998 198 1026 7
222 996 318 1028 ferre
337 997 506 1037 lacernam]
530 997 570 1028 In
587 1008 680 1028 usum
699 997 838 1038 domini,

138 1046 313 1077 adversum
328 1048 542 1087 ingruentem
559 1048 672 1079 subito
690 1049 834 1089 pluviam

136 1098 189 1128 vel
207 1102 462 1138 tempestatem.
480 1098 656 1137 Alii,ferre
667 1100 837 1130 lucernam:

136 1148 216 1189 quia
239 1150 248 1165 ⁴
263 1158 338 1179 sera
353 1148 475 1180 nocte.’
522 1150 643 1181 Recte.

178 1202 198 1230 8
222 1199 385 1230 Succurrit
409 1199 536 1239 misero]
566 1200 674 1230 Servo
701 1199 836 1238 misero,

135 1249 192 1290 qui
208 1248 378 1280 dominum
393 1255 532 1289 portare
547 1259 611 1280 non
628 1254 771 1289 poterat,
783 1260 836 1281 ca·

134 1309 174 1331 su
190 1305 414 1331 occurrerunt
430 1300 647 1340 vespillones,
662 1301 719 1342 qui
735 1301 836 1332 cada·

135 1359 196 1382 ver
211 1348 412 1381 efferebant.

177 1405 198 1433 9
220 1401 384 1441 Inscripti,
411 1400 479 1440 &⁰3
512 1401 610 1432 Servi
639 1401 836 1443 stigmatiae,

134 1451 244 1482 literis
261 1451 380 1490 inusti,
393 1451 521 1482 literati
538 1452 753 1492 vespillones.
780 1453 835 1484 In-

132 1502 258 1542 scripti]
280 1502 389 1532 Erant
403 1502 491 1532 enim
516 1501 653 1542 publica
667 1503 837 1543 mancipia

135 1552 212 1584 huic
223 1553 320 1592 operi
332 1552 510 1585 attributa.
531 1552 696 1594 Inscripti
710 1560 836 1591 autem,

137 1608 176 1634 ut
197 1603 368 1634 ‘literati'
393 1604 516 1634 Plauto
532 1608 568 1634 et
591 1603 750 1645 Apuleio,
774 1605 836 1638 Ju-

137 1654 265 1684 venalis
281 1654 393 1694 Satyr.
410 1656 460 1685 14.
504 1654 513 1671 ‘
532 1654 640 1686 Quem
664 1655 749 1685 mire
765 1655 836 1686 affi-

137 1706 230 1737 ciunt
246 1706 412 1745 inscripta
428 1705 612 1745 ergastula,
623 1714 742 1737 carcer
755 1705 838 1737 Rus-

138 1756 250 1788 ticus.’
292 1756 422 1787 Seneca
442 1755 502 1786 lib.
519 1758 549 1787 3.
568 1755 612 1786 de
629 1756 696 1795 Ira,
713 1766 788 1797 cap.
805 1759 835 1788 3.

136 1811 145 1825 ‘
162 1809 265 1839 Varia
281 1808 490 1838 vinculorum
508 1816 645 1847 genera,
660 1808 752 1838 varia
768 1818 835 1848 pae-

137 1868 268 1898 narum,
283 1858 507 1889 lacerationes
523 1858 764 1898 membrorum,
787 1860 836 1890 in-

137 1910 341 1951 scriptiones
355 1908 490 1947 frontis,
512 1913 548 1939 et
570 1909 753 1940 bestiarum
778 1911 837 1941 im-

136 1963 284 1992 manium
308 1959 445 1991 caveae.'
468 1960 603 1991 Herald.
654 1961 722 1992 Vile
744 1963 836 1992 cada-

135 2011 204 2051 ver]
228 2012 271 2042 Et
287 2011 415 2042 idcirco
431 2010 474 2041 ab
490 2011 660 2052 inscriptis
677 2012 783 2043 servis
800 2018 837 2044 et

136 2062 378 2102 vespillonibus
392 2060 622 2100 bajulabatur.

181 2115 222 2143 10
233 2112 357 2152 Accipit
370 2112 492 2152 infelix,
504 2111 570 2152 ἃμ]
587 2113 616 2143 Ε
628 2113 836 2153 pauperibus

138 2162 227 2193 enim
244 2162 359 2202 plures
379 2162 412 2192 in
429 2172 530 2192 unum
547 2172 662 2202 rogum
679 2163 836 2203 conjicie-

140 2212 275 2243 bantur.
320 2211 368 2243 At
384 2217 503 2243 contra
518 2212 661 2243 divitum
678 2218 712 2243 et
728 2214 835 2245 claro·

139 2271 211 2292 rum
228 2262 373 2293 virorum
390 2262 460 2302 rogi
482 2263 563 2293 elati
584 2268 620 2294 et
643 2264 779 2304 superbi
802 2275 835 2295 e-

137 2319 224 2345 rant.
255 2315 370 2355 Ipsum
383 2315 485 2346 etiam
501 2316 715 2355 sepulchrum
728 2317 836 2356 majus

140 2364 342 2405 quandoque
365 2369 400 2395 et
423 2365 522 2395 altius
542 2367 762 2398 exstruebant
777 2368 835 2399 ho-

139 2415 379 2446 noratioribus.
405 2415 538 2447 Her-ald.

183 2469 222 2497 11
251 2466 370 2502 (tomes,
381 2464 451 2504 ἄτη]
468 2465 592 2496 Servus
608 2466 707 2499 Galli.

185 2519 224 2547 12
249 2516 345 2546 Inane
361 2514 488 2555 ferant]
510 2516 646 2557 Sterile,
669 2523 704 2549 et
728 2518 834 2560 impo-

140 2573 214 2599 tens
230 2567 272 2598 ad
298 2566 527 2607 generandum
549 2567 600 2598 sui
627 2568 756 2607 simile3
781 2580 835 2600 ex-

139 2628 216 2658 pers
234 2616 471 2658 procreatricis
487 2615 671 2658 facultatis,
693 2629 765 2659 quae
782 2630 835 2651 ve·

141 2668 289 2708 getantis
302 2668 421 2698 animae
435 2671 498 2698 est.
514 2666 689 2702 Aristotel.
702 2670 743 2700 de
756 2670 836 2701 Ani-

140 2727 208 2750 ma.
224 2728 300 2758 cap.
312 2720 344 2748 4.
358 2722 427 2748 ῐεΧ.
442 2719 496 2747 48.
516 2717 605 2749 Vide
618 2729 707 2750 vers.
722 2723 773 2751 16.
787 2721 835 2752 in-

143 2768 203 2800 fra.
247 2768 402 2801 Raderus
427 2768 554 2801 mavult
576 2769 640 2802 hoc
655 2770 776 2804 referri
793 2772 834 2804 ad

1467 187 1579 229 1321

881 289 1039 321 cadaver.
1084 291 1196 332 Rogat
1211 292 1298 323 enim
1321 300 1450 330 servuS,
1471 297 1509 324 ut
1526 302 1582 324 ca-

881 340 986 371 daver
1001 341 1034 372 in
1052 352 1286 384 quemcunque
1301 344 1458 384 angulum
1475 343 1580 384 depo-

881 398 965 423 nant
989 397 1023 423 et
1050 393 1168 424 tollant
1193 394 1361 425 domiuum
1387 404 1497 433 suum,
1521 394 1581 425 do-

882 452 1041 484 mumque
1068 441 1193 483 ferant,
1220 450 1255 475 et
1284 444 1409 475 deinde
1434 444 1582 476 cadaver

882 501 982 533 porro
1000 491 1156 525 efferant.
1192 494 1305 534 Imme]
1326 495 1512 534 Mortuum,
1526 498 1581 535 ψυ-

881 544 942 582 χῆς
967 542 1177 583 ἐστερημένον.
1224 545 1327 576 Ovid.
1355 546 1389 575 in
1414 546 1581 586 Epicedio

881 594 1030 625 Tibulli:
1048 596 1057 612 ‘
1074 594 1137 625 Ille
1153 594 1201 626 tui
1217 601 1310 626 vates
1324 597 1451 635 operis,
1466 601 1524 628 tua
1535 596 1581 628 fa·

882 651 937 674 ma
955 644 1123 684 Tibullus,
1139 644 1250 677 Ardet
1267 646 1299 676 in
1318 651 1493 677 exstructo
1511 656 1583 678 cor-

882 704 944 736 pus
960 695 1059 727 inane
1077 696 1181 737 rogo!
1226 697 1281 728 Sic
1305 697 1426 727 ‘inane
1451 698 1585 737 solum‚'

882 757 943 787 pro
960 747 1088 780 inferis.
1133 750 1281 790 Erravit,
1305 749 1394 781 unde
1419 750 1493 791 quis
1518 751 1584 782 hoc

882 798 1144 839 deprompserit.
1169 800 1294 832 Allusit
1308 802 1395 831 enim
1411 802 1452 832 ad
1469 802 1582 832 locum

881 849 982 880 Statii
1000 850 1020 880 l.
1034 853 1063 880 1.
1085 850 1301 882 Thebaidos:
1327 852 1335 867 ‘
1350 852 1469 883 Pulsat
1483 852 1583 883 inane

882 899 1013 946 solum.'
1058 900 1170 940 Quod,
1194 901 1236 932 ad
1262 912 1336 932 eum
1364 903 1476 933 locum
1500 902 1586 933 ‹lixi-

883 960 969 990 mus,
988 950 1031 982 de
1047 953 1159 983 vacuis
1177 952 1293 993 OEdipi
1311 954 1486 984 oculorum
1500 953 1585 985 locis

885 1002 1121 1042 accipiendum
1136 1013 1221 1034 esse.
1246 1004 1384 1034 Gronov.

930 1056 968 1083 13
991 1054 1197 1084 Permutatur
1223 1054 1312 1094 onus]
1341 1054 1459 1084 Gallus
1485 1054 1585 1085 cada·

886 1112 977 1134 vere.
1007 1103 1283 1144 Sti1›at11que‚ls·c.]
1301 1103 1331 1135 A
1345 1110 1490 1145 quatuor
1503 1105 1585 1146 stig-

883 1157 973 1183 mate
985 1153 1105 1184 inustis
1117 1154 1325 1185 libitinariis:
1343 1154 1395 1184 vel
1411 1155 1419 1171 ‘
1433 1154 1587 1196 stipata‚'

884 1203 917 1233 id
935 1208 998 1242 est,
1015 1204 1145 1234 intrusa
1161 1209 1195 1235 et
1213 1205 1342 1235 inserta
1359 1205 1391 1235 in
1408 1210 1585 1245 angustam

885 1253 1189 1294 sandapilam‚quae
1204 1254 1437 1294 praepinguem
1448 1255 1584 1286 Gallum

885 1305 941 1335 vix
962 1309 1114 1344 caperet.

928 1358 967 1387 14
985 1356 1134 1397 San-ina]
1152 1357 1281 1388 Gallus.
1305 1357 1491 1398 Sandapilu]
1506 1357 1587 1389 San-

884 1405 996 1446 dapila
1012 1407 1100 1438 enim
1120 1407 1198 1437 vilia
1211 1408 1380 1439 cadavera
1396 1407 1587 1440 effereban-

887 1461 954 1496 tur,
970 1462 1008 1487 ut
1023 1462 1121 1488 notat
1139 1458 1352 1497 Fulgentius.

931 1509 968 1537 15
999 1507 1065 1538 Hic
1089 1508 1167 1539 mihi
1193 1510 1230 1539 de
1252 1508 1375 1549 multis]
1414 1508 1585 1549 Adagium

887 1559 1082 1598 protritum,
1099 1556 1142 1590 εἷς
1158 1559 1192 1589 ἐκ
1205 1560 1344 1599 πολλῶν,
1372 1569 1432 1600 pro
1453 1559 1524 1599 vili,
1538 1559 1586 1600 ig-

886 1614 978 1639 uoto.

929 1663 971 1690 16
996 1659 1056 1690 Cui
1082 1660 1192 1690 merito
1217 1659 1293 1698 dici,
1319 1661 1386 1700 ssa]
1417 1660 1457 1691 In
1483 1669 1585 1700 quem

886 1710 1052 1749 competit
1078 1710 1260 1740 dicterium
1286 1710 1367 1740 illud
1395 1711 1429 1740 in
1456 1710 1586 1749 Gallos,

887 1761 1032 1800 Cybeles
1050 1760 1235 1798 ministros,
1249 1760 1393 1800 jactum,
1414 1761 1533 1801 quibus
1550 1770 1584 1791 e-

886 1811 1005 1842 viratis
1032 1816 1166 1842 mortua
1188 1817 1263 1842 erat
1279 1811 1417 1849 Venus3
1441 1821 1530 1842 vers.
1554 1814 1586 1844 8.

886 1861 997 1893 modo.

929 1915 1036 1944 Eme.
1064 1922 1191 1944 LXXVI.
1226 1912 1451 1953 Argutissime
1477 1913 1587 1954 tangit

887 1964 1055 1995 Gallicum
1073 1963 1116 1994 de
1133 1973 1193 1994 suo
1220 1963 1357 2003 ingenio
1382 1963 1587 2004 scriptisque

885 2014 1089 2047 sententiam
1122 2014 1242 2045 Poetae
1275 2015 1517 2054 requirentem,
1552 2020 1588 2046 et

888 2067 1015 2106 aliquid
1053 2066 1161 2097 laudis
1200 2071 1441 2107 aucupantem.
1497 2066 1585 2097 Vide

887 2117 1097 2157 Epigramm.
1121 2119 1174 2147 64.
1200 2117 1258 2148 lib.
1283 2120 1313 2148 5.
1337 2123 1372 2147 et
1395 2116 1513 2157 Epigr.
1530 2120 1584 2148 26.

887 2167 943 2198 lib.
959 2170 989 2197 7.
1004 2176 1092 2198 vers.
1108 2169 1138 2197 9.
1153 2171 1187 2197 et
1200 2166 1311 2198 Persii
1322 2166 1435 2207 Satyr.
1453 2170 1482 2196 1.
1497 2176 1585 2200 vers.

886 2221 938 2248 55.

928 2267 1032 2297 Eme.
1048 2275 1188 2297 Lxxvu.
1209 2270 1228 2297 2
1244 2266 1351 2306 Liber]
1370 2266 1422 2297 Ad
1439 2266 1584 2298 eundem

886 2317 1046 2349 Liberum
1069 2317 1276 2356 Epigramm.
1293 2320 1344 2348 74.
1367 2318 1389 2347 1.
1406 2320 1439 2348 4.

927 2370 946 2398 2
964 2367 1005 2398 In
1020 2366 1105 2406 rosa]
1138 2367 1178 2397 In
1196 2373 1362 2407 perpetua
1392 2366 1583 2400 florulentia

887 2418 1014 2456 aetatis‚
1030 2418 1231 2457 voluptatis,
1247 2417 1460 2448 deliciarum.

928 2471 946 2499 3
970 2468 1099 2509 Assyrio
1127 2478 1256 2506 aninmo,
1284 2467 1352 2508 δρα]
1389 2468 1582 2507 Unguentis

885 2519 1028 2550 delibuti
1046 2524 1080 2549 et
1097 2516 1208 2548 floreis
1225 2517 1322 2547 sertis
1334 2518 1484 2548 coronati
1501 2527 1580 2549 con-

884 2569 1085 2600 vivabantur
1107 2569 1262 2599 Veteres.
1315 2569 1404 2599 Vide
1431 2579 1507 2610 quae
1537 2569 1582 2600 ad

884 2621 1025 2651 Senecae
1051 2619 1222 2660 Thyesten
1247 2619 1361 2651 adnot.
1386 2620 1527 2652 Farnab.
1550 2630 1582 2650 v.

885 2674 958 2703 942.
974 2677 1009 2702 et
1025 2674 1099 2702 945.

928 2726 946 2753 5
972 2723 1128 2763 Crystalla
1155 2722 1303 2763 Falerno]
1334 2722 1464 2762 Pocula
1487 2732 1580 2763 crys-

886 2773 1016 2806 tallina.
