1866 3131
284 182 395 224 1454

283 289 315 318 in
328 289 521 320 Saturnalia
537 294 570 320 et
584 289 710 321 ludum.
739 291 819 321 Rota
832 293 889 329 est,
906 289 975 330 lya]

282 339 553 379 Trochus‚cuiet
565 349 683 370 nornen
700 346 734 371 et
750 340 856 371 forma
872 351 889 371 a
901 346 974 371 rota

279 398 337 420 seu
355 390 492 421 circulo.
529 390 624 422 Alius
644 391 778 423 omnino
791 401 811 422 a
827 391 973 423 turbine.

280 440 363 470 Erat
376 440 462 470 enim
479 441 589 472 rotula
599 451 640 472 ex
653 451 721 473 aere
732 451 792 473 seu
805 440 906 480 ferro,
917 451 972 472 eu-

271 490 328 528 jus
341 490 479 521 axiculis
491 491 632 532 appensi
643 492 730 522 anuli
742 492 974 523 intermitten-

277 541 355 572 dum
373 546 408 572 et
424 543 628 574 currendum
646 544 713 575 alte
729 544 929 575 tinniebant.

318 595 338 623 2
363 594 482 624 Cantus
504 594 579 634 erit]
601 595 753 627 Tiunitus
771 595 877 626 trochi
896 595 972 625 mis·

275 643 301 672 si
318 653 324 672 :
344 643 455 675 sanior
472 645 586 684 lectio,
598 646 736 676 canthus.
761 646 971 686 Synecdoch.

276 699 362 733 rota,
395 696 446 725 vel
481 694 572 727 ferro
598 697 660 726 hoc
688 697 831 726 muniam
862 702 969 727 rotam

273 745 427 785 plaustri,
457 755 522 786 quo
560 747 670 777 solent
706 747 802 786 pueri
840 745 970 785 ludere,

273 796 338 826 erit
353 796 465 837 itaque
483 806 603 827 munus
620 797 715 826 utile.

314 847 558 878 Emmcrxix.
584 850 598 877 1
621 847 789 882 Garrulus,
806 847 877 888 [rm]
901 848 967 878 Re-

272 906 407 936 sonans,
424 902 462 928 ut
480 897 652 938 Epigram.
670 897 817 937 praeced.

316 947 419 978 Eme.
437 955 546 979 CLXX.
570 950 586 978 1
611 947 687 978 Sine
701 952 795 986 sorte,
818 948 886 988 fisa]
908 948 968 979 Su-

270 1005 331 1036 pra
347 996 465 1037 Epigr.
484 999 514 1028 1.
531 1006 619 1028 vers.
641 1002 672 1029 5.
720 998 860 1038 Rhenus]
883 999 967 1030 Ger-

272 1048 395 1078 rnaniae
417 1047 497 1079 fluv.
543 1049 757 1089 Synecdoch.
785 1051 855 1091 ipsa
882 1050 966 1082 Ger-

267 1098 379 1128 mania
409 1098 558 1135 devicta,
590 1099 623 1130 id
655 1106 718 1139 est,
754 1101 967 1133 Domitiano.

268 1148 385 1189 Epigr.
395 1152 425 1181 2.
439 1149 496 1180 lib.
512 1154 542 1183 5.
557 1160 643 1182 vers.
658 1154 688 1182 7.

311 1202 330 1229 2
360 1199 441 1231 Vera
468 1200 568 1240 dedit]
603 1202 777 1243 Tanquam
800 1203 873 1233 aliis
899 1202 965 1234 Im-

267 1250 483 1287 peratoribns
506 1256 586 1281 ante
602 1257 779 1292 usurpata,
800 1253 965 1284 Domitia-

265 1308 309 1329 no
327 1309 345 1329 a
359 1300 450 1330 victa
466 1300 649 1332 Germania
660 1303 737 1341 Jure
755 1302 880 1334 debita.
903 1304 963 1334 De-

262 1349 324 1378 cirs
341 1350 430 1389 adde,
457 1349 525 1390 Sym]
551 1351 598 1381 Ut
623 1352 780 1382 ebibatur
802 1353 962 1385 ‘Germa-

265 1399 384 1430 nicus'
420 1400 539 1431 decern
565 1402 709 1441 cyathis,
736 1412 797 1441 pro
823 1412 962 1435 numero

262 1449 450 1481 literarum.
487 1450 575 1481 Vide
592 1451 710 1491 Epigr.
727 1454 780 1482 72.
796 1452 854 1484 lib.
869 1456 897 1484 l.

304 1500 548 1532 EP1G.cr.xxr.
578 1500 710 1540 Βρούτου
737 1502 869 1543 παιδίον]
896 1505 961 1535 Pu·

262 1549 311 1580 sio
343 1549 465 1580 Bruti:
491 1549 531 1580 de
553 1560 619 1591 quo
647 1551 763 1591 Epigr.
794 1555 846 1584 77.
876 1553 897 1585 l.
927 1557 958 1585 2.

262 1610 348 1631 vers,
364 1603 396 1631 4.
421 1606 455 1631 et
473 1601 590 1641 Epigr.
604 1604 655 1632 51.
672 1601 736 1633 l.9.
754 1612 840 1634 vers.
854 1608 885 1634 5.
905 1604 959 1636 hic

261 1656 375 1681 antem
399 1650 440 1682 de
466 1651 611 1692 imagine
643 1652 747 1692 ipsius
769 1653 802 1684 in
818 1664 884 1685 aere
899 1661 957 1687 aut

259 1701 326 1733 alia
349 1702 492 1732 materia
514 1712 674 1743 expressa
688 1704 849 1744 loquitur.

304 1753 408 1784 Epio.
437 1761 576 1784 CLxxn.
612 1753 817 1785 Sam-octones
846 1756 956 1787 Corin-

257 1802 356 1842 thius]
385 1803 501 1834 ‘Fecit
524 1803 716 1834 Praxiteles
740 1814 780 1835 ex
798 1815 865 1837 aere
893 1807 955 1837 Co-

259 1853 383 1883 rinthio
411 1852 573 1893 puberem
602 1853 799 1894 subrepenti
818 1856 955 1888 lacertae

257 1902 407 1932 cominus
432 1903 560 1943 sagitta
597 1903 828 1945 insidiantem,
854 1917 953 1947 quem

256 1955 488 1984 Sauroctonon
506 1954 650 1984 vocant!
685 1954 814 1985 Plinius
827 1956 884 1987 lib.
902 1960 953 1988 34.

256 2013 283 2034 c.
301 2007 331 2034 S.
345 2014 387 2034 ex
405 2004 515 2043 σαῦρος
531 2009 564 2034 et
581 2002 698 2034 κτείνω.

299 2055 571 2085 ΕΡιο.οιΧΧιιι.
595 2054 794 2094 Hyacinthus
817 2055 847 2086 z‘n
865 2056 951 2087 tabu-

255 2106 283 2135 la
300 2105 416 2145 pictus]
441 2105 538 2145 Opus
571 2106 702 2145 Niceae,
728 2107 814 2146 qnod
839 2117 951 2139 secum

254 2155 450 2196 deportavit
478 2154 687 2187 Alexandria
716 2163 815 2197 capta
840 2159 952 2189 Caesar

255 2205 395 2246 August.
430 2207 518 2237 Plin.
535 2206 591 2237 lib.
609 2209 661 2238 35.
677 2217 753 2248 cap.
774 2212 823 2240 11.

294 2259 314 2288 2
340 2257 581 2297 OEbaliaspuer]
598 2257 810 2298 Hyacinthus
825 2260 950 2301 Lacon,

252 2308 303 2337 vel
314 2307 354 2338 ab
365 2307 487 2338 OEbalo
500 2313 625 2348 nepote
641 2319 700 2340 suo
712 2319 752 2340 ex
769 2309 876 2342 fratre
887 2312 951 2352 Cy-

251 2357 354 2388 naria,
381 2358 527 2389 Pausan.
550 2359 709 2391 Laconic.
740 2361 836 2402 Culpa
852 2364 950 2393 dolor-

249 2407 321 2447 que]
345 2408 411 2438 ‘Tu
425 2407 521 2439 dolor
537 2409 791 2452 es,facinusque
815 2413 947 2453 meu1n,’

251 2460 313 2489 ἃς.
341 2459 462 2499 Apollo
494 2460 546 2491 Ad
569 2461 821 2501 Hyacinthum:
856 2466 944 2506 apud

251 2508 353 2540 ovid.
381 2512 431 2540 10.
449 2511 675 2552 Metamorph.

292 2561 397 2592 Eme..
411 2571 554 2594 eLxxw.
574 2565 855 2606 Hermaphroditus
865 2577 944 2598 mar-

250 2611 382 2651 moreus]
406 2613 492 2643 Plin.
513 2613 570 2645 lib.
586 2617 616 2646 7.
633 2625 708 2656 cap.
724 2619 753 2648 3.

293 2665 308 2691 l
334 2663 461 2705 Fontes]
492 2665 703 2699 Salmacidis,
750 2668 836 2700 Vide
863 2669 944 2701 Fab.

251 2714 302 2741 11.
334 2712 390 2744 lib.
415 2717 445 2744 4.
474 2715 557 2746 Met.
596 2717 700 2749 Ovid.
760 2719 942 2761 Utrumque]

250 2760 433 2804 Utriusque
451 2773 561 2796 sexus.

738 196 878 226 NOTAE
913 196 1173 227 VARIOR‘UM
1211 198 1260 227 IN

1068 294 1087 321 2
1111 290 1237 331 Patris]
1261 290 1321 321 Τοῦ
1334 290 1451 330 Ἑρμοῦ.
1476 291 1595 322 illatrix
1611 292 1717 334 habet]

1025 343 1083 378 Τῆς
1107 341 1296 382 Ἀφροδίτης.

1066 392 1173 422 Epm.
1198 401 1331 423 eLxxv.
1364 392 1478 423 Danae·
1501 392 1601 433 picta]
1631 393 1722 426 Prin.

1024 441 1079 473 lib.
1097 445 1150 473 35.
1167 452 1241 483 cap.
1265 446 1295 474 2.

1066 495 1081 522 1
1110 494 1172 523 Cur
1199 503 1217 523 α
1247 496 1277 523 te
1298 494 1445 533 pretium,
1469 493 1537 534 δρα]
1562 494 1722 536 ‘Jupiter

1021 542 1212 574 admonitus
1236 544 1319 574 nihil
1343 554 1416 575 esse
1440 546 1612 585 potentius
1629 556 1722 586 auro,

1022 594 1201 634 Corruptae
1219 594 1366 635 pretium
1383 595 1520 635 virginis
1536 595 1608 635 ipse
1631 595 1720 628 fuit.’

1023 644 1127 676 Ovid.
1146 645 1266 685 Elegia
1281 648 1311 675 7.
1331 646 1388 676 lib.
1404 648 1433 677 3.
1451 646 1569 677 Amor.

1063 698 1082 725 2
1094 695 1178 726 Leda
1189 695 1289 736 dedit]
1306 697 1422 737 Epigr.
1439 699 1491 727 54.
1508 696 1565 727 lib.
1583 699 1610 727 l.
1624 706 1675 728 vs,
1687 700 1717 729 8.

1062 746 1167 776 Eme.
1193 755 1341 777 chxvr.
1374 750 1389 777 1
1416 747 1494 778 Sam
1507 747 1620 788 figuli,
1646 749 1719 789 ξω]

1019 794 1097 825 Sum
1109 796 1215 835 larva,
1231 806 1387 837 persona,
1403 807 1462 828 sen
1476 799 1587 829 vultus
1604 798 1717 830 fictilis

1020 844 1143 875 Batavi
1158 845 1233 882 rufi,
1249 847 1388 878 hominis
1402 847 1557 878 militaris
1576 853 1608 878 et
1626 854 1718 880 atro—

1019 895 1078 926 cis.
1114 896 1237 927 Batavi
1255 897 1345 928 enim
1362 896 1494 928 feroces
1511 902 1546 928 et
1563 897 1715 930 bellicosi

1018 945 1134 977 habiti.
1188 947 1310 978 Pueris
1333 948 1461 989 quippe
1490 948 1612 979 terrori
1639 954 1718 981 sunt

1017 996 1150 1028 larvati.

1062 1048 1168 1080 Eme.
1199 1058 1363 1081 chxvn.
1387 1050 1535 1080 Hercules
1553 1050 1713 1081 Corinthi-

1017 1098 1068 1138 us]
1082 1099 1133 1129 Ex
1145 1109 1213 1130 aere
1227 1100 1414 1132 Corinthio.
1431 1101 1519 1131 Plin.
1535 1101 1556 1131 l.
1569 1104 1621 1132 35.
1637 1111 1667 1132 c.
1681 1104 1712 1132 9.

1061 1153 1076 1180 l
1104 1150 1252 1182 Geminos
1278 1152 1393 1190 infans,
1411 1151 1478 1191 ᾅ·ε.]
1503 1151 1639 1191 Angues
1669 1152 1711 1183 ab

1017 1199 1122 1231 Herc.
1142 1201 1174 1231 in
1192 1202 1285 1232 cunis
1301 1203 1414 1241 elisos,
1435 1207 1470 1233 et
1485 1202 1637 1243 Hydram
1654 1203 1714 1233 de-

1016 1250 1152 1290 victam,
1178 1252 1230 1281 vel
1256 1251 1402 1282 infantes
1427 1252 1459 1282 in
1478 1251 1600 1282 fabulis
1616 1252 1709 1283 audi-

1016 1305 1147 1332 verunt.

1056 1350 1161 1380 EP1G.
1178 1359 1354 1382 chxvm.
1380 1355 1394 1382 1
1423 1351 1585 1392 Sigillum]
1610 1353 1707 1384 Ionn-

1016 1399 1125 1430 culam
1150 1410 1191 1431 ex
1220 1401 1350 1441 argilla.
1405 1402 1536 1432 Plinius
1561 1403 1619 1434 lib.
1655 1406 1708 1434 35.

1013 1458 1088 1490 cap.
1103 1453 1156 1481 12.

1056 1501 1164 1533 EP1G.
1193 1511 1344 1533 chmx.
1392 1506 1406 1533 1
1445 1503 1506 1534 Dic
1521 1503 1608 1542 mihi,
1622 1503 1708 1542 virgo

1002 1550 1111 1591 ferox,
1140 1552 1207 1593 ξω]
1256 1553 1344 1584 Vide
1375 1554 1493 1594 Epigr.
1528 1557 1556 1585 l.
1586 1553 1645 1585 lib.
1676 1557 1707 1586 7.

1011 1612 1097 1633 vers.
1114 1607 1143 1634 1.

1052 1657 1071 1685 2
1098 1655 1203 1686 Caesar
1218 1656 1324 1696 habet]
1360 1656 1573 1687 Domitianus
1592 1656 1706 1689 habet.

1009 1703 1221 1745 Adulatorie,
1235 1711 1271 1736 nt
1283 1706 1397 1747 Epigr.
1414 1709 1443 1737 1.
1457 1706 1514 1737 lib.
1528 1709 1560 1737 7.
1575 1716 1659 1737 vers.
1673 1710 1704 1738 2.

1052 1756 1155 1787 Epra.
1181 1765 1314 1788 CLxxx.
1363 1757 1502 1798 Europa]
1527 1757 1615 1789 Plin.
1645 1758 1704 1789 lib.

1007 1808 1058 1836 35.
1080 1816 1152 1846 cap.
1172 1809 1223 1838 10.

1048 1858 1066 1886 2
1095 1857 1180 1887 Tunc
1206 1860 1341 1896 poteras,
1364 1856 1431 1896 δῖα]
1468 1857 1624 1897 Namque
1642 1857 1701 1887 sub

1005 1905 1061 1935 illa
1078 1904 1185 1936 forma
1201 1911 1360 1937 centenos
1378 1906 1460 1947 Argi
1477 1907 1589 1938 oculos
1606 1906 1702 1938 fefel-

1003 1954 1108 1985 iisset.

1047 2006 1151 2035 Eme.
1181 2014 1332 2036 cmrxxr.
1375 2009 1388 2036 l
1429 2006 1600 2046 Clamabat,
1633 2007 1701 2047 Esau]

1003 2054 1094 2085 Nota
1107 2061 1184 2087 sunt
1210 2056 1353 2085 Leandri
1380 2066 1484 2094 amor,
1506 2055 1701 2088 transfreta-

1003 2104 1062 2143 tio,
1080 2106 1211 2143 exitus;
1234 2115 1275 2136 ex
1292 2106 1437 2144 Musaeo,
1453 2107 1568 2137 Ovidii
1592 2107 1700 2147 Epist.

1002 2158 1067 2185 «Sec.

1044 2207 1064 2235 2
1087 2205 1227 2243 Mergite
1244 2216 1289 2237 me
1303 2206 1434 2246 flnctus,
1455 2206 1524 2247 iren]
1559 2207 1696 2239 Parcite

1002 2255 1080 2286 dum
1097 2265 1255 2296 propero,
1271 2257 1413 2296 mergite
1430 2257 1507 2288 dnm
1531 2258 1645 2289 redeo.

1043 2307 1148 2337 Epio.
1165 2316 1306 2338 chxu.
1355 2311 1367 2338 1
1394 2308 1520 2347 Ebrius,
1534 2309 1602 2349 aira]
1617 2310 1696 2340 Cer-

1001 2362 1034 2387 te
1064 2358 1189 2388 eri-avit
1215 2358 1438 2389 Prometheus
1462 2359 1518 2390 ille
1545 2360 1638 2399 prior
1663 2360 1695 2390 in

999 2406 1174 2439 formando
1191 2409 1328 2448 gibbere
1355 2415 1390 2440 et
1414 2416 1600 2441 monstroso
1618 2411 1693 2441 Cle*

998 2459 1117 2498 sipp0:
1152 2459 1193 2489 (le
1216 2470 1280 2501 quo
1306 2460 1394 2492 Plin.
1421 2461 1477 2491 lib.
1496 2463 1548 2491 34.
1572 2463 1695 2501 cap.3.

997 2510 1141 2552 lusitque
1159 2512 1244 2542 alter
1259 2512 1312 2542 hic
1329 2512 1564 2551 Prometheus,
1579 2512 1611 2542 id
1629 2517 1693 2552 est,

995 2560 1113 2601 figulus
1130 2562 1185 2603 qui
1204 2572 1245 2593 ex
1270 2562 1390 2600 argilla
1412 2563 1443 2592 in
1466 2563 1692 2593 Saturnalitiis

994 2612 1188 2643 muneribus
1216 2612 1346 2643 effinxit
1375 2613 1518 2652 sigillum
1547 2612 1691 2652 gibberis

994 2662 1166 2702 ejusmodi.
1211 2662 1276 2694 Alii
1307 2664 1370 2703 leg.
1406 2663 1537 2702 Sigerii.
1582 2663 1688 2702 Origo

992 2711 1090 2752 hujus
1108 2713 1205 2752 sigilli
1219 2713 1295 2744 hinc
1313 2719 1409 2744 orta:
1434 2714 1585 2753 Gegania
1600 2723 1685 2753 prae-

994 2761 1086 2794 dives
1114 2762 1251 2794 foemina
1275 2763 1512 2795 candelabrum
1534 2764 1613 2795 emit
1630 2774 1686 2795 no·
