1866 3131
352 153 399 182 M.
434 152 543 183 vAt..
579 151 851 182 MARTIALIS
888 152 1047 184 EPIGR.
1082 154 1175 184 LlB.
1210 154 1294 184 VII.

144 245 251 278 Eme.
268 255 418 278 mxxxvi.
436 247 494 278 Ait
507 248 647 279 Sextum
658 256 798 280 munuera

101 297 216 326 venari
233 297 301 327 suis
316 298 430 329 coenis.
476 299 627 338 Eumque
645 298 687 328 ob
703 307 799 328 caus-

101 353 171 375 sam
185 356 220 376 se
240 347 462 386 praeteritum‚
476 347 563 388 quod
582 347 663 377 nillil
681 345 799 378 donas-

99 400 151 426 set
170 397 284 435 Sexto,
299 397 331 427 in
349 398 452 437 ipsius
470 398 586 430 natali.

144 449 159 476 1
187 447 374 485 Natalicius,
389 447 460 487 Se]
495 447 627 478 Festam
652 447 797 478 celebri-

99 501 204 527 tatem
222 497 341 528 natalis
358 498 416 529 tui.

141 550 160 577 2
186 548 259 578 Non
273 548 405 588 amicus]
443 548 600 580 Nondum
628 549 724 581 valde
750 549 799 581 fa-

98 598 254 629 minaris.

140 653 159 679 4
186 649 325 689 Pignora
354 653 472 690 nostra,
499 651 567 692 ἔγω]

96 705 213 730 mutua
230 702 383 741 pignora.

140 754 157 781 5
183 752 372 783 Proeteritus
388 756 472 783 vetus
487 752 617 792 sodalis]
640 753 795 794 Metaph.

97 800 139 830 ab
158 802 196 831 iis
221 802 277 842 qui
301 812 319 832 a
346 803 548 834 censoribus
570 804 696 834 Senatu
713 805 795 836 moti

96 851 128 880 in
146 852 347 883 recitatione
373 853 576 884 Senatorum
602 863 668 885 non
692 855 796 886 nomi-

95 901 276 941 nabantur,
298 906 332 932 et
349 902 552 933 dicebantur
582 904 590 920 ‘
607 897 797 944 praeteriti.'

95 953 366 984 Heraldusdicit
382 963 456 984 esse
470 955 609 985 verbum
622 956 722 995 juris,
737 957 792 987 ubi

95 1002 136 1041 is,
153 1004 250 1043 cujus
275 1007 420 1034 testator
445 1014 509 1035 uon
528 1005 694 1045 meminit,
709 1006 793 1037 dici-

626 651 796 684 Amicitiae

94 1053 403 1092 tur‘praeteritus.’
451 1055 719 1086 Nihilcrebrius.
752 1056 791 1087 Id

92 1104 252 1143 παρελθεῖν
274 1108 309 1134 et
332 1103 530 1143 παραλείπειν
553 1105 669 1137 Graeci
698 1106 793 1138 dixe-

92 1159 184 1185 runt.

133 1208 152 1235 7
177 1205 353 1246 Pustulati]
378 1206 462 1237 Puri
478 1207 563 1247 puti,
578 1208 723 1247 pustulis
740 1212 792 1240 tu-

92 1256 215 1286 mentis
233 1256 275 1286 ab
293 1256 378 1295 ignis
395 1257 619 1298 excoquentis
635 1259 676 1289 vi.
714 1259 796 1290 Tur·

90 1307 197 1339 nebus
213 1307 300 1339 Adv.
316 1308 373 1339 lib.
389 1310 442 1339 24.
468 1317 544 1348 cap.
560 1311 591 1340 2.
628 1308 682 1340 Al.
699 1320 793 1350 pusu-

89 1359 173 1389 lati:
199 1358 287 1399 quod
306 1358 407 1390 idem.
450 1358 518 1389 Sed
536 1363 571 1390 et
588 1359 754 1391 Gruterus
772 1371 791 1392 e

91 1409 157 1442 ΜΞ.
188 1409 326 1450 Hispani
354 1409 413 1439 tibi
440 1408 520 1440 libra
548 1410 709 1449 pusulatt':
755 1410 789 1442 id

89 1464 155 1498 est,
173 1464 248 1500 opt.
262 1459 389 1499 argenti
408 1469 450 1490 ex
467 1459 646 1500 Hispania.

133 1513 152 1540 8
175 1510 268 1540 Lei-is
282 1509 370 1549 toga]
394 1510 548 1549 Impexa.
574 1510 675 1542 Grut.
693 1521 710 1542 e
723 1511 789 1543 ΜΒ.

88 1561 204 1599 tenuis,
229 1560 287 1590 sed
315 1564 484 1591 eontract.
506 1560 540 1590 in
561 1560 790 1601 dissyllabum,

90 1617 252 1652 poscente
265 1621 373 1642 versu.
390 1611 495 1641 Rudes
505 1611 652 1651 lacernoe]
665 1612 786 1644 Novae:

91 1662 335 1702 injiciebantur
349 1662 498 1701 togis,ut
515 1661 614 1692 hodie
631 1662 746 1702 pallia.

132 1716 152 1743 9
178 1714 247 1744 Non
274 1716 318 1743 est
340 1714 491 1753 sportula,
522 1712 593 1753 lisa]
631 1714 789 1753 Sportula

88 1773 153 1804 qua
170 1772 222 1794 me
248 1764 341 1793 velut
363 1763 522 1793 clientem
540 1763 684 1802 donasti,
700 1763 728 1794 si
754 1764 788 1795 in

87 1815 217 1845 lucrum
235 1819 269 1845 et
294 1819 458 1855 quaestum
483 1814 623 1853 largitus
648 1824 721 1845 eam
738 1814 789 1845 fu-

88 1865 157 1903 isti,
175 1864 277 1895 desiit
295 1874 366 1895 esse
393 1865 564 1904 sportula:
589 1866 702 1895 auctio
723 1871 789 1904 est,

85 1920 120 1945 et
151 1914 348 1955 negotiatio,
376 1913 539 1951 καπηλεία.
584 1915 662 1946 Νοη
700 1915 790 1946 enim

87 1965 212 1996 invitas
241 1965 304 1996 nisi
343 1965 399 2006 qui
430 1970 664 2005 compensent.
710 1967 789 1997 Non

87 2020 141 2046 est
156 2025 237 2056 ergo
252 2015 468 2055 beneficium,
488 2016 547 2046 sed
565 2017 691 2048 auctio.

150 2068 188 2096 11
218 2065 349 2105 Vapulet
379 2067 519 2106 vocator]
544 2065 688 2097 Confers
718 2067 788 2098 cul·

87 2126 163 2156 pam
181 2116 214 2146 in
231 2126 365 2148 servum
381 2121 590 2156 vocatorem,
611 2122 648 2149 ut
664 2119 720 2159 qui
736 2128 787 2150 me

88 2166 294 2206 praeterierit
318 2166 528 2207 imprudens.
552 2167 606 2200 Al.
619 2169 687 2209 leg.
719 2169 788 2200 Vah

84 2218 189 2257 pudet,
205 2220 337 2247 vocetur.
387 2217 531 2258 Vapulet]
568 2219 640 2250 Det
657 2229 785 2260 poenaS,

85 2266 174 2307 quod
192 2272 226 2297 te
243 2267 445 2307 neglexerit.

128 2317 229 2348 Eme.
256 2325 425 2348 Lxxxvu.
460 2317 538 2348 Alia
561 2317 634 2349 aliis
651 2317 684 2349 in
702 2318 785 2350 deli-

87 2367 143 2398 tiis
160 2376 248 2403 esse,
273 2376 308 2397 se
325 2366 490 2398 delectari
518 2367 657 2409 Labyca
679 2377 784 2408 puero

84 2417 339 2449 formosissimo.

128 2471 144 2498 1
170 2465 395 2507 Si1ne11s‚8,·c.]
420 2467 502 2498 Cum
530 2468 585 2498 alii
607 2468 783 2500 delecten-

87 2523 142 2549 tur
159 2517 365 2548 deformibus
378 2518 622 2557 monstris,eur
638 2529 702 2550 non
720 2529 784 2560 ego

84 2568 228 2599 formoso
263 2577 369 2608 puero
407 2568 565 2608 Labyca?
597 2568 684 2600 forte
701 2570 783 2601 item

84 2624 286 2658 monstroso,
301 2628 446 2659 namque
464 2619 576 2650 luxum
595 2620 730 2651 tandem
749 2620 782 2650 in

85 2668 230 2700 distorta
245 2673 282 2700 et
298 2669 490 2709 prodigiosa
513 2678 656 2710 corpora
670 2675 782 2702 verte·

85 2723 163 2751 runt
181 2718 335 2750 Romani.
381 2718 524 2752 Quintil.
539 2719 693 2753 Declam.
705 2722 780 2752 298.

1439 145 1550 187 1295

852 250 887 277 et
904 247 1019 279 Instit.
1046 248 1103 280 lib.
1132 252 1184 280 ll.
1211 259 1286 291 cap.
1312 253 1343 280 5.
1387 248 1484 282 Idem
1508 249 1551 280 de

849 298 1049 329 mulieribus
1064 300 1160 330 Rom.
1175 301 1280 332 Clcm.
1291 299 1552 340 Alexandrinus,

848 353 884 378 et
900 347 1099 380 Ammianus
1114 351 1257 382 Marcel.
1284 350 1343 382 lib.
1362 353 1414 383 14.
1455 350 1553 382 Glau·

847 398 967 438 copide]
988 399 1131 430 Bubone
1147 410 1206 431 seu
1222 401 1325 432 ulula.

890 451 910 479 2
939 448 1052 489 Tristi]
1086 449 1185 487 Atro,
1207 451 1352 490 ingrato.
1397 451 1475 489 Vel,
1501 452 1550 482 in-

848 497 951 530 fausti
969 499 1089 531 ominis
1106 501 1133 531 si
1152 502 1205 531 cui
1231 502 1408 533 matutinis
1433 511 1551 534 occur-

850 550 959 582 risset.
996 550 1153 582 Juvenal.
1182 552 1255 583 Sat.
1285 556 1316 582 6.
1356 562 1442 584 vers.
1473 556 1548 584 601.

848 600 998 641 Appian.
1014 603 1046 632 4.
1070 601 1230 640 ἐμφυλίων.
1255 601 1445 634 Infaustum
1461 605 1550 634 euim

847 653 1041 692 videbatur,
1052 663 1162 692 mane,
1176 655 1277 685 autin
1290 655 1445 695 quolibet
1458 655 1550 695 prin-

847 702 950 743 cipio,
961 703 1110 745 AEthiopi
1122 714 1320 743 oecurrere;
1333 706 1550 746 quemadmo-

846 751 924 783 dum
939 758 974 783 et
987 754 1104 794 simiae,
1129 759 1229 795 atque
1253 756 1357 786 etiam
1386 756 1550 788 Eunucho

846 807 881 833 et
896 803 1030 835 maudo.
1051 804 1210 836 Juvenal.
1225 806 1340 846 Satyr.
1353 809 1385 837 6.
1417 808 1426 824 ‘
1446 807 1547 838 Esses

844 853 1012 894 AEthiopis
1025 854 1170 887 fortasse
1185 861 1283 896 pater
1296 867 1304 895 3
1317 867 1394 888 mox
1412 857 1548 888 decolor

844 904 953 935 liaeres
970 905 1136 946 Impleret
1160 906 1304 945 tabulas,
1321 916 1491 948 nunquam
1510 908 1549 938 ti-

844 953 877 984 bi
908 964 1006 986 mane
1036 956 1224 988 videndus!
1280 958 1417 998 Duplex
1448 968 1548 990 causa

843 1005 944 1046 hujus
964 1007 1011 1038 rei
1028 1019 1035 1038 :
1061 1008 1070 1025 ‘
1089 1007 1298 1039 Deformitas
1315 1009 1324 1022 '
1346 1014 1381 1040 et
1396 1010 1405 1026 ⁴
1425 1009 1548 1050 imper-

843 1054 972 1087 sectio!
994 1058 1003 1073 ί
1019 1056 1251 1097 Deformitas,'
1266 1060 1354 1089 utin
1371 1059 1547 1100 AEffliope,

843 1106 952 1137 simia.
1000 1107 1268 1148 ‘Imperfectio‚’
1284 1109 1367 1140 utin
1384 1110 1547 1141 Eunucho

844 1162 879 1187 et
896 1157 1029 1189 claudo.
1076 1159 1191 1191 Quare
1207 1164 1242 1190 et
1260 1169 1462 1201 quocunque
1481 1161 1547 1191 alio

842 1207 943 1238 modo
961 1208 1119 1248 mutilati,
1132 1210 1219 1240 male
1236 1210 1385 1240 ominati.
1430 1211 1548 1242 Sacer-

843 1257 943 1289 dotes
983 1267 1114 1300 quoque
1140 1269 1204 1290 non
1231 1260 1354 1300 integri
1381 1262 1547 1302 corporis,

843 1308 920 1347 eligi
947 1317 1012 1339 non
1045 1314 1228 1349 poterant3
1264 1310 1547 1351 quemadmodum

841 1367 952 1399 neque
969 1359 1123 1391 victimae.
1170 1360 1267 1391 Idem
1285 1360 1370 1391 ritus
1387 1361 1419 1391 in
1436 1360 1545 1392 Israe-

841 1408 977 1440 litarum
1005 1409 1182 1441 sacrificiis
1213 1411 1425 1443 observatus.
1471 1412 1547 1442 Caea

842 1462 950 1489 terum
969 1460 1082 1491 omina
1106 1460 1177 1497 illa,
1200 1461 1242 1491 de
1265 1461 1386 1502 quibus
1402 1462 1547 1502 agimus,

841 1508 875 1539 in
894 1510 1070 1551 principiis
1085 1511 1228 1542 maxime
1243 1511 1442 1542 observata:
1469 1522 1547 1543 uam

841 1558 982 1590 Ovidius
1001 1563 1030 1591 1.
1050 1561 1143 1592 Fast.
1189 1562 1198 1578 ‘
1218 1561 1342 1592 Omina
1359 1562 1548 1602 principiis,

839 1609 962 1650 inquit,
993 1610 1102 1642 inesse
1132 1611 1269 1643 solent.'
1325 1612 1425 1644 Unde
1456 1613 1546 1645 horis

838 1660 1027 1699 matutinis,
1055 1666 1090 1692 et
1115 1671 1191 1692 cum
1222 1661 1351 1702 aliquid
1382 1663 1547 1703 aggrede-

839 1715 969 1749 rentur,
999 1715 1055 1742 aut
1084 1711 1183 1742 domo
1213 1712 1472 1754 egrederentur,
1503 1724 1544 1745 ea

839 1760 1013 1800 praecipue
1026 1761 1265 1792 observabant.
1281 1762 1452 1794 Heu-aldus.
1484 1766 1544 1795 Ca-

837 1810 910 1841 nius
945 1811 1107 1852 AEthiope]
1152 1811 1261 1843 Poeta
1285 1812 1475 1844 Gaditanus
1499 1814 1543 1845 de

840 1871 907 1902 quo
925 1862 1041 1902 Epigr.
1057 1865 1110 1893 62.
1129 1869 1164 1894 et
1180 1865 1234 1893 70.
1251 1862 1310 1894 lib.
1330 1866 1358 1894 1.
1375 1868 1410 1894 et
1427 1863 1543 1904 Epigr.

840 1914 893 1943 20.
910 1913 969 1944 lib.
985 1916 1016 1944 3.

882 1965 901 1992 3
926 1963 1070 2002 Publius,
1084 1964 1154 2004 ξω]
1177 1964 1239 2005 Ep.
1254 1967 1326 1995 110.
1345 1964 1402 1996 lib.
1417 1968 1448 1998 1.

882 2015 901 2044 4
925 2012 1082 2054 Similem]
1113 2014 1330 2055 AEthiopine?
1365 2015 1418 2045 An
1439 2016 1544 2047 catel-

839 2063 901 2095 lae?
923 2064 976 2095 An
989 2064 1118 2096 simiae?
1143 2065 1195 2096 An
1213 2065 1278 2096 sibi
1294 2065 1457 2096 similem?
1493 2067 1542 2097 Ut

838 2115 1012 2156 Epigram.
1030 2118 1103 2147 202.
1120 2115 1177 2147 lib.
1196 2118 1246 2147 14.
1288 2116 1540 2157 cercopithecon]

838 2166 941 2197 Sinnio
969 2166 1099 2197 similis.
1147 2167 1198 2197 Ex
1214 2165 1332 2208 κέρκος,
1356 2167 1477 2206 cauda,
1505 2172 1541 2199 et

836 2216 971 2255 πίθηκος,
994 2216 1101 2247 simia.

878 2271 896 2298 5
926 2266 1078 2306 Marium]
1117 2266 1274 2297 Priscum
1307 2267 1359 2297 vel
1390 2267 1541 2300 Celsum.

836 2318 1034 2348 Per-niciosus
1049 2317 1242 2356 ichneumon]
1281 2317 1360 2348 Mus
1387 2317 1542 2357 Indicus,

835 2367 1067 2408 magnitudine
1090 2365 1180 2404 felis,
1197 2366 1405 2406 perniciosus
1427 2367 1539 2408 aspidi

834 2423 871 2449 et
895 2418 1078 2457 crocodilo,
1114 2417 1232 2457 quibus
1262 2416 1446 2448 acerrimus
1484 2425 1538 2449 est

833 2468 951 2499 hostis.
977 2468 1109 2499 Plinius
1125 2468 1144 2497 l.
1164 2470 1193 2498 8.
1209 2476 1238 2498 c.
1252 2469 1306 2498 24.
1324 2466 1446 2499 AElian.
1462 2468 1484 2500 l.
1503 2471 1535 2501 8.

833 2528 908 2559 cap.
925 2522 978 2549 25.
1022 2518 1206 2549 Athenaeus
1223 2517 1310 2548 libro
1326 2521 1357 2548 9.
1372 2528 1446 2559 cap.
1463 2522 1512 2551 10.

874 2572 894 2599 6
918 2569 997 2599 Pica
1011 2567 1195 2608 salutatrix]
1229 2567 1418 2599 Humanam
1435 2579 1534 2600 cona-

833 2623 868 2649 ta
886 2628 1013 2649 vocem.
1058 2618 1146 2649 Vide
1175 2618 1292 2658 Epigr.
1317 2621 1370 2650 76.
1386 2619 1473 2651 libro
1498 2624 1531 2652 4.

830 2671 892 2700 τῶν
913 2666 1033 2708 ὀρνίθων
1057 2668 1217 2706 εὔγλωττα
1241 2670 1371 2706 μιμεῖται
1385 2669 1456 2702 τοὺς
1470 2672 1532 2704 τῶν

831 2718 992 2760 ἀνθρώπων
1007 2717 1056 2750 καὶ
1070 2720 1131 2750 τῶν
1144 2718 1248 2750 ἄλλων
1263 2718 1385 2760 ὀρνίθων
1401 2721 1508 2761 ἤχους.
