1866 3131
221 210 331 248 10⁸4

264 312 388 343 Minois
403 319 481 342 arce
498 309 691 340 avolaturus
709 309 740 339 in
757 308 845 340 feras
859 308 914 339 de-

264 362 407 399 cideret,
441 360 617 397 insultans,
649 364 750 399 optat
779 358 915 390 Daedali

263 414 317 453 (ut
333 417 383 442 est
399 411 433 441 in
448 409 536 447 fab.)
553 419 692 450 pennas.

265 467 280 494 l
307 462 448 500 Daedale,
461 460 530 500 Sym]
564 460 678 490 Simile
689 458 768 500 quid
784 458 826 489 de
840 458 914 489 Ica-

223 513 365 553 rojuxta
374 511 519 543 Neronis
531 508 707 549 οὐρανίσκον
719 508 915 548 decidente,

222 565 298 595 vide
319 563 408 604 apud
426 562 615 603 Tranquill.
630 561 712 592 Ner.
730 571 759 591 c.
778 562 828 590 12.

262 618 281 645 2
308 613 482 653 llabuisse]
508 613 576 643 Pro
594 611 754 652 praesenti
778 611 915 651 ponitur

220 665 289 695 κατ’
319 663 506 702 ἐναλλαγήν.
562 663 685 692 Sensus
724 661 811 691 euim
850 666 915 699 est,

221 725 319 756 quam
350 715 455 745 velles
483 722 572 743 nuuc
603 711 761 742 habuisse
785 721 912 751 pennas

220 767 305 805 illas,
319 774 399 806 quas
419 770 489 795 tum
509 762 667 801 habuisti,
684 771 758 793 cum
775 771 794 792 a
811 761 914 792 Creta

221 817 374 847 avolares
390 825 463 846 cuni
483 815 591 845 Icaro.

221 867 323 897 EPiG.
337 874 390 896 ιχ.
433 864 636 895 Rhinoceros
649 871 740 901 aegre
754 861 913 901 lenteque

262 917 426 953 irritatus,
451 919 575 954 praeter
596 921 692 952 spem
719 911 854 942 tandem
879 910 913 940 in

262 965 352 996 feras
371 966 514 1002 irruens,
527 969 658 994 taurum
673 960 829 1002 jactabat
846 970 912 991 non

262 1028 357 1048 secus
373 1027 413 1048 ac
429 1022 541 1048 taurus
558 1015 671 1055 pilam.

264 1072 279 1099 1
308 1067 490 1106 Exhibitus]
505 1066 545 1097 In
559 1064 790 1105 spectaculum
802 1063 912 1094 datus.

261 1121 280 1149 2
304 1117 469 1155 Promisit,
482 1114 606 1156 praelia]
645 1114 701 1144 Sic
718 1113 805 1143 infra
821 1114 911 1154 epig.

218 1172 269 1200 22.
293 1170 302 1186 ‘
320 1166 603 1208 Desperabantur
624 1164 777 1205 promissi
797 1164 913 1204 praelia

220 1218 343 1249 Martis
359 1218 378 1248 2’
403 1228 422 1248 a
453 1217 586 1247 Caesare
611 1215 740 1246 scilicet
758 1215 912 1255 promissi

218 1269 290 1299 vult
305 1269 378 1300 Jos.
395 1267 517 1307 Scalig.
543 1267 598 1297 hic
626 1275 707 1306 ergo
735 1266 816 1305 legit
841 1275 909 1305 pro-

217 1319 314 1349 misti.
368 1317 467 1351 Quod
505 1316 585 1347 mihi
623 1316 739 1346 durius
773 1316 912 1346 videtur

217 1378 316 1409 quam
331 1374 446 1399 noster
462 1367 542 1397 dare
558 1372 615 1397 aut
633 1366 732 1397 etiam
749 1365 838 1396 ferre
854 1375 911 1406 po-

218 1420 334 1450 tuerit.
360 1418 558 1457 Rhinoceros]
586 1417 707 1456 Ingens
723 1416 911 1454 bellua,cui

218 1479 338 1499 nomen
356 1469 449 1499 dedit
471 1467 507 1498 τὸ
525 1468 570 1498 ἐπ’
585 1468 662 1508 ἀκρᾷ
677 1467 716 1508 τῇ
731 1466 786 1506 ῥινὶ
811 1465 912 1506 κέρας,

217 1519 266 1549 καὶ
280 1519 361 1550 ἄλλο
382 1518 454 1559 ὑπὲρ
468 1518 543 1548 αὐτὸ
566 1518 600 1548 οὐ
622 1517 714 1556 μέγα.
762 1517 908 1548 Pausau.

216 1572 236 1601 1.
258 1575 288 1602 9.
317 1571 468 1612 quamvis
498 1576 533 1601 et
561 1571 634 1600 lnaec
666 1569 787 1600 relatio
815 1568 856 1599 de
879 1571 910 1600 2.

216 1621 372 1652 cornibus
400 1631 463 1651 non
491 1622 537 1651 ita
557 1620 652 1660 gravi
675 1619 741 1650 fide
765 1625 909 1651 constet.

216 1672 305 1703 Hinc
319 1681 401 1711 ergo
416 1671 624 1701 Rhinoceros
642 1669 752 1700 dictus
770 1679 790 1700 a
803 1679 908 1700 cornu

215 1722 271 1753 illo
288 1722 412 1762 majore
427 1731 444 1751 e
458 1730 538 1752 nare
551 1726 807 1761 prorumpente.
820 1718 908 1750 Plin.

214 1775 235 1804 l.
254 1776 283 1804 8.
300 1782 329 1804 c.
342 1776 393 1802 20.

257 1826 276 1853 3
302 1821 440 1861 Pronus]
463 1821 575 1852 Cornu
598 1819 762 1850 submisso
787 1819 827 1850 ad
848 1820 908 1850 tol-

214 1873 351 1904 lendum
374 1877 520 1911 taurum,
549 1874 585 1902 et
602 1869 675 1901 fera
701 1870 781 1901 alias
804 1869 909 1901 etiam

215 1932 334 1963 prona.

256 1975 277 2003 4
302 1971 361 2002 Cui
387 1970 466 2011 pila]
510 1970 631 2011 Epigr.
660 1972 713 2001 53.
741 1970 762 2001 l.
794 1973 844 2001 14.
873 1975 910 2002 et

215 2021 323 2061 epigr.
342 2023 393 2051 19.
411 2019 509 2050 infra.
555 2020 614 2050 Cui
627 2019 708 2060 pila]
744 2020 909 2052 Rhinoce-

215 2071 280 2101 roti
297 2075 408 2101 taurus
423 2079 482 2110 pro
498 2070 567 2110 pila
581 2075 668 2108 erat,
684 2074 752 2101 tarn
770 2070 843 2101 leve
860 2071 909 2102 illi

215 2120 345 2161 pondus
371 2126 495 2151 taurus.
539 2120 638 2152 Unde
662 2121 762 2152 robur
786 2122 907 2153 bestiae

213 2171 327 2210 discis,
342 2170 429 2212 quod
446 2176 481 2202 et
493 2171 680 2202 admiratur
702 2172 826 2211 Poeta,
845 2182 908 2204 nec

214 2232 284 2263 prae
300 2222 530 2262 magnitudine
557 2222 741 2262 expromit,
764 2228 801 2254 ut
824 2225 910 2255 Lec-

214 2273 290 2311 tori,
317 2272 406 2313 quod
433 2273 531 2312 solet,
553 2274 785 2306 meditandum
812 2275 910 2306 relin-

214 2330 304 2363 quat.
334 2323 484 2354 Raderus.

216 2373 318 2405 Eme.
337 2383 372 2404 x.
411 2374 581 2405 Caesarem
595 2375 759 2415 ajustitia
779 2376 908 2414 laudat,

258 2424 314 2463 qui
341 2424 469 2453 leonem
488 2424 576 2464 quod
599 2426 795 2466 magistrum
815 2427 908 2457 laese-

256 2477 308 2502 rat
325 2473 550 2514 occideratve,
562 2474 638 2505 telis
651 2475 841 2508 confossum
859 2476 907 2507 in·

256 2522 491 2562 terficijussit.

259 2576 273 2602 l
301 2572 429 2611 Ingrato
442 2573 485 2602 leo
500 2573 723 2615 perfidits‚8)·c.]
741 2577 778 2607 In
793 2582 907 2609 custo-

216 2623 303 2661 dem,
331 2627 510 2660 rectorem,
546 2627 821 2666 mausuetarium,
846 2628 904 2659 sed

215 2674 270 2704 οὐκ
286 2672 349 2703 ἔστι
360 2672 462 2703 λέουσι
476 2673 525 2702 κα),
547 2673 669 2713 ἀνδράσι
691 2675 774 2715 ὅρκια
798 2679 907 2718 πιστὰ,

217 2728 225 2741 ⁴
244 2723 386 2754 Foedera
407 2729 483 2753 sunt
503 2723 670 2755 homiuem
686 2735 751 2756 non
772 2726 840 2758 fida
856 2729 905 2758 in-

216 2779 333 2815 terque
351 2773 503 2805 leonem!
533 2774 650 2814 Tigres
674 2776 761 2807 enim
786 2782 821 2809 et
837 2778 905 2809 leo-

678 216 814 245 Nn'l‘AE
847 216 1107 245 x'AlszUM
1147 216 1193 244 ΙΝ

963 319 1034 347 nes,
1052 313 1086 339 ut
1100 310 1230 339 Seneca
1250 317 1339 345 vere,
1359 307 1466 348 Epist.
1481 310 1532 339 89.
1560 308 1568 323 ‘
1582 307 1660 338 Non

964 366 1105 399 exuunt,
1129 360 1187 390 sed
1213 364 1341 390 tantum
1360 358 1566 390 submittunt
1583 357 1661 389 feri-

964 411 1097 443 tatem!

1006 465 1025 493 2
1052 462 1168 502 Notas]
1194 461 1351 501 Magistri
1379 460 1584 497 coercentis,
1608 459 1662 490 vel

965 513 1054 544 forte
1073 513 1257 544 irritantis:
1282 517 1320 543 ut
1343 512 1453 552 epigr.
1480 515 1533 543 22.
1561 511 1661 543 infra.

968 563 1200 603 Contemerare]
1229 564 1381 594 Violare.

1006 617 1024 644 4
1046 614 1117 645 Tela
1130 613 1220 654 tulit]
1245 614 1431 652 Venabula,
1451 613 1566 653 jacula
1582 622 1663 644 con·

964 664 1163 695 ficientium.

1007 719 1024 745 5
1053 715 1136 750 Quos
1152 716 1248 753 decet,
1263 714 1332 754 gc]
1358 714 1386 744 A
1405 714 1539 744 minori.

1006 770 1026 796 6
1048 766 1225 804 Ingenium,
1240 765 1313 806 dc]
1338 764 1602 796 Hemisticliium
1619 773 1661 795 ex

965 815 1136 847 Ovidiano
1158 816 1227 852 illo,
1253 816 1341 855 eleg.
1371 818 1421 845 10.
1447 814 1506 845 lib.
1526 817 1554 845 l.
1584 813 1660 844 Am.

954 867 963 882 ‘
973 867 1089 906 Turpe
1097 867 1161 896 erit
1172 865 1341 905 ingenium
1352 865 1464 895 mitius
1474 874 1549 895 esse
1560 863 1664 895 feris!

964 918 1066 948 Eme.
1085 926 1136 948 xi.
1180 917 1310 947 Novum
1340 916 1530 946 venationis
1555 924 1661 954 genus

1006 968 1185 1009 praedicat,
1202 976 1313 997 ursum
1326 966 1458 997 scilicet
1473 965 1565 996 visco
1576 965 1662 1006 (quo

1005 1018 1086 1048 alias
1099 1027 1177 1048 aves
1191 1015 1387 1057 capiuntur)
1400 1015 1618 1056 implicitum.

1006 1072 1021 1100 l
1048 1065 1464 1108 Praece1›ssunguineu,85·c.]
1487 1067 1595 1097 Ursus
1606 1075 1661 1098 ca-

963 1119 1038 1160 piti,
1055 1118 1145 1160 quod
1163 1118 1257 1149 dedit
1273 1118 1321 1149 illi
1338 1123 1459 1149 natura
1488 1116 1660 1148 invalidis-

962 1170 1095 1208 simum,
1112 1169 1291 1210 praetentis
1316 1168 1542 1199 anterioribus
1566 1167 1662 1208 pedi-

962 1220 1025 1251 bus
1040 1219 1254 1261 demissoque
1272 1219 1312 1250 ad
1339 1225 1463 1250 terram
1479 1218 1606 1258 capite,
1624 1227 1661 1249 se

962 1270 995 1301 in
1012 1270 1129 1302 orbem
1148 1271 1300 1301 volutare
1322 1271 1409 1301 solet
1426 1269 1466 1300 ad
1485 1268 1661 1299 declinan-

962 1320 1036 1351 dam
1055 1321 1229 1361 plagarum
1249 1320 1326 1351 vim.
1354 1319 1509 1359 Proeceps]
1545 1318 1660 1358 Impe-

962 1376 998 1401 tu
1017 1381 1129 1402 ruens.
1156 1370 1268 1410 Rotat]
1306 1371 1448 1411 Κυβιστᾷ
1464 1370 1601 1407 Graece,
1624 1369 1659 1399 in

961 1422 1077 1453 orbem
1095 1423 1165 1463 agit
1182 1432 1241 1453 seu
1259 1423 1376 1453 volvit.

1003 1476 1022 1504 2
1047 1473 1238 1513 Implicitam
1249 1473 1342 1511 visco,
1352 1470 1423 1512 Esau]
1440 1471 1553 1502 Haesit
1568 1470 1660 1501 visco

961 1523 1156 1563 impeditus.
1200 1523 1287 1553 Sunt
1305 1522 1361 1562 qui
1389 1522 1504 1561 legant
1527 1519 1661 1560 implici-

959 1577 1021 1604 tus.
1069 1573 1156 1604 Nam
1169 1572 1347 1609 Perottus
1360 1571 1526 1611 Scaliger,
1539 1577 1575 1601 et
1592 1571 1661 1602 No·

959 1623 1032 1653 nius
1050 1622 1235 1652 Marcellus
1250 1621 1396 1652 credunt
1418 1622 1427 1637 ‘
1442 1620 1587 1651 viscum’
1605 1620 1659 1652 hie

960 1674 1107 1713 positum
1132 1681 1192 1712 pro
1209 1671 1287 1710 reti,
1304 1681 1322 1701 a
1347 1671 1548 1702 tenacitate.
1589 1671 1659 1702 Sed

959 1722 1124 1753 credibile
1141 1722 1258 1761 magis,
1279 1722 1332 1752 hic
1356 1731 1415 1762 pro
1432 1722 1563 1762 glutine
1578 1722 1659 1763 poni

959 1774 1096 1812 debere,
1124 1773 1211 1813 quod
1246 1773 1399 1812 aucupiis
1422 1773 1544 1811 servit3
1578 1773 1659 1804 alio-

960 1824 1041 1865 quin
1059 1823 1139 1854 nibil
1157 1824 1321 1860 dicturus,
1346 1833 1420 1854 cum
1439 1823 1514 1862 hoc,
1540 1829 1577 1854 ut
1600 1833 1660 1854 no·

961 1884 1038 1905 vum
1076 1883 1180 1914 genus
1218 1873 1408 1904 venationis
1457 1873 1657 1905 admiretur.

960 1925 1044 1955 Rad.
1069 1924 1198 1955 Marcil.

1002 1977 1020 2005 3
1045 1974 1215 2014 Splendida
1229 1974 1300 2012 jam
1326 1977 1418 2011 tecto,
1443 1973 1514 2013 ἐξα]
1561 1974 1658 2005 Post-

959 2034 1057 2066 quam
1082 2034 1170 2056 nova
1184 2025 1259 2056 haec
1281 2030 1316 2056 et
1333 2030 1435 2056 acuta
1451 2025 1591 2056 inventa
1607 2030 1660 2057 est

960 2074 1109 2106 ferarum
1137 2075 1293 2114 viscatio,
1317 2079 1453 2106 cessent
1477 2075 1606 2115 corytis
1623 2080 1658 2105 et

959 2126 1066 2157 thecis
1103 2125 1280 2156 recondita
1317 2124 1496 2163 venabula,
1536 2125 1657 2166 quibus

959 2176 1122 2215 cominus,
1145 2180 1181 2206 et
1210 2176 1349 2214 lanceae,
1380 2174 1500 2216 quibus
1525 2174 1657 2205 eminus

960 2225 1049 2257 feras
1059 2225 1267 2257 conficimus.
1285 2225 1477 2256 Venatores
1491 2224 1580 2255 enim
1595 2223 1660 2255 fer-

959 2286 1031 2307 rum
1043 2284 1303 2307 seumucronern
1318 2274 1473 2306 venabuli
1484 2279 1557 2305 arte
1571 2275 1658 2305 cela-

960 2325 1054 2365 bant,
1071 2332 1108 2358 ut
1130 2325 1211 2358 ferae
1230 2324 1363 2356 facilius
1381 2334 1416 2356 se
1432 2323 1524 2356 ferro
1540 2324 1657 2356 indue-

959 2384 1109 2409 rentnon
1135 2378 1217 2416 viso,
1239 2387 1258 2409 a
1283 2378 1354 2409 viso
1375 2382 1487 2409 autem
1512 2377 1658 2417 refugie-

959 2428 1051 2460 bant.
1068 2428 1287 2468 Splendidum
1297 2438 1379 2468 ergo
1390 2438 1450 2469 per
1461 2438 1497 2459 se
1510 2428 1657 2459 venabu-

958 2479 1039 2516 lum,
1056 2479 1224 2510 eoloribus
1239 2478 1414 2517 fricabant,
1433 2484 1471 2510 ut
1492 2477 1580 2510 feras
1595 2477 1658 2508 fal·

957 2528 1093 2560 lerent:
1119 2528 1207 2568 quod
1238 2529 1290 2558 hic
1314 2538 1380 2558 non
1405 2534 1480 2559 erat
1505 2537 1658 2565 necesse,

959 2588 1034 2609 cum
1074 2579 1246 2609 declinare
1281 2579 1384 2609 etiam
1419 2577 1655 2617 splendentem

958 2629 1040 2660 ferri
1057 2630 1163 2661 aciem
1190 2629 1284 2660 visco
1300 2630 1470 2660 liaerentes
1492 2638 1558 2659 non
1582 2638 1657 2669 pos-

959 2685 1046 2711 sent.
1094 2680 1171 2711 Non
1204 2679 1345 2720 repudio
1371 2684 1487 2710 tamen
1513 2680 1655 2711 alteram

957 2730 1251 2770 explanationem:
1267 2729 1410 2761 Cessent
1424 2730 1591 2761 venabula
1604 2738 1657 2760 ve-

958 2786 1114 2812 natorum
1131 2785 1166 2812 et
1183 2780 1373 2811 condantur
1388 2779 1533 2819 vagina3
1552 2788 1654 2821 quan·
