1866 3131
242 201 352 242 1384

284 310 303 336 6
326 306 489 345 Autumni,
509 306 576 346 Esau]
599 305 701 336 Horti
725 310 760 337 et
784 304 934 336 autumni

243 358 308 388 mei
326 360 452 387 matura
470 366 580 396 poma.

287 407 391 437 Epic.
405 415 503 437 xcx-1.
522 407 663 437 Caussas
675 406 728 437 hic
744 406 936 445 reddit,cnr

244 459 389 497 patriam
420 456 575 496 cogitet3
612 457 717 488 solum
747 457 935 496 Hispanum

243 515 319 535 cum
334 505 486 536 Romano
503 505 649 537 confert.

287 557 300 584 1
331 555 489 595 Remotas]
513 555 697 596 Hispanas,
722 556 762 587 ad
781 565 862 596 quas
879 565 936 585 an-

242 606 355 636 helare
371 606 497 646 videar,
518 616 593 638 cum
611 616 667 638 eas
686 617 791 648 usque
808 607 937 646 loquar,

243 661 278 688 et
294 661 404 688 tamen
419 657 535 688 Romae
547 666 795 688 consenescam.
821 657 937 686 Romae

243 707 331 738 enim
352 717 453 747 supra
468 713 613 748 quatuor
627 712 661 738 et
678 707 817 747 triginta
833 715 936 736 anuos

245 756 388 787 vixerat.

287 809 305 837 3
329 806 580 847 Auriferumque,
595 805 664 847 εμπ]
686 806 816 838 Patriae
835 814 939 846 appe-

245 861 313 887 tam
330 855 447 887 fluvios
464 862 497 887 et
512 866 620 896 agros.
637 856 757 897 Epigr.
770 858 822 887 50.
838 854 896 886 lib.
911 857 939 885 1.

245 917 304 937 vss.
325 910 374 938 15.
389 911 424 938 et
441 909 491 938 12.

287 960 303 987 7
332 958 477 989 Pascitur
498 959 559 996 hic,
582 957 651 998 Sym]
676 957 793 998 Epigr.
810 959 862 987 58.
887 965 939 986 su-

245 1017 318 1047 pra,
345 1017 432 1038 vers.
457 1011 488 1039 9.
542 1009 621 1047 Igne
642 1006 794 1047 maligno]
828 1006 940 1047 Lignis

246 1058 351 1088 multo
367 1058 502 1097 emptis.

289 1109 308 1136 9
331 1107 479 1138 Pretiosa
497 1107 615 1148 fames]
649 1106 757 1138 Arida
784 1116 880 1138 coena
906 1111 941 1137 et

246 1155 414 1197 famelica,
430 1167 550 1198 magno
566 1162 681 1198 empta
697 1157 818 1198 pretio.
865 1158 943 1187 Con·

246 1209 442 1250 turbatorque
465 1210 620 1251 macellus]
643 1211 682 1241 In
707 1220 771 1252 quo
788 1209 941 1241 decoctis

244 1259 366 1298 opibus
381 1260 629 1291 conturbantur
641 1261 799 1291 rationes.
824 1260 941 1300 Epigr-

248 1311 300 1340 27.
317 1309 377 1340 lib.
394 1313 425 1341 7.
445 1319 529 1340 vers.
546 1313 597 1341 10.

291 1361 329 1390 13
354 1359 384 1398 Ι,
398 1361 472 1399 cole,
486 1359 557 1399 fisa]
583 1359 750 1390 Dominos
776 1359 942 1390 Romanos

248 1413 283 1439 et
299 1416 459 1449 patronos
476 1410 619 1440 assiduis
634 1410 857 1450 nequicquam
872 1408 943 1440 offi-

248 1458 307 1489 ciis
335 1469 551 1501 prosequere.
602 1460 744 1500 Amicus]
775 1460 944 1491 Patronus

248 1509 370 1539 cultus.

293 1561 331 1589 14
355 1559 468 1599 Locus]
492 1560 623 1591 Patria.

291 1609 395 1639 Eme.
425 1618 536 1640 xcvn.
579 1611 679 1641 Suam
708 1609 943 1642 infelicitatem

250 1661 370 1692 Numae
407 1661 501 1692 dolet
536 1662 634 1692 saluti
671 1661 775 1693 fuisse
794 1673 801 1692 :
841 1661 943 1703 quod,

249 1710 396 1750 scriptus
407 1711 615 1751 haeres,hero
625 1713 859 1743 revalescente
872 1720 945 1752 pro-

250 1759 398 1800 scriptus
413 1760 470 1790 sit.

295 1815 309 1842 l
336 1813 420 1843 Dum
435 1813 520 1852 levis,
535 1812 603 1853 eisc]
627 1813 718 1843 Dum
736 1812 808 1851 tibi,
828 1812 944 1852 deplo-

252 1861 408 1901 ratajam
425 1863 542 1893 salutis
554 1866 589 1892 et
602 1862 679 1893 vitae
693 1872 766 1902 spe,
785 1867 946 1902 parantur

251 1920 325 1951 quae
355 1911 397 1942 ad
428 1911 546 1942 funera
572 1916 732 1952 spectant
756 1917 789 1943 et
816 1922 945 1952 rogum.

251 1960 397 1992 Str-uitur
408 1961 562 2002 Libitina]
578 1962 665 1993 Dum
681 1967 822 2002 paratur
838 1972 947 2002 rogus.

253 2011 405 2042 Libitina
421 2013 495 2043 Dea
509 2013 728 2052 sepulchralis
743 2017 779 2043 et
791 2011 947 2043 funerum

252 2071 388 2101 praeses.
411 2062 528 2102 Epigr.
542 2065 595 2094 43.
611 2063 670 2093 lib.
682 2065 711 2094 8.
725 2072 811 2093 vers.
826 2065 857 2093 4.
882 2063 947 2093 Ρα-

250 2112 341 2152 pyro]
375 2112 534 2143 Lectulus
565 2111 681 2144 feralis
712 2113 831 2153 priscis
861 2114 948 2143 altus

253 2161 320 2194 fuit
343 2167 379 2194 et
402 2162 565 2199 sublimis,
589 2164 776 2204 praesertim
801 2164 947 2194 lautiori-

252 2212 334 2250 bus;
351 2212 466 2253 itaque
482 2213 612 2253 pulvini
629 2223 758 2254 papyro
774 2219 809 2244 et
826 2220 949 2245 tomeu-

253 2267 288 2294 to
305 2262 383 2293 farti
405 2262 597 2303 turgebant.
642 2263 712 2294 Alii
735 2270 876 2295 censent
893 2274 948 2304 pa-

255 2323 374 2353 pyrum
389 2313 472 2353 ligni
487 2322 561 2343 esse
578 2314 739 2353 speciem.
769 2314 856 2344 Vide
870 2314 947 2354 Epi—

252 2375 391 2405 gramm.
407 2368 459 2396 34.
478 2365 536 2397 lib.
552 2367 583 2396 8.
602 2375 690 2396 vers.
709 2367 760 2396 14.

297 2418 316 2445 2
340 2415 519 2456 Myrrham,
531 2415 598 2455 &ej
622 2415 786 2447 Aromata
802 2425 883 2456 rogo
900 2415 948 2446 in-

252 2466 415 2505 jicienda,
439 2471 475 2498 et
497 2467 625 2498 ossibus
646 2467 882 2508 cineribusque
900 2477 950 2498 ur-

256 2526 307 2546 nae
326 2515 413 2547 datis
429 2517 613 2548 miscenda.
638 2518 754 2558 Epigr.
769 2521 822 2548 26.
837 2527 948 2557 supra.

297 2570 315 2596 3
340 2567 466 2607 scrobe]
483 2568 681 2607 Sepulchro,
698 2568 837 2598 tumulo.
874 2568 948 2598 Lec-

255 2618 299 2656 to]
324 2617 446 2654 Ferali‚
467 2627 532 2657 qno
548 2615 739 2648 efferendus
755 2623 837 2648 erat.
882 2619 950 2648 De-

256 2668 360 2696 clarat
375 2677 455 2707 ergo
474 2667 593 2705 Po'e'ta,
612 2667 755 2698 Numam
776 2668 848 2707 jam
873 2677 949 2698 con-

257 2717 434 2747 dannatum
458 2723 492 2747 et.
516 2717 704 2756 depositum
721 2716 833 2748 fuisse.
880 2719 950 2748 Pol-

256 2768 382 2797 [autore
397 2768 520 2807 partito}
543 2769 763 2809 Νεκραλείπτῃ,
780 2769 835 2809 qui
853 2769 948 2800 cada-

695 212 832 242 No'rAE
869 210 1130 241 vARloRUM
1169 211 1215 239 ΙΝ

987 313 1045 333 ver
1062 304 1149 334 lavat
1164 308 1198 334 et
1214 304 1318 342 ungit.

1036 354 1140 384 Eme.
1165 362 1292 384 xcvm.
1328 356 1341 384 1
1369 353 1472 384 Addat
1503 352 1677 392 Caecubum]

985 403 1184 443 Temperet,
1199 402 1363 433 effundat.

1027 456 1046 484 2
1062 454 1158 492 Idoeo,
1173 452 1241 493 Sym]
1256 453 1477 493 Ganymede3
1494 453 1610 493 Epigr.
1627 456 1680 484 43.

984 503 1041 535 lib.
1057 507 1089 534 2.
1106 513 1194 535 vers.
1211 506 1261 535 13.

1026 558 1045 584 5
1059 552 1285 593 Sliectem,85·c·.]
1301 553 1389 584 Vide
1401 553 1498 594 Epig.
1513 556 1567 584 26.
1579 552 1637 583 lib.
1649 556 1680 584 9.

1027 607 1047 634 6
1082 605 1220 643 Citrum,
1246 603 1313 643 θα]
1346 604 1493 634 Citream
1521 613 1682 642 mensam,

987 664 1085 694 quam
1099 654 1236 684 eburnei
1249 655 1417 685 sustinent
1428 653 1545 695 pedes:
1565 653 1681 694 Epigr.

987 707 1038 736 43.
1054 704 1111 736 lib.
1127 708 1159 735 2.
1175 714 1259 735 vers.
1275 707 1306 735 9.

1031 759 1049 786 8
1073 755 1199 785 Proesta
1213 756 1250 785 de
1261 764 1368 794 grege,
1383 754 1450 794 mn]
1475 754 1607 785 Praesta
1623 754 1682 784 mi-

990 805 1110 834 nim-os
1130 804 1287 835 incultos.

1036 857 1070 884 ll
1098 854 1204 884 Pudor
1226 854 1286 892 ιἰἱε,
1309 854 1378 893 hya]
1413 854 1488 885 Quo
1508 853 1613 884 videri
1634 854 1680 883 vis

990 910 1092 945 atque
1109 905 1225 936 baberi
1240 904 1393 944 pudicus.

1045 958 1084 986 12
1116 955 1198 992 Hos,
1226 955 1292 994 ssa]
1324 954 1470 986 Pudicos
1498 960 1532 985 et
1563 959 1685 994 castos,

991 1007 1106 1047 quales
1121 1005 1230 1045 fingis.

1033 1058 1138 1088 Epic..
1155 1065 1253 1087 xcrx.
1275 1056 1309 1087 Si
1326 1056 1399 1087 haec
1413 1054 1684 1094 Socratisimago

992 1108 1141 1138 Romano
1158 1107 1252 1137 cultu
1266 1104 1495 1146 effingeretur,
1518 1109 1611 1136 certe
1641 1105 1682 1134 ad

993 1158 1103 1188 vivum
1133 1157 1343 1197 exprimeret
1370 1155 1571 1196 gravitatem
1600 1154 1684 1186 Julii

993 1208 1087 1247 Rufi,
1116 1208 1223 1249 qualis
1252 1207 1426 1238 deridetur
1453 1216 1472 1236 a
1498 1206 1685 1245 Satyricis3

994 1259 1059 1297 vel,
1079 1259 1135 1299 qui
1159 1257 1265 1289 refert
1286 1258 1464 1298 Satyrum:
1489 1266 1632 1297 namque
1651 1262 1685 1287 et

993 1309 1149 1340 Socrates
1161 1307 1223 1339 fuit
1234 1317 1317 1338 naso
1330 1308 1411 1338 simo
1424 1311 1458 1337 et
1470 1307 1574 1338 oculis
1588 1305 1685 1336 cmis-

993 1359 1087 1398 sitiis,
1111 1360 1226 1390 Sileno
1249 1357 1337 1388 haud
1362 1357 1535 1397 absimilis,
1557 1358 1608 1388 uti
1630 1356 1686 1387 de-

994 1409 1151 1440 scribitur
1174 1419 1193 1440 a
1217 1409 1363 1440 Platone
1381 1412 1416 1438 et
1432 1407 1686 1448 Xenophonte:

994 1460 1063 1489 vel:
1088 1459 1123 1490 Si
1138 1459 1208 1490 liaec
1224 1459 1372 1490 Socratis
1388 1458 1497 1497 imago
1512 1458 1606 1488 cultu
1624 1457 1689 1487 Ro-

994 1518 1092 1539 mano
1108 1518 1268 1549 expressa
1293 1514 1394 1545 esset,
1424 1513 1537 1548 posset
1553 1505 1688 1547 quidem

994 1559 1109 1589 haberi
1126 1568 1186 1599 pro
1201 1558 1311 1599 effigie
1327 1558 1409 1590 Julii
1430 1557 1517 1596 Rufi,
1537 1567 1612 1598 quae
1631 1566 1688 1597 po-

993 1609 1060 1640 sita
1082 1614 1135 1640 est
1161 1609 1193 1639 in
1218 1609 1365 1648 Satyris,
1388 1609 1461 1639 loco
1485 1607 1629 1648 quodam
1655 1607 1687 1637 in

996 1670 1077 1693 vul.
1103 1662 1253 1702 Regione
1278 1662 1392 1702 Urbis,
1417 1661 1472 1692 ubi
1489 1664 1688 1701 spectantur

993 1715 1024 1743 4.
1048 1713 1247 1753 Satyrorum
1271 1713 1442 1752 imagines.
1476 1712 1546 1742 Pet.
1571 1711 1686 1742 Scrive-

993 1762 1070 1794 rius.

1039 1814 1143 1845 ΕΡιῦ.
1160 1822 1189 1844 c.
1211 1815 1230 1844 2
1248 1813 1422 1852 Litigante,
1441 1811 1510 1852 Bra]
1534 1812 1601 1844 Qui
1629 1811 1689 1843 tibi

996 1864 1091 1895 litem
1105 1864 1307 1903 intendit‚et
1319 1868 1438 1895 contra
1450 1870 1483 1894 te
1494 1863 1588 1901 dicit,
1604 1865 1613 1881 ‘
1623 1863 1690 1893 Fur

997 1922 1032 1943 es
1047 1912 1068 1943 z'
1094 1919 1129 1943 ut
1145 1914 1262 1953 Epigr.
1278 1916 1331 1944 54.
1348 1913 1403 1944 lib.
1420 1916 1449 1943 1.
1466 1923 1549 1944 vers.
1567 1916 1617 1943 ll.

1040 1966 1058 1994 3
1085 1964 1167 1999 Quid
1181 1974 1379 2003 congregare,
1393 1963 1460 2003 ira]
1491 1963 1580 1995 Quid
1599 1963 1689 1994 nobi-

999 2012 1098 2052 libus,
1123 2015 1231 2053 claris,
1257 2014 1398 2054 altisque
1414 2013 1626 2044 Carminibus
1643 2013 1691 2042 in-

997 2063 1081 2093 seris
1099 2063 1275 2103 ignobiles,
1293 2064 1499 2102 tenebrosos,
1514 2069 1549 2093 et
1564 2063 1692 2093 claudi-

997 2117 1116 2143 cantes
1133 2122 1248 2143 versus
1264 2114 1360 2144 tuos?
1381 2113 1586 2153 Hujusmodi
1602 2122 1691 2143 corn-

998 2163 1193 2202 parationes
1215 2163 1246 2193 in
1267 2162 1383 2193 eodem
1400 2168 1599 2203 argumento
1615 2163 1691 2193 vide

1000 2213 1114 2253 Epigr.
1131 2217 1182 2243 55.
1198 2218 1231 2244 et
1244 2216 1296 2244 73.
1313 2213 1368 2243 lib.
1388 2216 1416 2244 1.

1040 2266 1057 2292 5
1086 2263 1209 2293 Habeas
1233 2262 1349 2301 licebit,
1375 2264 1443 2303 Qua]
1478 2263 1555 2294 Non
1582 2264 1690 2303 magis

999 2313 1154 2343 convenit
1171 2313 1382 2344 Carminibus
1407 2313 1488 2343 meis
1514 2323 1588 2346 cum
1614 2313 1693 2350 tuis,

1000 2372 1098 2404 quam
1116 2364 1141 2393 si
1167 2364 1240 2404 quis
1256 2363 1397 2394 haberet
1413 2364 1552 2394 alterum
1571 2362 1691 2404 pedem

999 2414 1221 2455 pernicissimi
1247 2414 1389 2444 cursoris
1412 2413 1526 2454 Ladae,
1548 2414 1691 2444 alterum

997 2465 1153 2505 ligneum.
1176 2463 1278 2494 Ladae
1294 2464 1507 2494 velocitatem
1521 2463 1693 2494 celebrant

1000 2515 1185 2545 Pausanias
1205 2515 1237 2545 in
1255 2514 1406 2546 Corinth.
1424 2519 1460 2545 et
1476 2514 1601 2545 Arcad.
1629 2514 1692 2554 Ep.

999 2568 1028 2596 4.
1049 2565 1228 2604 Antholog.
1243 2565 1399 2597 Juvenal.
1413 2565 1485 2596 Sat.
1505 2568 1555 2595 13.
1572 2565 1632 2595 διο.

1044 2615 1146 2645 EPiG.
1163 2623 1209 2645 ct.
1234 2615 1269 2645 Si
1291 2615 1471 2644 reviviscat
1487 2614 1609 2652 Galba,
1633 2618 1690 2644 no—

1001 2666 1076 2697 bilis
1102 2666 1158 2696 ille
1187 2666 1273 2696 Caes.
1298 2665 1442 2703 Augusti
1468 2674 1595 2702 scurra,
1627 2664 1690 2703 Ep.

1000 2721 1050 2748 42.
1069 2717 1125 2748 lib.
1144 2721 1169 2747 1.
1186 2726 1270 2747 vers.
1290 2719 1336 2746 12.
1351 2715 1484 2755 ctjocis
1499 2715 1690 2754 salibusque

1000 2777 1073 2797 enm
1101 2766 1290 2805 Capitolino
1319 2764 1515 2803 contendat,
1547 2764 1691 2794 rusticus
