1866 3131
224 177 332 217 1148
687 187 826 216 NO‘rAE

220 282 348 321 Vestis,
363 281 403 312 ab
419 282 530 322 ἴανθον,
553 281 642 324 quod
656 282 804 313 colorem
822 281 917 313 violae

222 332 413 372 praeferret.

264 384 370 415 Eme.
386 394 440 416 xz.
478 388 493 415 1
525 385 583 416 Uri
598 385 771 426 Tongilius,
784 384 851 426 Era]
875 384 916 415 In

220 435 373 474 gulosum
387 435 575 476 Tongilium
589 436 741 467 morbum
761 435 917 466 simulan-

220 492 287 516 tem
299 486 470 518 invehitur
482 486 702 526 facetissime,
727 487 782 528 qui
800 495 917 517 causa-

220 540 273 566 tus
289 536 546 577 hemitritaeum,
562 538 722 579 quicquid
747 536 916 568 esculenti

219 591 254 616 et
281 588 452 627 potulenti
479 589 678 629 appetebat,
703 587 918 628 impudenter

219 636 408 679 flagitabat,
432 639 474 670 ab
506 639 636 671 amicis.
668 639 791 670 Ramir.
841 637 916 677 Uri]

219 690 281 720 Est
304 690 392 720 euim
404 689 510 721 febris
534 689 671 731 πυρετός.
697 686 916 726 Hemitrz'taeo]

218 739 473 771 Semitertiana.

261 792 281 820 2
309 790 429 827 Esurit,
451 789 517 830 ἐξα]
543 790 688 822 Simulat
703 799 738 820 se
759 788 846 819 male
860 787 917 818 ha·

218 841 311 880 bere,
337 850 403 882 quo
424 841 549 872 lautius
573 844 731 870 vescatur
748 838 855 869 turdis
883 843 918 868 et

218 891 343 931 mullis,
360 896 460 932 atque
477 892 604 932 optima
620 890 716 921 bibat
739 890 830 927 vina,
858 888 917 919 sed

220 943 343 973 colata.
389 942 464 973 Siclc
472 942 528 980 for
541 953 559 972 a
575 942 693 979 caudle,
716 950 749 970 or
765 950 783 970 α
797 942 917 979 posset.

261 995 279 1023 3
304 992 452 1030 Subdola,
462 992 532 1033 ἐγω]
549 992 694 1032 Elegans
712 989 919 1029 Metaphora

219 1043 259 1073 ab
277 1043 463 1083 aucupibus
489 1047 636 1083 sumpta,
660 1041 716 1082 qui
741 1041 828 1071 retia
846 1046 918 1071 ten-

217 1094 304 1125 dunt
329 1094 370 1124 ad
387 1094 576 1134 captandas
593 1091 763 1130 aviculas3
788 1092 835 1122 sic
853 1092 918 1121 iste

218 1144 366 1184 gulosus,
405 1145 512 1176 morbi
546 1144 762 1175 simulatione
797 1146 918 1181 captat

219 1195 337 1226 turdos
363 1201 398 1226 et
415 1196 555 1226 delicias
573 1195 714 1236 piscium
739 1193 781 1224 ab
804 1192 918 1223 amicis

216 1246 409 1278 mittendas.

259 1302 276 1328 5
305 1298 486 1336 Saccentur,
513 1295 654 1336 quoeque]
679 1293 919 1331 Defoecentur,

216 1347 401 1388 liquantur,
424 1347 499 1378 colo
515 1346 811 1383 transmittantur3
836 1343 917 1374 sicl.

218 1403 269 1431 12.
294 1409 350 1439 ep.
368 1401 420 1430 61.
449 1400 458 1416 ‘
476 1399 627 1430 Turbida
650 1397 784 1428 solicito
811 1401 917 1426 trans-

216 1451 354 1481 mittere
371 1450 511 1481 caecuba
535 1448 658 1481 sacco!
702 1447 814 1479 Poeta
829 1446 917 1477 enim

218 1501 273 1532 hic
305 1500 375 1541 agit
399 1501 440 1531 de
471 1500 631 1540 Tongilio
663 1498 788 1530 febrim
816 1498 916 1528 simu·

217 1552 323 1590 lante,
353 1551 431 1581 liuic
458 1555 573 1581 autem
605 1551 716 1580 vinum
745 1554 917 1580 saccatum

218 1602 332 1641 aptius
358 1602 430 1640 illo,
454 1602 507 1631 cui
538 1601 692 1631 sacculus
727 1600 806 1630 nihil
824 1598 917 1629 dem-

216 1654 271 1685 sit.
316 1653 439 1693 Itaque
458 1652 628 1693 duplicem
657 1661 676 1682 a
700 1650 811 1682 Poeta
831 1650 917 1680 Tou-

217 1704 288 1744 gilii
306 1705 416 1744 gulam
446 1703 643 1744 perstringi,
670 1712 771 1733 unam
803 1702 917 1732 vinum

217 1755 454 1795 adpetentem,
472 1756 615 1785 alteram
634 1763 699 1784 non
713 1752 917 1784 cuicuimodi

216 1806 342 1844 vinum,
366 1805 425 1835 sed
452 1809 638 1843 saccatum,
663 1803 753 1844 quod
775 1812 918 1833 summa-

218 1866 289 1886 rum
305 1855 504 1887 deliciarum
530 1859 594 1885 est.
642 1854 794 1894 Cumque
816 1852 920 1892 poeta

219 1906 308 1937 sacci
325 1911 361 1936 et
378 1905 473 1945 parci
499 1904 580 1934 vitri
598 1904 803 1934 mentionem
823 1901 922 1940 facit,

218 1958 381 1989 decorum
400 1961 515 1987 servat
530 1956 562 1985 iu
580 1964 725 1995 persona
741 1954 919 1984 simulante

217 2008 352 2040 febrim.
387 2006 593 2038 Musambert.
618 2006 728 2036 Annus
740 2005 823 2035 coxit
843 2004 918 2044 Opi-

216 2059 274 2100 mi]
298 2058 385 2090 Vide
402 2058 510 2098 epigr.
523 2060 574 2088 27.
598 2057 621 2086 l.
642 2060 670 2087 1.
699 2065 787 2086 vers.
804 2058 833 2086 5.

260 2114 280 2140 6
305 2109 516 2148 Par-cosmed,
537 2108 604 2148 Sym]
627 2106 778 2142 Modico,
803 2115 917 2146 parvo.

218 2166 362 2201 propter
379 2159 561 2190 Falernum
585 2158 800 2193 indomitum,
829 2156 918 2196 quod

219 2221 284 2242 non
302 2214 436 2252 poterat
452 2211 547 2249 large
564 2209 663 2247 sumi,
686 2208 825 2248 aegrotis
860 2207 918 2237 mi-

217 2263 305 2292 nime
337 2260 588 2297 conveniebat3
614 2264 671 2289 aut
700 2268 741 2288 ex
773 2268 918 2298 persona

217 2311 406 2352 hypocritae
425 2310 546 2351 aegroti
570 2309 784 2340 extenuantis
803 2309 917 2350 petiti-

218 2372 326 2394 onem.

261 2416 277 2444 7
316 2412 447 2452 Lat-ari]
483 2411 682 2442 Remedium
708 2416 743 2442 et
770 2411 918 2442 medica-

218 2467 368 2493 mentum
387 2461 507 2503 priscis
525 2463 686 2492 usitatum
701 2462 733 2492 in
753 2461 919 2500 febribus,

217 2512 315 2543 nobis
338 2511 420 2543 satis
444 2517 694 2564 praeposterum
709 2518 745 2543 et
755 2512 918 2552 periculo-

220 2573 306 2592 snm.

263 2616 282 2643 S
306 2612 447 2652 Ostulti,
461 2611 529 2652 δῖα]
555 2612 611 2644 Sic
635 2613 658 2643 l.
677 2615 727 2643 11.
745 2613 851 2652 epigr.
867 2614 920 2642 87.

218 2664 226 2679 ‘
248 2663 324 2694 Non
341 2668 392 2694 est
419 2662 491 2693 liaec
512 2662 628 2701 tussis,
644 2662 892 2702 Partlienopoee
910 2672 919 2699 ;

219 2714 296 2754 gula
314 2713 388 2744 est.'

265 2764 365 2794 tir-io.
400 2771 469 2793 xm.
510 2766 519 2793 1
559 2763 650 2801 ΗὶιΙε,
673 2764 829 2801 Pelignus,
847 2764 917 2803 Sta]

862 187 1120 218 x'ARmRL‘M
1160 189 1208 216 ΙΝ

970 281 1188 313 Maximinam
1203 282 1351 313 vetulam
1368 290 1454 322 pene
1470 279 1666 312 edentulam

969 337 1100 370 monet,
1116 341 1158 362 ne
1182 333 1215 362 in
1240 333 1326 363 risus
1353 326 1530 369 solvatur,
1551 330 1600 362 ita
1629 334 1668 361 ut

969 383 1037 413 oris
1054 382 1304 413 deformitatem
1320 382 1465 423 prodat,
1482 381 1541 413 sed
1555 380 1668 422 potius

969 435 1063 465 seriis
1094 440 1129 465 et
1155 436 1316 466 luctuosis
1343 434 1444 465 rebus
1462 433 1608 472 intersit,
1629 436 1668 462 ut

969 483 1099 523 fletum,
1133 495 1198 516 non
1237 485 1338 516 risum
1375 484 1467 516 edat.
1515 483 1668 514 Ramires.

970 536 1068 567 Dom.
1082 535 1284 567 Calderinus
1312 536 1383 567 vult
1410 535 1606 566 Martialem
1623 534 1669 564 al-

970 586 1090 617 lusisse
1117 586 1158 617 ad
1190 592 1401 627 praeceptum
1430 585 1546 617 Ovidii
1569 587 1599 616 3.
1626 584 1669 616 de

971 641 1056 675 arte,
1075 637 1084 653 ‘
1097 637 1262 668 ridentem
1282 635 1512 668 molliaridez’
1537 645 1580 666 ex
1596 635 1670 676 epi-

971 688 1166 727 grammatis
1212 688 1342 726 Ovidii,
1356 698 1429 729 quae
1447 686 1666 724 interierunt,

970 737 1187 779 desumptum
1223 744 1322 779 putat
1366 738 1455 779 Aug.
1478 737 1668 769 Politianus

970 791 1021 818 59.
1038 797 1067 819 c.
1087 791 1116 819 l.
1138 793 1230 820 cent.
1248 790 1381 820 Miscet.
1406 789 1529 820 Potest
1542 787 1617 820 fieri
1634 792 1670 818 et

970 839 1123 869 Martiali
1154 848 1219 869 non
1246 840 1435 870 occurrisse
1464 844 1592 870 certum
1612 848 1669 869 au-

970 889 1074 919 thoris
1101 899 1236 929 nomen,
1267 900 1343 922 cum
1371 890 1464 921 dicat
1489 894 1573 930 puto.
1631 890 1670 920 Si

970 939 1066 980 sapis]
1090 940 1126 971 Si
1157 941 1291 981 placere
1317 941 1427 980 cupis,
1449 940 1518 971 ride
1534 940 1670 971 dixerat

972 991 1074 1023 Ovid.

1013 1045 1031 1073 3
1057 1044 1129 1074 Non
1151 1044 1290 1083 dixerat,
1309 1042 1378 1085 ἔξω]
1402 1043 1481 1075 Non
1510 1041 1670 1075 deformi-

971 1092 1045 1131 bus,
1066 1103 1131 1123 non
1148 1093 1328 1125 edentulis.

1013 1147 1030 1173 ὅ
1059 1144 1134 1174 Non
1149 1143 1195 1183 es]
1218 1143 1286 1174 Sed
1302 1144 1430 1175 vetula.

1011 1195 1030 1224 7
1056 1194 1213 1235 Piceique,
1236 1194 1400 1235 buxeique]
1428 1194 1527 1235 Nigri
1548 1199 1583 1224 et
1595 1193 1669 1225 snb-

970 1243 1099 1283 pallidi,
1124 1244 1218 1285 quasi
1248 1243 1341 1284 flavi,
1365 1244 1485 1275 coloris
1513 1243 1627 1275 buxei.

1012 1296 1052 1324 10
1095 1294 1226 1325 Ventum
1263 1294 1414 1335 Spanius]
1452 1295 1596 1335 Spanius
1634 1299 1671 1326 et

968 1343 1106 1375 Priscus
1139 1346 1386 1387 elegantiorum
1414 1346 1551 1377 nomina
1579 1351 1672 1385 sunt,

968 1405 1106 1435 quorum
1132 1407 1207 1427 cum
1231 1397 1318 1428 alter
1345 1406 1501 1428 numeros
1527 1397 1670 1428 crinium

969 1451 1004 1477 et
1033 1447 1185 1478 ordinem
1211 1447 1403 1487 affectaret,
1419 1452 1558 1479 ventum
1576 1448 1673 1478 time-

970 1497 1043 1529 bat:
1069 1499 1154 1529 alter
1169 1509 1272 1539 quum
1289 1499 1503 1539 politioribus
1522 1497 1671 1529 vestibus

969 1553 1135 1587 uteretur,
1159 1559 1259 1580 manu
1285 1549 1423 1580 nolebat
1447 1549 1549 1589 tangi.
1585 1549 1672 1589 Spa·

968 1599 1041 1629 nius
1066 1609 1146 1640 ergo
1162 1599 1240 1630 ideo
1253 1604 1392 1630 ventum
1404 1599 1530 1630 dicitur
1550 1599 1670 1630 timere

968 1659 1010 1680 ne
1027 1649 1203 1690 dispergat
1229 1651 1384 1690 capillos,
1415 1660 1498 1692 quos
1524 1649 1671 1681 flexerat

969 1700 1195 1731 ‹liduxeratve
1223 1700 1265 1731 ad
1295 1699 1444 1731 frontem
1474 1701 1605 1731 calvam
1623 1706 1672 1731 te-

969 1753 1137 1791 gendam3
1164 1751 1240 1782 vide
1257 1752 1365 1792 epigr.
1381 1754 1434 1782 83.
1458 1752 1481 1782 l.
1502 1754 1551 1782 10.
1598 1751 1671 1781 Ma-

968 1813 1097 1843 numque
1121 1801 1262 1841 Priscus]
1288 1802 1341 1832 Ne
1357 1806 1548 1840 contactus,
1565 1801 1670 1832 vestis

970 1854 1076 1893 plicas
1118 1853 1257 1890 turliet3
1294 1852 1342 1882 sic
1374 1852 1483 1892 epigr.
1507 1855 1560 1883 36.
1600 1853 1669 1882 l.3.

970 1905 978 1919 ‘
997 1904 1105 1934 Pallia
1123 1903 1233 1933 Vicini
1251 1903 1308 1943 qui
1326 1901 1451 1942 refugit
1466 1902 1592 1933 culJiti'
1617 1903 1669 1932 vel

971 1955 1224 1994 prensationem
1264 1951 1403 1991 refugit,
1440 1962 1483 1982 ne
1522 1961 1668 1992 gypsum

971 2011 1107 2035 cretave
1126 2004 1340 2045 proderetur,
1364 2012 1428 2043 qua
1445 2011 1561 2033 manus
1577 2001 1668 2033 deal-

971 2055 1099 2085 basset.

1014 2108 1050 2135 11
1081 2103 1242 2143 Nimbum]
1266 2103 1320 2134 Ne
1338 2108 1431 2133 terra
1448 2102 1532 2133 Chia
1550 2103 1600 2133 vel
1618 2101 1668 2133 fu-

969 2165 1026 2186 cus
1043 2155 1188 2185 eluatur.

1014 2208 1052 2236 12
1076 2205 1192 2245 Solem]
1219 2205 1270 2236 Ne
1292 2215 1311 2235 a
1332 2205 1403 2235 sole
1426 2203 1599 2235 calefacta
1614 2213 1669 2235 ce-

971 2267 1064 2287 russa
1079 2256 1195 2298 (facile
1209 2263 1322 2287 autem
1334 2257 1481 2287 calorem
1494 2254 1664 2297 admittit)

968 2307 1088 2338 faciem
1107 2313 1245 2339 torreat.

1013 2362 1052 2389 14
1068 2359 1167 2394 Quam
1179 2359 1302 2398 conjux,
1315 2357 1384 2399 ssa]
1401 2358 1510 2391 Quam
1524 2358 1669 2390 Hecuba

970 2414 1028 2441 aut
1047 2409 1294 2440 Andromache.

1014 2464 1050 2491 15
1069 2461 1209 2491 Ricliculi
1223 2459 1438 2499 Philistionis]
1457 2461 1667 2492 Γελωτοποιοῦ

969 2511 1061 2541 mimi
1078 2510 1306 2549 celeberrimi,
1332 2513 1387 2552 qui
1414 2516 1448 2542 et
1481 2512 1568 2552 ipse,
1589 2522 1667 2543 cum

970 2562 1106 2592 mimum
1121 2560 1232 2600 daret,
1246 2562 1302 2602 qui
1324 2561 1500 2600 φιλογέλων
1522 2562 1666 2602 inscrip-

971 2618 1024 2643 tus
1037 2616 1102 2647 est,
1124 2612 1192 2641 risu
1211 2612 1352 2642 interiit.

1014 2665 1053 2692 lb·
1069 2662 1224 2701 Nequiora
1233 2662 1313 2701 rita]
1328 2662 1481 2700 Lasciva,
1496 2662 1529 2692 iu
1546 2662 1667 2703 quibus

969 2722 1110 2749 scurrae,
1121 2712 1300 2750 moriones,
1314 2713 1670 2753 sannione>2‚convivia

969 2763 1149 2793 devitabis„
