1866 3131
267 178 380 221 13:38

268 285 390 324 lebrat,
404 295 549 326 eumque
567 295 626 316 suo
644 284 796 326 praefert.

309 340 329 367 5
354 336 526 377 Signandi]
551 336 668 378 Epigr.
684 340 737 368 45.
754 337 814 368 lib.
831 339 863 368 8.
877 346 963 368 vers.

268 390 300 418 2.

310 440 330 468 6
354 437 419 468 Hic
434 438 531 468 vitam
546 437 676 477 tribuit]
713 437 844 470 Natalis
871 447 964 469 mens

267 487 341 518 Cal.
358 489 506 519 Martiis.
549 488 628 528 Hic]
652 489 742 519 Tuus
759 489 876 520 natalis
893 489 965 520 Cal.

266 536 410 578 Aprilis.
456 539 614 579 Amicum]
636 540 697 571 Te.

308 592 327 620 7
351 591 431 621 Plus
446 590 615 631 dant‚ssc.]
655 591 818 622 Amicitia
844 600 966 631 nempe

265 645 325 672 tua
341 642 421 672 mihi
439 642 572 673 charior
588 648 641 673 est
658 643 726 673 vita
743 653 829 673 mea.

309 692 413 725 EPJG.
430 702 499 724 le.
548 697 564 725 1
592 693 704 724 Natali
733 693 804 731 tibi,
831 692 898 732 ἔγρῃ]
924 693 966 722 Ε-

264 742 354 783 pigr.
371 746 424 775 64.
441 743 497 774 lib.
513 748 545 775 8.

307 795 327 824 4
355 794 397 824 Et
413 796 503 834 quod,
518 793 588 834 Era]
627 794 679 825 Ex
695 794 829 825 inverso
856 792 966 825 officio

266 842 403 883 elegans
422 844 641 876 mendicatio.

302 894 967 935 EmesamXaptwaaAmicicelebrat‚et

265 947 411 984 agrestia
425 957 565 978 munera
578 952 728 978 excusat.
753 948 761 964 ‘
775 948 944 979 Charistia
958 947 966 960 ’

265 995 483 1035 dicebantur,
507 1009 608 1039 quum
627 999 811 1040 propinqui
829 999 966 1030 solenne

263 1047 469 1079 adornarent
478 1050 680 1089 convivium,
689 1051 741 1081 cui
751 1055 880 1081 tantuin
892 1059 968 1091 cog-

263 1098 335 1129 nati
359 1098 513 1138 aderant,
530 1100 639 1131 litium
664 1100 908 1141 ponendarum,
932 1106 968 1132 et

266 1150 389 1180 amoris
407 1151 619 1181 instaurandi
633 1151 742 1192 gratia
759 1151 967 1190 institutum,

264 1198 307 1230 de
325 1210 390 1241 quo
408 1201 522 1232 Valer.
540 1202 682 1233 Maxim.
699 1201 785 1232 libro
802 1204 833 1232 2.
851 1201 965 1241 capite

265 1253 295 1282 1.
332 1252 604 1283 Celebrabantur
636 1253 708 1284 haee
740 1256 792 1284 11.
824 1253 966 1284 Calend.

264 1301 421 1333 Martias.
452 1303 596 1335 Ovidius
623 1306 656 1334 2.
692 1304 786 1334 Fast.
821 1303 967 1334 ‘Proxi-

263 1361 318 1383 ma
345 1354 483 1393 cognati
513 1354 631 1385 dixere
663 1354 831 1385 Charistia
863 1354 969 1393 chari,

264 1403 309 1434 Et
332 1405 425 1434 venit
448 1403 490 1435 ad
515 1404 625 1435 socios
654 1404 751 1435 turba
779 1404 968 1445 propinqua

264 1454 377 1486 Deos!

308 1507 325 1535 1
353 1504 391 1535 Si
407 1505 496 1542 mihi,
512 1505 581 1547 ssa]
618 1506 653 1537 Si
670 1505 751 1536 mihi
768 1511 882 1536 essent
898 1510 968 1536 tnr-

264 1555 310 1593 di,
334 1556 390 1596 qui
414 1556 543 1587 Picena
559 1556 648 1586 oliva
665 1556 753 1596 pasti
768 1556 969 1596 pinguesce·

264 1611 342 1636 rent
373 1605 660 1646 ἐλαιοφυλλοφάγοι
689 1616 748 1637 seu
789 1604 970 1645 ἐλαιοφάγοι

264 1657 405 1695 κιχῆλαι,
425 1657 593 1688 Athenaeo
611 1658 669 1688 lib.
686 1660 717 1688 2.
742 1666 816 1698 cap.
832 1659 884 1688 24.
912 1662 971 1688 aut

266 1717 308 1738 ex
322 1708 425 1748 sylvis
440 1707 574 1739 Sabinis
592 1707 686 1739 ferm.

307 1760 325 1788 3
345 1759 526 1799 Crescente]
550 1759 673 1797 Lenta,
683 1756 788 1788 flexili
802 1757 968 1788 arundine

264 1809 467 1848 piscatoria,
484 1809 537 1839 vel
550 1819 624 1850 quae
638 1809 755 1849 praeda
777 1809 888 1848 gravis
906 1813 970 1849 est,

265 1859 319 1889 vel
337 1869 413 1899 quae
442 1859 544 1889 etiarn
572 1859 696 1890 crescit
721 1859 754 1889 in
782 1859 970 1899 longitudi-

262 1918 354 1947 nem,
373 1909 445 1939 aliis
469 1914 570 1949 atque
595 1909 670 1939 aliis
696 1909 805 1939 insitis
834 1909 970 1939 arundi-

265 1958 375 1990 nibus.
393 1959 512 1999 Epigr.
527 1962 603 1990 218.
620 1959 681 1989 lib.
700 1961 751 1990 14.
795 1959 889 1990 Levis
903 1962 967 1989 tra-

263 2009 402 2047 heretur,
418 2009 488 2049 δῖα]
514 2009 569 2040 Ita
586 2009 776 2040 Gruterus:
803 2013 841 2039 nt
864 2009 968 2039 omni-

264 2069 307 2090 no
336 2059 378 2090 de
408 2060 527 2090 avibus
553 2059 782 2099 intelligatur,
812 2064 849 2089 ut
885 2059 968 2099 Epi-

265 2116 454 2151 grammate
485 2110 687 2150 insequente
715 2114 750 2140 et
779 2112 854 2140 218.
880 2109 967 2140 libro

268 2163 319 2192 14.
343 2161 476 2201 rejecta
493 2160 639 2191 lectione
656 2160 747 2199 vulg.
764 2160 860 2190 radis.
889 2160 967 2199 Vel,

264 2216 303 2242 ut
320 2211 473 2242 Raderus
495 2211 658 2251 exponit:
685 2211 693 2227 ‘
709 2210 853 2241 Praeda’
879 2210 966 2241 scili-

265 2267 323 2294 cet
346 2262 539 2300 turdorum,
568 2261 765 2292 traheretur
795 2261 968 2300 arundine,

264 2323 387 2355 nempe
404 2313 531 2345 viscata
543 2323 551 2351 ;
565 2313 573 2329 ‘
586 2312 752 2343 arundine
766 2316 948 2343 crescente
958 2310 966 2324 '

264 2366 373 2405 vadis,
391 2374 465 2405 quae
483 2364 644 2405 provenit
660 2364 744 2394 locis
772 2363 968 2402 uliginosis;

263 2417 355 2448 unde
378 2418 386 2434 ⁴
399 2415 542 2448 fluvialis
557 2415 709 2446 arundo.'
739 2416 783 2446 Et
796 2414 965 2446 Gruterus

265 2468 365 2506 (licit,
396 2466 577 2498 ‘trahere'
611 2467 666 2497 hic
698 2472 831 2504 notare,
859 2470 965 2496 attra-

263 2521 358 2558 here,
385 2529 444 2550 seu
473 2518 663 2549 detrahere.
707 2517 808 2548 Silius
834 2518 893 2549 lib.
913 2520 964 2548 14.

265 2579 354 2600 vers.
371 2572 445 2600 263.
471 2570 479 2585 ‘
495 2568 579 2599 caelo
603 2567 748 2598 traxisse
771 2567 967 2599 volucrem!

264 2621 348 2651 Tum
366 2620 520 2660 sequitur
539 2618 732 2658 Implicitus]
750 2618 964 2658 Peripln‘asis

266 2672 427 2712 aucupii3
450 2670 588 2701 viscosis
604 2670 692 2700 enim
713 2670 813 2710 virgis
830 2670 966 2711 capitur

267 2723 350 2752 avis.

311 2775 327 2802 4
354 2772 500 2811 Pinguis,
515 2771 586 2810 Sym]
611 2771 747 2803 Viscata
761 2771 899 2803 arundo.

735 189 874 220 NOTAE
911 189 1173 220 VARIORUM
1211 189 1258 219 ΙΝ

1061 290 1079 316 5
1107 286 1188 316 Cara
1203 287 1302 325 daret,
1318 284 1386 326 &cd
1420 285 1459 317 In
1475 286 1527 317 his
1544 286 1717 318 Charistiis

1020 337 1071 367 vel
1089 336 1208 368 Charis
1225 342 1442 376 cognatorum
1467 336 1639 378 (convivio
1656 339 1718 368 sci-

1018 388 1097 418 licet
1114 388 1243 419 solenni
1266 388 1319 419 cui
1348 387 1469 418 adsunt
1491 387 1628 427 cognati
1644 393 1718 418 tan-

1018 442 1102 474 tum,
1118 438 1273 477 symbola
1291 437 1528 477 conjicientes.
1575 437 1719 468 Ovidius

1017 491 1048 519 2.
1074 488 1166 519 Fast.
1184 493 1219 519 et
1235 488 1350 519 Valer.
1360 487 1502 518 Maxim.
1519 487 1577 518 lib.
1595 490 1625 518 2.
1644 497 1719 527 cap.

1018 537 1065 578 1.)
1089 539 1261 569 mitterem
1282 538 1343 569 tibi
1367 547 1497 569 munus.
1545 537 1721 578 Epigram-

1017 594 1107 619 mate
1124 589 1291 627 sequenti.

1060 642 1079 669 8
1108 641 1221 671 Vernut
1237 639 1328 680 ager]
1365 639 1505 671 calend.
1524 639 1611 669 enim
1628 639 1721 670 Mar-

1019 690 1075 721 tiis
1092 691 1355 722 celebrabantur
1371 691 1445 721 liaec
1461 690 1642 720 Charistia.

1061 744 1098 772 ll
1124 743 1312 772 Marium-ula
1328 740 1438 781 curtis]
1474 740 1650 781 Epigram.
1666 742 1720 772 31.

1017 792 1076 823 lib.
1093 796 1124 824 7.
1144 803 1228 825 vers.
1248 797 1277 824 l.
1295 796 1323 824 1.
1341 796 1404 824 &c-

1067 847 1104 874 12
1129 844 1219 884 Soepe
1233 844 1424 884 propinquus
1439 841 1516 882 eris]
1553 841 1719 873 Pluribus

1020 895 1139 924 annuis
1168 893 1287 924 festis:
1322 895 1376 924 vel
1405 894 1532 934 pluries
1564 893 1598 924 in
1629 902 1715 924 anno

1019 954 1148 975 mecum
1167 945 1340 983 coenabi53
1366 950 1425 975 aut
1451 954 1541 985 s'aepe
1571 944 1649 983 tibi,
1665 954 1719 975 ve·

1019 996 1070 1026 lut
1087 996 1290 1037 propinquo,
1307 996 1390 1026 talia
1405 995 1551 1026 mittam.

1062 1047 1258 1078 Epic.tv1.
1295 1047 1346 1078 Ad
1376 1046 1538 1087 Flaccum]
1564 1045 1721 1083 Po'etam,

1018 1100 1073 1139 qui
1092 1098 1230 1138 scripsit
1247 1098 1493 1139 Argonautica.

1062 1150 1188 1179 Facete
1205 1154 1346 1180 excusat
1364 1149 1395 1179 in
1413 1148 1603 1188 Charinus,
1624 1147 1719 1178 nulla

1019 1199 1142 1230 Flacco
1180 1204 1238 1230 aut
1276 1199 1392 1230 Stellae
1431 1199 1521 1229 mitti
1557 1207 1721 1236 inunera;

1017 1258 1170 1278 caussam
1197 1248 1326 1287 adfert,
1352 1258 1394 1279 ne
1419 1248 1573 1279 offendat
1595 1248 1723 1288 plureS‚

1018 1299 1097 1329 dum
1130 1299 1247 1339 paucis
1277 1304 1407 1329 tantum
1434 1303 1533 1338 parat
1565 1308 1718 1329 munera.

1018 1350 1129 1389 Igitur
1155 1351 1260 1388 nulla,
1282 1349 1404 1390 inquit,
1429 1349 1532 1388 dabo,
1559 1354 1595 1380 nt
1609 1350 1720 1379 nullus

1019 1410 1108 1439 aegre
1125 1399 1235 1438 ferat3
1259 1401 1360 1431 credo
1378 1400 1524 1431 Poetam
1547 1401 1639 1430 nulla
1662 1400 1718 1430 lia-

1018 1450 1142 1490 buisse‚
1183 1451 1250 1481 imo
1298 1451 1514 1481 desiderasse
1552 1451 1594 1481 ab
1634 1451 1720 1482 aliis.

1019 1501 1101 1532 Rud.

1063 1555 1079 1584 l
1104 1553 1186 1584 Luce
1208 1554 1464 1594 propinquorum,
1490 1552 1560 1593 ὅκῃ]
1599 1552 1718 1594 Epigr.

1019 1603 1173 1643 proxime
1192 1604 1403 1644 praecedent.
1424 1613 1512 1634 vers.
1527 1608 1558 1635 5.

1062 1657 1082 1684 2
1106 1654 1213 1685 Stellae
1230 1657 1348 1692 turdos,
1361 1654 1430 1695 Era]
1453 1653 1640 1692 Poetae‚de
1654 1664 1720 1695 quo

1020 1705 1139 1745 Epigr.
1155 1709 1186 1737 8.
1206 1706 1264 1736 lib.
1278 1709 1307 1737 l.
1324 1708 1387 1737 Sec.

1061 1759 1080 1787 3
1098 1758 1293 1797 Onerosaque
1309 1757 1416 1797 turba]
1440 1756 1635 1789 Amicorum
1653 1761 1723 1788 tur-

1019 1806 1073 1846 ba,
1101 1808 1219 1849 quibus
1244 1808 1399 1838 omnibus
1426 1818 1564 1839 munera
1581 1809 1721 1840 mittere

1017 1858 1097 1888 mihi
1113 1857 1205 1889 foret
1219 1867 1413 1890 onerosum.

1061 1911 1078 1939 5
1104 1908 1306 1939 Demeruisse
1320 1909 1409 1949 duos]
1444 1908 1619 1940 Beneficio
1640 1909 1722 1940 mihi

1019 1958 1203 1988 conciliare
1221 1964 1255 1989 te
1272 1959 1459 1990 etStellam
1478 1960 1644 1990 volebam.

1060 2012 1078 2039 7
1103 2009 1263 2049 Mer-ebor]
1289 2010 1449 2050 Respicit
1464 2011 1506 2041 ad
1524 2010 1613 2051 quod
1626 2010 1720 2051 prius

1017 2058 1152 2089 dixerat
1173 2059 1182 2074 ‘
1196 2058 1440 2091 Demeruisse?

1059 2111 1078 2139 8
1104 2110 1171 2139 Nec
1195 2108 1304 2140 Stellae
1322 2111 1441 2149 turdos,
1469 2109 1538 2150 εμπ]
1568 2109 1626 2141 Ita
1652 2119 1715 2141 nec

1019 2169 1080 2190 vos·
1092 2159 1156 2190 sibi
1172 2161 1334 2200 praelatos
1353 2166 1540 2201 querentur
1554 2160 1685 2192 caeteri.

1061 2211 1168 2242 Eme.
1182 2220 1270 2243 Lvu.
1296 2215 1311 2242 1
1327 2211 1580 2252 Spendophorus]
1604 2212 1718 2244 Domi-

1017 2262 1102 2293 tiani
1121 2267 1196 2302 tyro
1213 2262 1246 2292 in
1264 2261 1418 2293 Africam
1436 2262 1663 2303 profecturus.

1059 2315 1079 2344 2
1105 2312 1190 2352 Tela,
1224 2313 1357 2353 Cupido,
1386 2313 1480 2354 pura]
1515 2314 1589 2345 Tua
1614 2323 1718 2345 arma.

1015 2363 1024 2380 ‘
1043 2362 1165 2394 Altera
1182 2363 1250 2394 tela
1266 2373 1380 2402 arcus,
1393 2365 1504 2395 altera
1515 2364 1584 2395 tela
1599 2363 1719 2395 faces.’

1057 2416 1077 2445 6
1103 2414 1213 2454 Tutus,
1232 2413 1302 2454 ἔγω]
1328 2414 1478 2445 Illaesum
1502 2419 1538 2444 et
1561 2424 1579 2444 a
1602 2414 1722 2445 vulne·

1017 2466 1109 2497 ribus
1131 2466 1312 2497 immunem
1332 2466 1509 2507 praestabit
1526 2475 1614 2505 eum,
1630 2466 1718 2497 iner-

1017 2518 1078 2548 mis
1102 2517 1262 2558 undique,
1289 2516 1398 2548 forma
1422 2527 1482 2548 sua
1507 2522 1543 2548 et
1571 2517 1717 2558 pulchri·

1016 2568 1110 2599 tudo.

1058 2621 1075 2649 7
1105 2618 1177 2649 Non
1194 2617 1313 2656 jaculo,
1336 2617 1406 2657 estu]
1430 2618 1598 2658 Meleagri
1615 2617 1716 2650 filius,

1016 2679 1114 2712 quem
1138 2668 1246 2700 forma
1271 2680 1290 2700 a
1317 2670 1455 2700 vulnere
1482 2667 1713 2700 defendebat:

1015 2724 1023 2738 ‘
1043 2719 1150 2762 qualis
1167 2719 1328 2759 bellijam
1356 2718 1487 2750 casside
1511 2718 1612 2748 missa
1635 2718 1718 2749 Par-

1015 2772 1212 2811 thenopaeus
1251 2768 1349 2800 erat.'
1394 2767 1516 2809 Papiu.
1555 2768 1647 2808 Sylv.
1686 2771 1717 2801 4.
