1866 3131
222 177 334 219 3198

220 285 291 325 fisa]
309 285 427 316 Litora
441 283 599 324 myrtetis
624 282 831 323 gratissima:
849 281 920 312 ido-

221 347 286 368 nea
301 336 404 367 etiam
422 335 462 366 ad
475 333 664 366 connubia:
689 334 815 374 nuptiis
831 333 920 364 enim

222 391 348 428 praeest
371 387 502 426 Venus,
528 389 564 416 et
583 389 714 426 myrtus
737 394 832 416 sacra
853 385 920 415 Ve-

221 439 306 470 neri.

265 491 284 519 8
309 489 453 528 Tamque,
478 486 548 527 Sym]
573 485 697 528 ‘Sique
723 485 816 516 voles
840 488 921 526 apte

220 540 361 578 nubere,
374 538 464 570 nube
481 537 575 579 pari.’

264 592 284 620 9
308 589 446 629 Diligat,
476 587 544 629 ξω]
574 586 660 618 Vide
691 585 833 618 Ausonii
858 586 923 626 Ep.

221 644 274 673 18.

264 693 366 724 Eme.
385 700 463 723 xlv.
484 690 538 721 Aa
567 688 696 728 Silium]
730 687 842 719 Mittit
865 695 924 717 sua

220 744 369 776 carmina
387 743 427 774 ad
445 742 561 773 Silium
582 740 754 776 Italicum,
770 737 922 769 celeber-

220 795 343 826 rimum
358 792 483 824 Punici
508 790 651 822 secundi
674 788 755 819 belli
777 788 924 828 scripto-

222 855 307 884 rem,
329 844 386 886 qui
409 842 535 875 Consul
552 842 680 878 Romae,
699 839 733 869 in
747 837 830 868 Asia
845 847 923 878 pro·

222 896 340 927 consul
357 894 442 926 fuit:
468 893 623 934 petitque
644 890 686 921 ab
711 899 764 929 eo,
783 888 922 919 laudato

222 947 327 987 prius,
350 950 387 977 ut
411 944 562 985 deponat
578 941 797 973 severitatem
818 939 860 971 ad
876 940 924 970 le-

223 996 352 1036 gendos
364 995 509 1026 lascivos
520 993 650 1024 libellos
663 1003 671 1031 ;
683 990 826 1022 suadere
837 990 878 1022 ad
889 990 923 1021 id

222 1046 489 1078 Saturnaliorum
505 1044 590 1075 dies.
614 1043 771 1074 Ramires.

269 1102 283 1128 1
317 1096 397 1136 Sili]
420 1095 543 1132 Po‘eta,
567 1094 611 1125 (le
640 1103 706 1135 quo
733 1091 809 1123 vide
832 1090 924 1122 Plin.

221 1149 303 1181 Jun.
334 1147 444 1188 Epist.
473 1149 505 1178 7.
535 1144 594 1176 lib.
625 1147 656 1176 3.
691 1147 727 1174 et
759 1142 925 1173 Nostrum

224 1199 344 1240 Epigr.
369 1201 422 1229 64.
438 1197 495 1228 lib.
510 1199 540 1227 6.
556 1200 593 1226 et
608 1194 727 1236 Epigr.
745 1196 798 1225 62.
819 1192 876 1224 lib.
892 1195 924 1223 7.

224 1254 259 1279 et
270 1252 323 1279 51.
341 1248 399 1279 lib.
414 1250 467 1278 11.
493 1245 696 1284 Castalidum,
716 1243 784 1283 Cyon]
808 1242 923 1273 Musa-

224 1309 298 1330 rum
320 1297 611 1339 frequentantium
626 1294 757 1325 fontem
781 1293 814 1323 in
837 1292 925 1323 radi-

224 1349 318 1380 cibus
329 1347 503 1385 Parnassi,
518 1346 551 1377 in
576 1355 676 1386 quein
693 1343 843 1376 Castalia
861 1343 925 1373 vir-

225 1411 279 1441 g0‚
296 1400 487 1441 Apollinem
503 1396 647 1437 fugiens,
659 1405 760 1426 versa
776 1398 839 1425 est.

266 1454 286 1482 2
319 1451 383 1486 Qui
410 1449 559 1490 perjuria,
585 1446 652 1488 ἕξει]
684 1445 751 1478 Qui
781 1443 862 1475 forti
891 1447 926 1474 et

224 1511 347 1533 sonoro
367 1502 465 1542 epico
489 1498 638 1530 carmine
660 1496 780 1527 scribis
801 1494 926 1525 bellum

223 1553 391 1584 Punicum
408 1549 604 1582 secundum.
649 1546 748 1580 Quod
766 1555 850 1586 opus
870 1554 926 1575 ex-

225 1608 287 1635 tat.
323 1602 421 1633 Poeni
447 1606 562 1632 autem
586 1606 720 1639 semper
744 1595 928 1636 foedifragi,

225 1653 373 1684 crudelis
386 1651 548 1683 Hanibal.

267 1708 287 1735 4
315 1704 467 1743 Lei-esque
495 1700 620 1741 Poenos]
650 1699 799 1730 Incertae
829 1697 929 1730 fideit

224 1755 313 1786 unde
338 1755 372 1785 in
399 1752 617 1795 proverbium
647 1751 746 1790 abiit,
769 1752 778 1767 ‘
796 1750 930 1781 Punica

223 1804 334 1836 fides.’

269 1860 286 1886 5
313 1855 428 1886 Cedere
443 1853 544 1893 cogis]
571 1851 748 1892 Graphice
773 1850 929 1890 depingis

226 1917 282 1939 eos
295 1911 430 1938 coactos
446 1904 589 1936 cedere:
616 1904 664 1934 sic
679 1903 803 1934 Horat.
825 1902 881 1933 lib.
900 1905 929 1933 1.

226 1959 290 1989 ult.
315 1957 388 1988 Sat.
415 1954 604 1996 ‘Turgidus
630 1953 774 1994 Alpinus
791 1953 930 1993 jugulat

227 2009 308 2040 dum
330 2006 535 2040 Memnona!
566 2005 607 2037 Id
631 2011 697 2044 est,
718 2004 796 2035 dum
824 2005 930 2034 Mem-

228 2069 316 2090 nona
331 2057 642 2098 fingitjugulatum.
664 2054 842 2094 Africanis]
860 2055 930 2084 Sci-

227 2110 321 2150 pioni
345 2110 498 2150 utrique:
524 2117 666 2148 quorum
692 2105 790 2136 alteri
815 2104 930 2136 debel-

228 2162 310 2200 lata,
327 2161 428 2192 alteri
442 2160 558 2190 deleta
574 2157 791 2198 Carthagine,
809 2166 930 2197 cogno-

229 2222 306 2243 men
322 2212 467 2242 inditum
483 2209 648 2241 Africani.

273 2266 294 2293 6
321 2263 452 2293 Paulum
476 2259 625 2302 seposita]
656 2260 780 2300 Rogat,
809 2262 846 2289 ut
872 2257 930 2288 Sa-

230 2313 419 2345 turnalibus
441 2313 535 2352 legat
560 2321 620 2342 sua
637 2310 808 2350 Carmina,
830 2309 933 2350 depo-

232 2365 297 2396 sito
314 2364 426 2396 studio
442 2364 584 2395 acriore.
608 2363 692 2393 Rad.

275 2418 293 2445 7
329 2415 434 2454 Vagus
449 2415 515 2445 alea
529 2412 711 2452 December]
727 2413 878 2451 Propter
894 2410 930 2440 li-

232 2466 377 2497 centiam
393 2465 549 2496 ludorum
564 2470 599 2495 et
613 2463 806 2494 libertatem
822 2463 855 2492 in
871 2462 930 2492 Sa-

233 2516 436 2547 turnalibus.
466 2513 679 2546 ‘Blandam'
709 2517 819 2553 vocat,
843 2511 931 2554 quod

233 2567 382 2597 homines
402 2566 524 2597 blande
541 2566 681 2597 alliciat.

276 2623 296 2651 S
315 2620 458 2659 Incertis,
476 2619 546 2659 Sym]
567 2618 690 2658 Pyrgis
712 2627 770 2648 seu
787 2615 932 2648 turricu-

233 2670 274 2699 lis
298 2670 419 2710 ligneis
447 2669 620 2700 corneisve
651 2669 740 2698 intus
764 2666 932 2708 gradatim

238 2721 378 2760 asperis,
401 2730 420 2750 e
445 2720 564 2760 quibus
587 2719 808 2750 excutiebant
831 2719 934 2757 aleas,

684 185 825 216 NOTAE
862 184 1124 214 VARIORL'M
1162 184 1213 213 IN

971 290 1012 311 ne
1042 279 1134 311 fraus
1164 279 1263 310 fieret
1293 276 1439 308 fortunae
1471 277 1562 308 aleas
1585 286 1674 308 com—

972 330 1143 371 ponendo,
1166 329 1202 370 by
1229 328 1365 367 cogging
1389 328 1441 359 the
1463 328 1542 358 dice.
1590 327 1673 358 Ideo

971 381 1124 412 additum
1141 380 1320 420 epitheton
1339 380 1348 396 ⁴
1364 377 1537 410 Incertis!
1552 378 1672 419 Epigr.

974 435 1024 463 16.
1042 431 1100 462 lib.
1119 433 1170 462 14.

1013 486 1033 513 9
1059 482 1214 522 Νεῳιὶονε
1230 480 1307 520 talo]
1330 480 1430 511 Mera
1448 488 1550 510 manu
1568 479 1678 520 jacto,

973 533 1098 575 absque
1122 533 1261 564 fritillo:
1280 533 1333 563 vel
1349 533 1357 549 ‘
1371 530 1558 573 nequiore,'
1587 530 1676 572 quod

973 584 1050 615 talis
1084 585 1190 615 lusum
1222 588 1276 614 est
1306 593 1367 623 pro
1397 581 1565 613 foeminis:
1600 581 1677 612 vide

973 634 1067 667 Junii
1085 634 1320 665 Animadvers.
1338 633 1394 665 lib.
1409 635 1441 664 2.
1458 642 1535 673 cap.
1551 634 1583 664 4.
1610 632 1677 662 Vel

973 685 1052 726 quia
1065 686 1209 716 talorum
1226 685 1314 715 ratio
1337 684 1379 714 ad
1403 682 1553 714 libidinis
1568 681 1677 723 pruri-

975 735 1087 775 ginem
1104 735 1229 776 aliquid
1256 734 1374 774 faciat,
1399 738 1438 765 ut
1463 734 1565 765 docet
1587 733 1677 764 idem

973 786 1095 818 Junius
1112 786 1200 817 libro
1217 789 1248 818 4.
1271 785 1510 817 Animadvers.
1528 794 1605 825 cap.
1624 787 1677 815 13.

1018 839 1058 867 10
1084 837 1174 876 Otia]
1199 837 1390 868 Saturnalia
1414 846 1461 868 sc.
1483 835 1604 877 quibus
1634 836 1681 866 le·

974 897 1033 929 gas
1047 897 1140 919 meas
1156 897 1273 927 nugas·

1018 942 1055 970 11
1085 938 1316 979 Torvafronte]
1343 936 1507 969 Censorio
1531 935 1681 977 superci-

975 989 1032 1029 lio,
1048 989 1136 1020 tristi
1155 988 1275 1019 fronte.

1019 1042 1059 1070 12
1084 1039 1244 1079 madidos]
1267 1039 1405 1069 Tinctos
1430 1038 1570 1070 salibus.
1591 1037 1680 1068 Jocis

976 1089 1108 1129 libellos]
1125 1091 1215 1121 Meis
1234 1090 1446 1121 Carminibus
1459 1088 1600 1129 jocosis.

1021 1146 1059 1174 13
1084 1144 1139 1175 Sic
1162 1143 1274 1182 forsan
1302 1147 1400 1182 tener,
1425 1142 1495 1182 isra]
1532 1141 1678 1182 Virgilio

976 1203 1043 1225 non
1061 1194 1183 1234 potuit,
1209 1203 1309 1235 quem
1337 1194 1443 1224 inulto
1467 1197 1570 1224 aetate
1594 1202 1680 1233 prae-

976 1249 1140 1275 cesserat.
1185 1245 1312 1275 Verum
1335 1245 1398 1275 lioc
1422 1243 1521 1284 fingit
1536 1243 1681 1274 Martia-

976 1295 1030 1331 lis,
1046 1299 1117 1325 tum
1132 1298 1168 1325 ut
1184 1305 1219 1325 se
1234 1295 1381 1333 Catullo,
1398 1299 1469 1325 tum
1484 1299 1523 1325 ut
1534 1294 1681 1334 'Virgilio

977 1346 1094 1377 Silium
1112 1345 1298 1383 conferret,
1321 1347 1378 1386 qui
1401 1346 1579 1376 Maronem
1605 1345 1679 1375 dili-

978 1402 1097 1436 genter
1121 1397 1273 1427 imitatus
1295 1401 1358 1435 est,
1382 1401 1417 1427 et
1442 1396 1587 1427 natalem
1605 1396 1680 1436 ejus

977 1456 1134 1487 aramque
1164 1446 1415 1487 religiosissime
1445 1447 1560 1478 coluit.
1602 1447 1681 1486 Epi-

978 1507 1118 1538 gramm.
1136 1502 1188 1529 51.
1206 1498 1265 1529 lib.
1284 1501 1334 1529 ll.
1350 1498 1439 1528 Plin.
1453 1497 1512 1528 lib.
1526 1497 1682 1537 3.Epist.

978 1552 1009 1581 7.
1034 1549 1125 1588 Lege
1143 1549 1259 1590 itaque
1284 1558 1376 1579 ausus
1390 1553 1420 1579 et
1440 1549 1594 1585 Catullus,
1616 1547 1680 1578 hae

978 1604 1111 1630 mente:
1137 1599 1195 1629 sic
1221 1599 1311 1630 forte
1336 1600 1439 1629 etiam
1465 1598 1632 1635 Catullus,
1654 1597 1681 1628 si

979 1651 1121 1682 vixisset
1137 1661 1272 1682 coaevus
1288 1651 1448 1691 Virgilio,
1465 1656 1502 1682 ut
1526 1650 1588 1681 tibi
1604 1659 1682 1690 ego,

978 1712 1076 1732 ausus
1089 1701 1210 1733 fuisset
1221 1702 1359 1733 mittere
1371 1710 1446 1732 suos
1460 1701 1683 1740 hendecasyl-

979 1753 1046 1784 lab.
1062 1756 1124 1784 &ca
1142 1754 1329 1784 ‘Tenerum
1341 1753 1348 1765 ²
1372 1753 1524 1792 appellat
1541 1756 1683 1792 propter

979 1805 1191 1834 mollissimos
1220 1813 1349 1835 versus.
1394 1802 1598 1835 Notissimus
1630 1807 1685 1834 est

980 1855 1104 1885 Catulli
1123 1864 1255 1894 passer:
1275 1854 1318 1884 de
1333 1854 1478 1895 quojain
1495 1862 1596 1895 supra
1611 1853 1683 1885 dic-

979 1908 1062 1941 tum,
1077 1904 1135 1935 lib.
1155 1907 1184 1935 l.
1200 1904 1319 1944 Epigr.
1334 1907 1366 1934 8.

1022 1955 1126 1986 Eme.
1142 1963 1202 1985 xv.
1220 1957 1236 1984 1
1250 1955 1348 1984 Nocte
1362 1953 1503 1993 roganti]
1520 1952 1575 1984 Al.
1588 1953 1680 1985 Luce.

979 2004 1144 2035 Stolidum
1156 2004 1275 2035 irridet
1289 2004 1522 2041 Caecilianum,
1533 2003 1681 2045 quinque

979 2055 1083 2085 millia
1100 2059 1286 2095 petentem,
1299 2055 1353 2085 cui
1369 2055 1460 2085 mille
1471 2055 1541 2085 sint
1556 2054 1683 2095 negati.

979 2108 1128 2138 Miratur
1153 2107 1338 2146 Gruterus,
1367 2115 1470 2147 quare
1505 2105 1560 2136 hic
1595 2109 1683 2136 nocte

980 2159 1221 2189 substituerint
1247 2157 1317 2196 alii,
1340 2166 1442 2198 quum
1468 2157 1609 2188 alterum
1627 2156 1684 2187 ha·

981 2211 1068 2242 bitet
1084 2211 1116 2241 iu
1131 2211 1217 2241 Mss.
1234 2210 1402 2241 omnibus.

1023 2266 1040 2292 3
1060 2263 1134 2292 Non
1158 2261 1263 2300 liabeo,
1287 2261 1357 2301 Sym]
1382 2259 1517 2300 Negavi
1541 2269 1595 2290 me
1623 2260 1682 2290 ha-

981 2312 1074 2352 bere,
1090 2322 1156 2342 non
1174 2311 1260 2352 quod
1277 2320 1343 2341 non
1359 2310 1531 2350 haberem,
1554 2309 1613 2340 sed
1640 2319 1682 2340 ne

980 2363 1042 2394 tibi
1061 2363 1209 2394 creditos
1233 2361 1423 2402 perderem.
1469 2360 1568 2393 Quod
1594 2360 1621 2390 si
1647 2366 1683 2391 tu

980 2414 1033 2444 vel
1062 2419 1129 2444 tam
1157 2412 1312 2452 stupidus
1337 2411 1441 2443 fueris
1467 2412 1519 2442 vel
1548 2420 1621 2441 esse
1646 2415 1681 2441 te

979 2463 1190 2495 simulaveris
1207 2468 1244 2494 ut
1268 2464 1330 2494 hoc
1348 2473 1415 2494 non
1440 2462 1586 2494 sentias:
1619 2471 1683 2501 ego

979 2519 1092 2546 tamen
1109 2524 1173 2544 nou
1190 2515 1239 2545 ita
1251 2514 1375 2545 stultus
1393 2513 1450 2555 qui
1463 2513 1526 2544 tibi
1542 2511 1682 2543 credam

978 2575 1056 2596 vasa
1069 2568 1165 2596 5000.
1189 2565 1236 2597 H.
1261 2565 1296 2597 S.
1321 2564 1520 2606 pendentia,
1547 2563 1602 2594 cui
1625 2571 1682 2593 ne-

979 2615 1055 2655 gavi
1069 2618 1163 2646 1000.
1180 2615 1226 2646 H.
1243 2616 1277 2647 S.

1022 2666 1127 2696 Eme.
1161 2673 1239 2696 xvi.
1272 2665 1311 2695 Ιιι
1345 2664 1486 2704 Gallum]
1518 2662 1682 2694 Crimina-

982 2716 1108 2747 tionem
1138 2715 1292 2746 continet
1317 2715 1380 2746 hoe
1405 2715 1620 2754 Epigramma
1648 2712 1679 2742 in
