1866 3131
421 192 469 224 M.
505 193 617 223 VAL.
652 191 923 221 MAR'rlALIS
957 191 1116 222 EPIGR.
1149 194 1242 224 [AB.
1276 193 1340 223 1V.

166 290 278 317 autem
298 296 356 327 per
383 286 455 318 dies
478 288 607 329 aliquot
630 288 663 318 in
694 287 788 318 vitris
804 296 859 317 vo-

164 338 306 377 luptatis
323 347 425 368 causa
440 338 673 369 servabantur.

206 392 226 419 6
252 389 473 429 Ge111›n‹1‚35c.]
498 389 631 420 Vitrum
654 388 858 428 pellucidum

166 438 316 469 referens
342 440 538 480 crystallum
556 448 760 479 gemmasve,
779 438 857 478 Epi-

165 499 304 529 gramm.
327 493 379 520 68.
410 490 467 521 lib.
482 493 512 521 8.
531 494 565 520 et
596 490 650 520 lib.
664 491 714 520 14.
739 490 856 530 Epigr.

166 543 238 571 110.

207 593 226 620 7
249 590 429 628 Lai-tantia,
449 589 516 629 εμπ]
541 589 594 620 Ab
617 590 673 620 illa
689 590 858 620 reluctan—

164 643 212 678 te,
244 639 331 680 quod
357 640 527 670 subirata:
567 640 619 669 vel
650 639 740 680 quod
768 639 858 670 facili

164 690 300 720 saevitia
316 694 469 730 negaret,
487 690 495 705 ‘
512 691 597 722 Quae
616 695 777 730 poscente
791 700 859 720 ma-

164 739 214 779 gis
239 740 386 780 gaudeat
411 739 529 780 eripi:’
554 740 674 771 Horat.
707 740 785 771 Ode
808 743 859 771 12.

163 789 264 820 lib.2.

205 842 225 870 8
248 840 426 880 Perspicuae
438 838 603 879 plus,8s0.]
627 840 680 870 Ne
694 840 793 880 plene
806 849 859 871 me

162 893 210 923 illi
228 894 456 933 conciliarem,
468 902 665 933 progressus
678 892 720 923 ad
737 897 861 923 caetera

164 943 239 983 quis
268 944 390 983 nescit,
423 942 648 984 perspicuitas
673 944 726 974 vel
754 943 858 973 humi-

162 993 252 1024 ditas
298 1004 458 1034 aquarum
495 993 561 1025 fuit
606 993 859 1034 impedimento.

162 1043 241 1073 Plus
270 1044 425 1084 vetuistis]
459 1044 612 1082 Scilicet,
640 1054 682 1075 ne
707 1044 859 1075 ultimam

163 1093 285 1124 amoris
303 1094 425 1124 lineam
440 1096 683 1135 pertingerem,
707 1104 791 1125 neve
808 1103 858 1124 os-

161 1144 239 1174 cula
261 1144 381 1185 quinta
406 1150 506 1185 parte
530 1146 679 1176 Venerei
708 1145 858 1176 nectaris

160 1196 292 1227 imbuta
316 1205 504 1237 carperem.
548 1197 589 1228 Τὸ
615 1198 623 1214 ‘
639 1197 738 1237 plus‚'
764 1197 796 1226 in
823 1204 859 1226 re

162 1257 324 1284 amorum,
353 1247 442 1278 idem
473 1252 527 1279 est
565 1247 734 1285 Martiali,
770 1246 858 1288 quod

163 1298 303 1337 Ovidio,
318 1299 326 1315 ‘
341 1303 468 1329 caetera
479 1297 501 1329 :‘
517 1301 526 1315 ‘
538 1297 664 1329 Oscula
681 1298 737 1338 qui
748 1307 860 1337 sump-

159 1349 218 1388 sit,
240 1349 267 1379 si
285 1358 351 1379 non
368 1353 403 1380 et
419 1353 547 1380 caetera
561 1348 725 1389 sumpsit,’
740 1350 804 1379 διο.

205 1399 310 1430 EP1G.
331 1407 444 1431 xxnl.
481 1399 695 1430 Leustricum
724 1398 860 1429 Brutia-

161 1459 252 1488 num,
278 1450 442 1490 optimum
469 1454 505 1481 et
529 1450 789 1490 integerrimum
813 1450 861 1479 vi-

163 1509 249 1539 rum,
262 1499 456 1531 testimonio
473 1500 577 1531 Plinii
589 1499 739 1532 Junioris
756 1499 816 1530 lib.
828 1501 860 1530 6.

163 1550 276 1591 Epist.
289 1553 343 1582 22.
358 1550 486 1590 laudat,
512 1556 550 1582 ut
570 1550 714 1581 Poetam
733 1551 860 1590 elegia-

167 1610 244 1631 cum
262 1606 295 1631 et
309 1600 657 1641 Epigrammatarium
675 1600 858 1631 Graecum:

166 1650 377 1692 praefertque
404 1660 480 1682 eum
508 1650 717 1681 nobilissimo
742 1650 861 1681 Po'etae

165 1702 396 1733 Callimacho:
441 1707 477 1733 et
506 1705 618 1742 optat,
649 1706 700 1739 ut,
725 1701 751 1731 si
780 1700 861 1741 Epi-

164 1757 350 1793 grammata
377 1753 499 1784 Latina
526 1751 667 1791 scribat,
693 1751 861 1783 secundus

163 1804 236 1844 ipse
255 1803 297 1834 ab
310 1812 349 1834 eo
363 1807 570 1834 numeretur.

207 1856 222 1884 1
251 1853 296 1883 Tu
308 1852 488 1892 leuta‚85·c.]
523 1852 554 1882 0
581 1852 720 1890 Thalia;
759 1860 862 1892 supra

165 1903 421 1944 Epigramm.8.
447 1912 537 1934 verS.
552 1905 603 1934 12.
628 1903 769 1944 Quaeris]
793 1903 862 1934 De-

159 1954 298 1985 liberas.

203 2008 224 2036 4
247 2005 390 2036 Palmam
413 2005 633 2044 Callimachus,
657 2003 726 2044 Sym]
759 2004 861 2036 Calli-

162 2055 312 2095 machus,
328 2055 451 2086 nobilis
468 2054 579 2086 Poeta
593 2055 862 2094 Graecus‚etiam

166 2106 201 2137 in
237 2106 369 2138 Graecis
404 2105 531 2146 primas
560 2105 654 2137 cedit
683 2105 862 2137 Leustrico

166 2157 348 2196 Brutiano,
385 2155 491 2186 nobili
530 2156 691 2195 Romano,
727 2155 770 2186 de
796 2163 863 2196 quo

164 2206 254 2238 Plin.
271 2206 352 2238 Jun.
369 2205 427 2236 lib.
441 2208 473 2237 6.
497 2206 609 2246 Epist.
622 2208 678 2236 22.

205 2260 225 2287 6
250 2256 314 2291 Qui
343 2256 372 2286 si
401 2256 559 2296 Cecropio,
585 2255 654 2295 eya]
701 2255 800 2288 Quod
835 2255 862 2286 si

163 2308 261 2339 Brut.
277 2316 312 2337 se
327 2317 346 2337 a
372 2307 505 2338 Graecis
529 2306 571 2337 ad
596 2307 719 2338 Latina
742 2307 862 2347 Epigr.

164 2358 360 2397 contulerit,
375 2357 474 2388 facile
489 2358 634 2398 primum
648 2367 724 2389 eum
742 2367 862 2398 agnos-

164 2417 237 2440 cam
267 2408 358 2439 inter
383 2408 534 2446 Latinos3
566 2408 638 2447 sed,
665 2413 703 2440 ut
733 2409 781 2439 illi
811 2418 862 2440 se-

164 2459 294 2491 cundus
310 2459 385 2499 sim,
398 2463 448 2497 tu,
463 2468 482 2489 0
496 2458 624 2499 Thalia,
639 2459 718 2490 mihi
735 2458 812 2490 fave
828 2464 864 2490 et

167 2510 316 2551 adspira.

208 2561 312 2591 Eprc.
332 2568 439 2591 xxix.
471 2562 488 2590 1
525 2560 667 2600 Amicus]
705 2560 865 2592 AEmulaS.

166 2610 230 2641 Vel
248 2608 433 2649 Λεσβιᾶδας,
449 2610 664 2651 ἑταιριστρίας.

208 2664 229 2692 2
254 2661 399 2701 Extulit]
422 2661 478 2692 Ad
494 2670 611 2701 rogum
637 2660 709 2693 fato
723 2661 863 2693 defunc-

165 2714 231 2750 tas,
260 2712 314 2742 vel
357 2721 486 2742 veneno
524 2713 703 2752 extinctas,
732 2716 770 2742 ut
795 2712 865 2742 sola

167 2759 337 2792 frueretur
375 2762 591 2794 amatoribus.
655 2764 754 2794 Uxori
799 2763 863 2805 fiat

253 2815 366 2856 Delph.
382 2820 411 2847 el
432 2817 504 2848 Var.
523 2817 607 2848 Clas.

818 2816 963 2847 Martini.

1491 184 1603 226 1201

907 286 1006 315 amica
1041 288 1129 326 meoe]
1167 287 1214 317 Ut
1245 293 1281 318 ct
1313 297 1389 318 mea
1427 288 1603 327 moriatur,

908 337 1078 366 surculum
1102 338 1177 367 volo
1201 349 1242 368 ex
1260 340 1321 369 hac
1337 338 1474 380 arbore,
1497 339 1605 380 iuquit

909 387 1096 426 Diogenes·

952 438 1155 468 Epio.xxv.
1190 437 1298 469 Altini
1322 438 1469 469 vicinum
1501 439 1605 470 situm

908 487 1040 526 laudat,
1079 488 1335 527 comparatione
1378 489 1550 528 Baiarum,
1587 499 1606 520 a

908 536 1070 577 fontibus,
1110 538 1227 578 sylvis,
1263 539 1429 578 lacubus;
1466 549 1605 581 seseque

908 593 1096 619 extremum
1119 589 1198 620 vitae
1223 594 1337 620 actum
1354 590 1400 621 ibi
1416 596 1606 622 transactu-

910 648 982 669 rum
1003 638 1103 679 dicit,
1119 639 1146 670 si
1163 644 1277 670 tamen
1295 640 1344 670 sui
1356 640 1445 680 juris
1471 640 1606 672 futurus

909 692 963 722 sit.
986 692 1067 722 Rad.

954 744 969 772 1
995 742 1112 781 Altini,
1126 740 1195 782 Qua]
1220 741 1352 782 Oppidi
1378 741 1467 772 illius
1495 743 1606 774 Vene-

911 792 966 823 tiae
1003 793 1097 832 litus,
1133 802 1200 823 non
1245 791 1372 822 cedens
1410 792 1607 823 amoenitate

909 843 1014 875 Baiis.

951 897 971 924 2
1001 895 1044 924 Et
1078 893 1267 924 Phaetonta
1297 893 1385 934 rogi]
1432 893 1480 924 Et
1508 893 1603 923 lucus

910 945 1006 976 Pado
1023 945 1164 983 vicinus,
1180 945 1237 975 ubi
1255 945 1289 975 in
1313 945 1456 985 populos
1481 945 1609 975 electra

908 995 1043 1035 flentes,
1060 997 1103 1028 ob
1130 995 1269 1027 fratrem
1293 996 1444 1036 aurigam
1470 995 1609 1027 fulmine

909 1048 1138 1086 combustum,
1165 1047 1298 1087 fingunt
1327 1046 1530 1078 Pliae'tontis
1557 1056 1609 1077 so—

910 1106 1003 1128 rores
1021 1097 1196 1129 Heliades.
1214 1098 1304 1128 Plin.
1320 1097 1380 1128 lib.
1393 1100 1424 1128 3.
1443 1107 1519 1138 cap.
1534 1101 1586 1129 16.

953 1149 971 1177 3
998 1147 1135 1187 Quaeque
1159 1148 1352 1186 Antenoreo,
1377 1146 1445 1186 Sym]
1479 1148 1524 1178 Et
1551 1157 1611 1178 ne-

910 1207 1004 1228 mora
1020 1201 1124 1238 atque
1140 1198 1245 1228 saltus
1271 1197 1352 1238 (hoc
1375 1198 1465 1228 enim
1488 1198 1609 1234 innuit,

910 1247 1024 1278 citatis
1052 1247 1192 1288 Dryade
1220 1247 1391 1287 sylvarum
1429 1252 1464 1278 et
1494 1248 1610 1278 Fauno

911 1307 1067 1338 agrorum
1091 1297 1312 1339 praesidibus)
1335 1298 1370 1329 in
1397 1298 1519 1339 quibus
1540 1297 1609 1329 An-

912 1354 1020 1389 tenor,
1048 1349 1156 1389 Troja
1186 1348 1361 1390 profugus,
1395 1348 1506 1380 fertur
1531 1358 1613 1380 con-

911 1399 1037 1430 didisse
1055 1400 1248 1431 Patavium.
1270 1399 1393 1441 virgil.
1407 1399 1582 1431 AEneid.1.

952 1452 972 1480 4
995 1450 1047 1480 Ad.
1075 1450 1242 1489 Euganeos
1263 1450 1342 1490 sola]
1375 1450 1611 1482 Pulcherrima

910 1509 971 1531 seu
991 1500 1091 1531 unica
1106 1500 1253 1541 nympha
1276 1500 1317 1531 ad
1338 1501 1432 1532 lacus
1458 1501 1611 1532 Venetos

910 1560 971 1581 seu
994 1551 1208 1590 Tarvisanos,
1233 1552 1290 1591 qui
1310 1553 1363 1582 23.
1386 1550 1609 1581 numeraban-

913 1605 981 1631 tur.
1012 1600 1022 1617 ‘
1033 1600 1115 1631 Sola
1128 1600 1136 1613 '
1161 1601 1216 1631 hic
1232 1605 1284 1631 est
1300 1602 1472 1641 proprium
1487 1609 1611 1631 nornen

913 1651 1004 1681 lacus
1032 1650 1075 1681 ad
1102 1651 1234 1681 radices
1264 1650 1403 1681 collium
1434 1651 1610 1690 Euganeo-

914 1711 1002 1739 rum,
1045 1710 1144 1741 quem
1168 1701 1267 1731 hodie
1293 1700 1463 1740 indigenae
1487 1704 1612 1730 vocant

911 1752 942 1781 la
966 1750 1093 1790 Sohma,
1122 1755 1160 1781 ut
1192 1751 1263 1781 vult
1291 1751 1391 1781 Laur.
1417 1749 1612 1790 Pignorius,

913 1802 1025 1842 Epist.
1042 1801 1191 1841 Symbol.
1206 1811 1279 1832 xw.

955 1855 973 1882 5
1002 1851 1112 1882 Ledaeo
1129 1850 1230 1890 felix]
1269 1851 1392 1882 Castor
1415 1854 1452 1882 et
1476 1850 1613 1891 Pollux,

912 1902 1015 1933 Ledae
1031 1901 1103 1943 filii,
1118 1912 1193 1934 cum
1212 1903 1420 1943 Argonautis
1435 1902 1612 1934 Timavum

914 1957 1187 1993 praetervexere.
1217 1953 1350 1984 Plinius
1376 1953 1464 1984 libro
1479 1955 1511 1984 3.
1535 1962 1611 1993 cap.

914 2006 965 2035 18.
987 2003 1151 2044 Aquileia]
1181 2003 1271 2034 Urbs
1299 2003 1461 2043 primaria
1485 2003 1614 2035 Carno-

912 2063 984 2085 rum
1016 2053 1103 2084 infra
1135 2054 1259 2084 Forum
1284 2053 1382 2086 Julii.
1439 2054 1508 2086 Sed
1536 2054 1612 2085 vide

912 2104 1064 2136 Cluverii
1081 2104 1230 2144 Italiam,
1254 2103 1312 2135 lib.
1326 2107 1355 2134 1.
1378 2113 1456 2145 cap.
1471 2107 1523 2135 20.
1558 2105 1613 2135 Ti-

910 2156 1013 2196 mavo]
1034 2156 1142 2186 Fonte
1166 2154 1350 2193 uberrimo,
1377 2164 1476 2196 quem
1503 2156 1604 2186 maris

911 2209 1040 2241 fontem
1070 2205 1256 2245 appellant,
1285 2205 1377 2246 quod
1407 2210 1521 2236 tantus
1552 2205 1609 2246 sit,

911 2261 949 2287 ut
966 2256 1058 2286 lacus
1073 2259 1131 2285 aut
1143 2254 1263 2286 fluvius
1279 2255 1386 2286 videri
1404 2256 1524 2296 possit.

953 2309 974 2337 6
997 2305 1160 2346 Septenas]
1185 2305 1286 2338 Quod
1300 2310 1432 2346 septem
1448 2306 1543 2337 ostiis
1558 2306 1610 2337 in-

911 2356 995 2388 fluat
1010 2357 1168 2387 Timavus
1184 2356 1218 2386 in
1231 2366 1333 2387 mare.
1358 2356 1453 2396 Virg.
1476 2365 1610 2395 novem,

914 2412 943 2439 1.
972 2407 1104 2439 AEneid.
1125 2407 1290 2438 ‘Fontem
1312 2416 1478 2446 superare
1502 2407 1613 2438 Tima-

913 2459 957 2497 vi,
972 2457 1070 2489 Unde
1085 2466 1145 2497 per
1157 2467 1216 2487 ora
1228 2456 1372 2495 novem,'
1384 2458 1450 2488 ἃς.
1467 2458 1616 2499 Cyllarus

912 2509 981 2549 φη]
1026 2509 1141 2549 Equus
1179 2507 1350 2546 Castoris3
1409 2508 1525 2549 Epigr.
1555 2511 1613 2539 21.

913 2561 972 2591 lib.
989 2562 1021 2589 8.

956 2613 974 2641 7
1003 2609 1064 2640 Vos
1080 2608 1182 2647 eritis,
1199 2607 1268 2647 ἔξω]
1306 2608 1315 2625 ‘
1330 2608 1383 2639 Sit
1407 2618 1490 2640 meae
1517 2609 1613 2639 sedi-s

915 2661 1040 2691 utinam
1059 2659 1231 2697 senectae‚'
1247 2661 1311 2691 &c.
1341 2659 1464 2692 Horat.
1488 2659 1566 2692 Ode
1579 2663 1611 2690 6.

915 2711 974 2741 lib.
991 2712 1021 2741 2.
1049 2709 1204 2741 Mortuus
1222 2716 1272 2741 est
1301 2716 1413 2741 tamen
1437 2711 1610 2741 Martialis

918 2762 949 2791 in
967 2760 1142 2801 Hispania.

1446 2817 1465 2845 4
1490 2814 1522 2845 G
