1866 3131
234 167 346 210 13:36

232 293 339 320 ραννος
366 280 446 311 olim
472 280 573 310 etiam
597 280 630 310 in
656 279 777 310 bonam
801 286 932 320 partem

232 331 443 372 capiebatur.
486 331 583 371 Virg.
613 331 769 362 Dextram
794 333 934 371 tetigisse

233 383 369 423 tyranni.

275 437 294 463 8
320 433 383 468 Qui
410 433 483 470 cito,
510 432 579 472 iffa]
615 432 721 464 Annis
752 434 931 466 duodecim

230 485 366 516 devicto
381 484 423 516 ab
441 484 650 525 Alexandro,
665 486 722 527 qui
738 494 773 517 et
788 487 862 526 ipse
875 487 931 527 ju-

229 537 322 567 venis
338 536 508 568 extinctus
528 541 590 567 est.

272 590 292 617 9
316 587 412 618 Hunc
424 597 514 627 puer,
527 587 594 628 ξι]
631 589 827 619 Possessam
844 589 929 620 hanc

229 642 374 669 statuam
416 638 575 670 Annibali
615 640 779 680 Papinius
815 642 928 671 canit:

228 693 345 719 noster
392 689 559 730 ‘juratam
572 689 593 720 :'
639 689 782 721 Poetice
825 691 929 730 magis

229 750 328 781 quam
344 739 517 771 historice.
562 738 710 770 Annibal
735 750 855 771 novem
874 751 930 771 an-

227 800 346 821 norum
372 800 458 830 puer
478 790 611 830 juravit
637 799 673 820 se
694 800 767 821 cum
784 791 928 830 primum

228 846 264 872 et
277 841 425 882 quandiu
439 846 565 881 posset,
576 841 744 871 Romanos
757 841 844 871 bello
854 851 929 882 per·

229 899 437 925 secuturum.

272 947 312 975 10
342 945 499 983 Jusserat,
523 944 593 985 ᾂικ]
630 944 705 975 Hoc
736 944 865 984 signum
895 950 930 976 et

229 995 928 1036 Syllapossedit3cujusjussudictaturam

227 1045 381 1086 posuisse
407 1046 532 1086 Syllam
556 1045 652 1085 fingit
675 1045 798 1076 Poe'ta.
845 1047 930 1086 Reg-

226 1095 280 1135 na]
306 1096 530 1127 Dictaturam.
578 1096 723 1136 Trucem]
740 1096 795 1127 Oh
809 1097 929 1128 crude-

224 1148 358 1178 litatem
383 1157 481 1188 quam
507 1147 539 1177 in
558 1147 666 1178 victos
690 1148 782 1178 cives
806 1149 927 1179 etMa-

226 1197 338 1228 rianas
356 1204 469 1238 partes
484 1199 649 1229 exercuit.

270 1252 307 1280 11
336 1249 579 1290 Offi›⁷1sus,&c.]
596 1249 838 1289 Epitrapezius
854 1255 926 1280 tan-

225 1299 301 1329 dem
317 1299 384 1330 iste
401 1299 507 1330 Herc.
524 1299 662 1339 indigne
684 1298 795 1329 ferens
813 1305 925 1340 tyran-

223 1350 335 1381 nicam
347 1350 537 1390 principum
554 1350 763 1380 dominorum
778 1355 926 1390 potesta·

226 1406 308 1439 tem,
326 1410 423 1441 quam
441 1400 473 1430 in
490 1400 574 1430 vivis
585 1400 709 1441 ubique
724 1400 926 1440 vindicarat,

224 1461 313 1482 nunc
328 1452 478 1491 privatas
493 1451 644 1481 Vindicis
661 1451 751 1481 a2des
769 1452 870 1482 colit:
890 1457 926 1482 et

224 1503 318 1543 quasi
337 1503 442 1533 voluit
455 1503 487 1532 in
507 1502 648 1542 privatis
665 1503 789 1533 mensis
805 1504 881 1534 coli.

268 1556 307 1584 13
331 1553 504 1593 llIolorclu']
530 1554 596 1586 Qui
620 1558 736 1593 pastor
754 1554 927 1592 Nemaees,

223 1606 317 1645 cujus
332 1604 456 1635 indicio
478 1604 648 1635 Hercules
665 1603 707 1634 ab
725 1614 764 1634 eo
779 1604 926 1644 hospitio

222 1660 400 1696 exceptus,
412 1654 517 1685 feram
530 1656 726 1686 Nemea‘am
741 1655 926 1688 interfecit.

224 1708 343 1747 Epigr.
360 1709 411 1737 64.
430 1706 487 1737 lib.
505 1709 537 1737 4.
556 1715 643 1737 vers.
660 1709 713 1738 30.

252 1758 358 1788 Eme.
372 1765 456 1787 xm'.
471 1756 685 1796 Elegantiam
698 1760 733 1787 et
745 1756 924 1787 artificium

221 1807 370 1847 ejusdem
387 1811 511 1837 statuae
530 1806 647 1837 laudat
663 1805 789 1837 artifex
804 1808 924 1840 Po'eta.

265 1861 280 1888 l
306 1858 435 1888 Alciden
448 1858 546 1894 moda,
563 1858 632 1897 ἔξω]
667 1858 824 1888 Herculis
842 1859 922 1889 ima-

221 1909 348 1948 ginem,
370 1907 413 1938 de
439 1917 505 1949 qua
532 1908 648 1948 Epigr.
667 1908 814 1947 praeced.
831 1910 923 1950 Lips.

219 1960 278 1990 lib.
293 1963 322 1990 1.
341 1960 473 1991 Quaest.
487 1959 601 1998 Epist.
613 1963 643 1989 5.
662 1960 758 2000 legit,
774 1960 900 1991 Alcides
913 1972 923 1992 .·

220 2011 300 2052 quia
323 2020 389 2041 non
414 2010 523 2050 ipsum
546 2010 730 2041 Herculem
754 2012 923 2043 Martialis

219 2060 453 2101 interrogabat
479 2060 621 2102 (inquit)
646 2061 705 2091 sed
729 2062 843 2101 alium,
858 2065 922 2094 Sec.

217 2112 286 2143 Sed
310 2116 425 2152 posset
441 2121 516 2142 esse
534 2112 664 2151 phrasis
688 2113 823 2150 Gra-ca,
846 2124 920 2154 quae

219 2162 351 2194 Latinis
377 2162 479 2192 etiam
502 2163 596 2192 trita.
641 2162 780 2194 Terent.
795 2164 804 2180 ‘
822 2163 921 2195 Post-

219 2223 318 2254 quam
335 2213 407 2253 ejus
424 2212 570 2242 animum
590 2213 763 2252 perspexi,
785 2223 922 2254 quomo-

221 2264 263 2294 do
290 2272 364 2294 sese
403 2263 548 2293 haberet
581 2262 622 2293 ad
656 2264 818 2304 nuptias.)
867 2266 924 2305 Et,

215 2316 224 2330 ‘
241 2315 396 2345 Fratrem
413 2313 499 2344 male
516 2319 645 2352 metuo,
661 2323 704 2344 ne
726 2314 816 2345 intus
831 2316 922 2347 siet.’

218 2365 283 2395 Sed
310 2364 424 2395 nescio
448 2364 614 2404 quomodo
638 2365 710 2396 lraec
737 2366 923 2406 explicatio

218 2417 329 2446 locum
358 2415 484 2446 habere
515 2420 639 2456 queat:
680 2416 789 2447 Addit
820 2417 923 2458 enim,

216 2468 224 2482 ‘
243 2467 342 2506 Risit,
365 2476 437 2496 nam
465 2466 552 2496 solet
578 2466 667 2497 hoc.’
713 2467 777 2497 His
810 2468 922 2498 verbis

218 2518 344 2547 clarum
360 2522 424 2554 est,
440 2516 586 2557 aliquem
604 2516 777 2558 designari
793 2528 811 2549 a
828 2519 920 2550 Mar-

218 2568 299 2597 tiale
316 2567 525 2598 nominatim.

260 2622 277 2648 5
297 2617 455 2657 Inscripta
470 2621 515 2648 est
531 2617 627 2657 basis]
652 2619 749 2650 Basis
767 2620 917 2651 subster-

217 2668 364 2698 nebatur
381 2667 502 2698 statuis
516 2678 523 2705 3
539 2668 593 2698 cui
608 2674 666 2700 aut
683 2669 840 2709 artificis,
860 2676 918 2702 aut

219 2718 437 2756 dedicatoris,
452 2723 511 2748 aut
528 2719 600 2758 ejus
617 2720 671 2760 cuj
680 2730 716 2750 us
733 2726 826 2752 esset
850 2728 917 2752 sta—

219 2775 288 2807 tua,
315 2774 373 2799 aut
398 2769 470 2800 baec
493 2770 604 2801 omnia
632 2771 729 2803 simul
756 2773 917 2804 inscribe-

699 184 839 214 NO'rAE
872 184 1095 216 VARiORU
1105 187 1135 215 M
1171 187 1223 217 IN

986 279 1121 319 bantur,
1138 285 1174 311 et
1186 290 1226 311 ea
1239 281 1361 320 sapius
1375 291 1393 312 e
1410 291 1585 316 marmore.
1610 286 1677 317 Pli-

984 331 1057 361 nius
1071 331 1179 370 Epist.
1198 334 1228 362 6.
1246 332 1303 362 lib.
1321 335 1350 363 3.
1376 333 1512 365 Herald.

1026 384 1045 411 6
1068 382 1225 412 Λυσίππου
1261 383 1344 423 lego]
1385 383 1591 426 Inscriptum
1630 392 1680 418 est

983 431 1086 470 βάσει,
1114 436 1327 473 ΛὙΣΙΠΠΟΤ,
1351 432 1441 473 ἔργον
1472 435 1545 466 scil.
1601 436 1679 467 Non

984 489 1096 514 autem
1123 485 1279 515 omnibus
1307 485 1480 524 operibus,
1505 485 1564 515 sed
1593 495 1679 526 prze-

983 534 1216 573 stautioribus,
1243 544 1363 565 nomen
1393 545 1488 566 suum
1518 535 1680 567 inscribe—

982 584 1063 615 bant
1076 584 1233 616 artifices.
1279 586 1405 616 Phidia>
1418 586 1542 626 putavi]
1567 586 1680 627 Itane,

980 634 1089 675 inquit
1115 635 1236 673 Poeta,
1261 636 1400 666 hoccine
1428 642 1480 667 est
1507 646 1590 676 opus
1616 637 1681 677 Ly-

981 687 1069 726 sippi
1086 687 1140 727 qui
1164 686 1261 717 finxit
1281 687 1539 718 Alexandrum?
1564 688 1683 719 Credi-

981 738 1095 768 deram
1113 747 1177 778 ego
1193 736 1293 768 fuisse
1324 738 1453 769 Phidiae
1482 739 1606 779 potius,
1624 739 1680 779 qui

980 786 1078 817 finxit
1105 788 1239 828 Jovem,
1269 793 1304 819 et
1327 789 1470 819 nobilior
1496 790 1679 820 statuarius

979 838 1043 869 fuit
1062 839 1223 879 Lysippo.

1024 890 1127 921 Eme.
1143 898 1240 922 XLVI.
1275 889 1329 921 Ad
1356 891 1529 921 Sarmatas
1547 895 1581 921 et
1595 890 1677 931 Scy-

982 940 1056 970 tlias
1073 940 1197 970 iturum
1216 942 1453 972 Marcellinum
1472 940 1591 981 filium,
1620 941 1677 972 ad-

981 997 1095 1022 monet
1112 991 1236 1023 fabulae
1255 992 1487 1023 Prometbeae.

1024 1046 1039 1073 1
1065 1044 1172 1081 Miles,
1202 1044 1268 1084 lya]
1313 1043 1471 1082 Quando,
1499 1042 1552 1072 vel
1584 1047 1677 1082 post-

981 1105 1079 1135 quam
1109 1095 1230 1125 tuleris
1263 1094 1319 1125 diu
1350 1095 1468 1125 coelum
1497 1094 1578 1124 illud
1610 1094 1677 1124 Bo-

980 1147 1084 1184 reale,
1115 1145 1221 1176 libeat
1249 1145 1349 1175 etiam
1378 1144 1565 1175 Caucasum
1594 1143 1678 1174 invi—

979 1205 1068 1235 sere,
1093 1198 1154 1226 ἃς.
1214 1196 1303 1226 Vide
1329 1195 1448 1235 Epigr.
1480 1197 1533 1225 25.
1558 1194 1615 1225 lib.
1645 1196 1678 1224 6.

980 1256 1064 1276 vers.
1078 1249 1108 1276 2.
1127 1255 1161 1276 et
1179 1246 1296 1286 Epigr.
1314 1249 1363 1276 ll.
1381 1245 1438 1276 lib.
1455 1248 1486 1276 4.
1504 1255 1590 1276 vers.
1604 1247 1634 1276 3.

1020 1299 1039 1326 2
1067 1296 1188 1336 Getici]
1227 1295 1388 1335 Scythiae.
1444 1294 1556 1325 Sidera
1584 1294 1676 1334 pigra

974 1347 1052 1387 poli]
1078 1349 1183 1379 Ursas
1200 1348 1295 1379 tarde
1312 1352 1501 1386 moventes,
1524 1347 1601 1388 quia
1619 1356 1676 1388 po·

976 1398 1007 1428 lo
1026 1399 1164 1430 vicinas.

1020 1452 1038 1480 3
1066 1450 1269 1487 Prometheoe,
1297 1449 1366 1489 Syna]
1406 1450 1576 1480 Caucasus
1593 1450 1676 1490 Scy-

978 1500 1056 1531 thim
1074 1511 1181 1540 mons,
1193 1501 1245 1530 cui
1262 1501 1421 1540 alligatus
1438 1500 1576 1540 tingitur
1594 1500 1678 1531 Pro-

977 1551 1131 1582 metheus
1146 1551 1301 1592 praebere
1315 1552 1498 1592 alitijecur
1515 1552 1546 1582 in
1560 1561 1675 1592 poenas

978 1612 1172 1642 renascens,
1202 1608 1344 1643 propter
1368 1602 1572 1632 subductum
1595 1602 1675 1634 Jovi

978 1653 1101 1693 ignem,
1115 1655 1177 1684 &cn
1201 1654 1317 1693 Epigr.
1331 1656 1362 1684 7.
1377 1653 1434 1683 lib.
1452 1654 1569 1692 Spect.

1019 1709 1037 1735 5
1065 1707 1262 1736 Conclamata
1279 1706 1424 1746 querelis]
1463 1706 1675 1737 Clamoribus

976 1756 1172 1787 Promethei
1197 1757 1316 1787 coelum
1342 1763 1378 1788 et
1401 1763 1526 1787 terram
1545 1762 1676 1787 contes-

975 1809 1079 1839 tantis
1096 1809 1241 1846 conscia,
1267 1819 1302 1840 se
1319 1810 1391 1849 pati
1408 1809 1559 1849 indigna.
1602 1809 1676 1840 ,ἆξε-

975 1859 1065 1899 chyli
1084 1860 1261 1891 Prometli.

1015 1913 1035 1940 6
1059 1910 1194 1950 Durior]
1219 1910 1284 1941 Qui
1302 1911 1379 1940 talia
1398 1920 1577 1951 perpessus
1594 1915 1659 1942 est.

1015 1963 1033 1990 7
1059 1961 1170 1991 Potuit
1185 1960 1236 2000 qui
1251 1960 1327 1990 talia
1336 1960 1438 2001 ferre]
1476 1962 1675 1992 Promethe—

973 2020 1010 2040 us
1028 2010 1119 2041 duris
1144 2010 1300 2041 cautibus
1323 2009 1456 2049 affixus,
1483 2012 1557 2051 ipse
1582 2012 1672 2042 saxis

973 2060 1089 2090 durior
1128 2059 1212 2090 dura
1242 2069 1436 2100 perpessus,
1468 2060 1674 2092 documenta

972 2111 1032 2142 dat
1056 2111 1173 2141 duram
1205 2120 1278 2141 esse
1305 2110 1446 2141 bominis
1474 2112 1671 2151 progeniem

972 2162 1015 2193 ab
1039 2162 1096 2192 illo
1123 2170 1256 2202 autore,
1278 2167 1381 2202 atque
1397 2162 1430 2192 in
1447 2171 1614 2193 aerumnas
1639 2168 1675 2193 et

973 2223 1086 2253 poenas
1104 2218 1228 2243 natam.

1015 2264 1122 2294 Eme.
1139 2271 1253 2294 xtvu.
1277 2263 1457 2294 Sordidum
1473 2267 1509 2294 et
1523 2263 1672 2296 illibera-

971 2314 1038 2344 lem
1055 2319 1151 2344 taxat
1169 2313 1330 2344 Gellium.

1017 2369 1032 2396 1
1059 2364 1207 2406 AEdzficat'
1218 2364 1351 2404 semper]
1376 2365 1671 2397 Minutulanescio

972 2427 1046 2458 quae
1078 2425 1212 2456 semper
1244 2414 1366 2455 reficit,
1404 2422 1441 2447 ut
1480 2416 1671 2448 aedificandi

973 2472 1144 2508 prantextu
1172 2467 1372 2498 illiberalem
1397 2472 1494 2508 tegat
1510 2468 1671 2508 animum,

971 2528 1013 2549 ne
1031 2518 1109 2559 quid
1126 2518 1160 2548 in
1178 2519 1305 2548 amicos
1321 2524 1447 2558 eroget.

1011 2569 1116 2600 Epm.
1145 2577 1269 2599 xuni.
1319 2572 1335 2599 1
1368 2569 1576 2609 Democritos‚
1602 2570 1670 2610 ἐξα]

969 2619 1096 2659 Crepat
1113 2629 1219 2659 usque
1246 2620 1374 2650 Stoicos
1390 2625 1425 2650 et
1442 2619 1669 2651 Academicos

968 2669 1206 2701 reconditioris
1252 2670 1405 2701 scientiae
1443 2670 1669 2711 philosophos,

969 2730 1111 2762 qnorum
1128 2720 1292 2760 imagines
1310 2721 1467 2751 visuntur
1482 2721 1620 2751 hirsutae
1634 2725 1667 2750 et

968 2772 1125 2811 incultae,
1146 2771 1221 2812 ipse
1244 2770 1397 2812 hispidus
1414 2776 1448 2802 et
1472 2770 1573 2802 barba
1589 2780 1666 2813 pro-
