1866 3131
367 195 414 224 M.
450 194 557 223 vAL.
592 192 868 223 MARTIAIAS
907 193 1066 222 EPIGR.

136 294 204 320 tum
230 288 456 329 intercipiant.
511 288 723 319 calculorum
748 296 827 326 ergo

134 347 168 371 et
187 340 450 370 latrunculorum
476 338 572 369 ludus
590 338 677 368 idem
694 337 828 368 omnino

134 390 221 420 fuit:
258 399 333 420 nam
359 394 393 419 et
421 389 601 419 latrunculi
624 388 745 419 calculi
780 387 829 417 di-

134 440 306 471 cebantur.
358 440 461 471 Ovid.
503 439 624 479 ‘Saepe
661 437 829 468 latrocinii

136 491 195 521 sub
232 490 377 529 imagine
415 490 564 520 calculus
601 488 698 521 ibit.’
757 488 830 519 Cal-

134 541 201 571 culi
229 551 310 578 ergo
334 545 369 570 et
392 540 539 570 latrones
556 539 670 570 iidem.
715 538 828 569 Graeci

133 591 339 621 recentiores
365 589 518 630 ζατρίκιον
548 590 635 620 lmnc
663 590 828 619 latronum

134 640 247 670 ludum
267 645 449 670 vocarunt:
476 640 555 680 quia
570 644 676 670 toturn
691 638 830 669 Zatricii

135 694 194 720 aut
222 690 386 720 latronum
412 689 482 720 ludi
507 689 680 730 negotium
705 689 828 719 bellum

134 746 220 779 erat,
236 741 287 770 vel
306 740 382 770 belli
407 739 640 770 simulacrum:
666 739 743 769 ltine
761 739 828 769 cal-

134 791 198 821 culi
215 791 292 830 ipsi,
315 790 434 831 quibus
461 790 652 829 ludebatur,
678 794 713 820 et
730 790 829 820 latro-

132 850 192 871 nes
209 846 242 871 et
259 841 380 871 milites
392 840 605 871 dicebantur.
650 839 758 871 Poeta
775 849 829 870 ve-

135 896 210 922 tus:
255 893 262 906 ‘
287 892 330 922 Et
352 891 461 921 vitreo
488 895 695 931 peraguntur
725 890 830 920 milite

134 940 245 971 bella.'
265 942 396 971 Salmas.

176 994 195 1020 2
222 991 397 1030 Gemmeus,
423 991 490 1031 δῖα]
524 992 552 1022 E
570 992 656 1021 vitro
673 990 830 1021 discolori

133 1039 217 1071 facti
244 1042 446 1072 latrunculi:
494 1046 529 1072 nt
571 1041 743 1081 Epigram.
778 1044 832 1072 72.

134 1090 237 1121 lib-7.
253 1101 342 1121 vers.
359 1094 390 1122 8.
415 1102 556 1132 quornm
583 1092 639 1121 alii
665 1096 831 1131 grassato-

133 1150 198 1180 res,
214 1141 428 1172 insidiatores
446 1142 514 1172 alii.

178 1191 284 1222 Emo.
300 1201 378 1222 xxi.
398 1195 413 1222 1
432 1193 542 1232 Ferro]
559 1192 732 1232 Grapliiis,
745 1191 832 1222 stilis

133 1240 264 1278 ferreis,
289 1242 409 1281 quibus
436 1242 468 1272 in
496 1242 618 1272 tabulis
634 1241 759 1272 ceratis
775 1251 831 1271 ex-

133 1291 306 1322 arabatur.

176 1342 280 1371 EPtG.
297 1350 390 1372 xxii.
416 1344 429 1371 l
449 1341 624 1372 Lentiscum
636 1340 831 1381 malagma]

133 1393 256 1433 Cuspis
272 1402 289 1422 e
306 1393 460 1423 lentisco.

177 1444 398 1473 Eam-xxm.
417 1447 430 1473 1
457 1443 617 1473 Verminat
627 1441 725 1482 auris]
747 1442 831 1472 Prn-

133 1494 190 1532 rit,
212 1498 364 1523 vexatur.

176 1547 196 1575 2
226 1544 438 1584 La'bidim'bns]
476 1543 690 1583 Titillationi,
724 1543 831 1583 pruri-

135 1594 215 1634 gini.

179 1645 282 1675 Eeio.
316 1653 417 1676 xxtv.
457 1648 471 1675 l
496 1645 624 1682 Tenum,
653 1644 722 1683 εγω]
754 1643 833 1681 Alii,

136 1694 319 1734 Splendida.
367 1695 413 1725 Ut
440 1694 477 1724 τὸ
499 1697 507 1711 ‘
525 1693 745 1734 bombycina'
771 1701 832 1733 pro

134 1744 207 1783 ipso
236 1745 368 1774 nomine
398 1750 565 1784 ponatur,
600 1744 740 1774 materia
772 1752 832 1782 pro

134 1793 252 1824 fornia.
299 1795 349 1825 Ne
363 1795 463 1834 igitur
476 1795 617 1825 reticula
635 1793 833 1833 bombycina

133 1848 169 1874 et
185 1844 323 1875 subtilia
350 1850 384 1875 et
414 1845 529 1875 tenuia
551 1845 680 1874 violent
707 1843 832 1873 madidi

133 1895 258 1935 capilli.
304 1896 388 1925 Erat
410 1896 497 1925 enim
520 1895 553 1924 in
577 1894 741 1933 reticulis,
765 1893 830 1924 fas-

131 1945 203 1984 ciis,
221 1947 384 1987 vittisque
401 1947 498 1977 luxus
515 1947 645 1986 ingens.

176 1999 195 2026 2
219 1996 318 2035 Figat
339 1997 426 2036 acus]
450 1997 523 2027 Ista
550 2006 612 2027 acu
637 2005 751 2026 onmes
776 2004 832 2025 an-

133 2046 204 2077 nuli
229 2056 398 2078 comarum
422 2047 454 2077 in
480 2047 594 2086 capite
614 2047 686 2086 jam
712 2051 832 2076 ornato

132 2095 191 2126 fixi
207 2097 479 2135 continebantur,
495 2107 536 2128 ne
554 2096 700 2128 fluerent
713 2097 832 2127 laxius.

134 2146 231 2177 Idem
256 2148 445 2179 Martialis:
470 2149 479 2165 ‘
493 2148 587 2179 Unus
603 2148 646 2179 de
666 2152 738 2178 toto
754 2157 833 2188 pec-

134 2202 272 2228 caverat
298 2199 379 2229 orbe
400 2209 570 2230 comarum
594 2199 762 2239 Annulus,
783 2200 832 2230 in-

136 2250 228 2277 serta
256 2257 322 2279 non
356 2248 442 2280 bene
473 2249 558 2280 fixus
589 2249 674 2281 acu.'
700 2250 833 2281 Salmas.

138 2296 233 2335 Figat
257 2308 328 2329 acus
349 2299 462 2339 tortas]
497 2299 678 2340 Gruterus,
699 2310 774 2331 cum
800 2301 833 2331 in

136 2348 204 2379 Ms.
223 2348 402 2388 reperisset
426 2352 548 2389 spartus
562 2349 641 2391 (nec
658 2351 757 2381 aliter
774 2360 832 2381 nos

137 2397 170 2427 in
186 2396 214 2428 Α
222 2397 334 2439 rond.)
348 2399 494 2438 conjecit
510 2409 643 2439 sparsas.
670 2401 736 2431 Sed
754 2410 834 2442 qno-

142 2448 241 2480 modo
254 2448 404 2489 figuntur
417 2450 552 2490 sparsoe?
578 2451 644 2481 Hic
662 2453 831 2491 explican-

141 2498 218 2530 dum
237 2504 332 2530 erat:
356 2509 444 2539 nam,
467 2500 524 2540 qui
546 2500 609 2531 hoc
630 2511 753 2541 capere
767 2512 832 2533 non

143 2554 315 2590 poterant,
332 2550 553 2589 subjecerunt
568 2554 676 2581 tortas.
700 2551 833 2583 Dicam.

139 2601 263 2640 Sparsoe
279 2600 332 2630 hic
349 2609 412 2630 non
426 2605 502 2631 sunt
517 2599 614 2639 fusae,
625 2600 685 2631 sed
699 2601 834 2641 adsper-

137 2660 181 2681 sae
195 2656 386 2691 unguento:
411 2660 474 2681 nec
498 2660 612 2691 sparsae
637 2661 729 2682 comoe
744 2651 833 2682 alind

140 2710 236 2741 qnam
260 2703 269 2717 ‘
282 2700 406 2731 madidi
427 2701 537 2731 crines
550 2701 557 2713 ’
574 2702 605 2731 in
623 2702 833 2741 praecedenti

208 2754 323 2794 Delph.
342 2758 369 2784 ct
397 2754 467 2786 Vas,
489 2756 570 2785 Clas.

784 2756 930 2789 Martz‘ul,

1102 193 1196 222 Lus.
1232 193 1335 221 λιν.
1464 182 1574 222 1441

881 295 992 323 versu,
1013 296 1110 326 qnam
1133 287 1142 302 ‘
1156 286 1298 318 madidae
1316 295 1420 317 comae
1432 286 1439 299 ’
1455 289 1572 330 Epigr.

880 341 932 368 50.
976 338 1031 368 Sic
1047 343 1144 369 “saxa
1159 349 1319 380 spargere
1331 338 1434 375 tal›0‚’
1451 344 1486 370 et
1500 341 1508 357 ‘
1519 341 1577 371 lin-

881 397 953 417 mus
968 397 1086 427 sparsa
1101 389 1229 419 coelesti
1243 388 1341 419 rore?
1365 389 1461 420 Gron.

924 438 1030 470 Eme..
1048 447 1138 469 xxv.
1163 439 1268 471 Jocus
1295 439 1327 469 in
1352 440 1496 479 calvam,
1521 439 1575 470 cui

881 487 1007 518 frustra
1034 488 1179 519 donatur
1197 495 1333 530 pecten,
1358 500 1471 531 quum,
1487 492 1574 532 quod

881 543 1010 578 peccat,
1025 548 1090 569 non
1103 539 1238 570 habeat.

922 591 941 619 2
967 590 1079 620 Ruxas
1095 600 1173 629 quae,
1188 592 1256 632 Era]
1292 591 1422 622 Pecten
1437 592 1577 624 buxeus.

926 640 1029 671 Belo.
1048 650 1154 672 xxvi.
1178 644 1193 671 1
1214 642 1374 681 Caustica]
1405 643 1507 683 Sapo,
1522 654 1577 674 cu-

873 691 930 730 jus
946 690 994 721 vis
1008 691 1158 722 caustica
1169 691 1308 731 capillos
1321 693 1447 722 ustulat
1460 692 1576 724 rull'at-

881 750 958 781 que.
1020 742 1198 773 Teutonicos
1221 742 1375 782 accendit]
1399 743 1577 774 Germanis

881 790 914 820 in
927 800 984 820 usn
998 791 1050 821 hic
1063 801 1147 831 sapo
1161 792 1203 822 ad
1215 792 1354 832 capillos
1367 793 1577 831 rutilandos;

881 841 1010 871 Plinius
1028 842 1082 872 lib.
1100 845 1153 874 28.
1168 852 1242 883 cap.
1260 845 1311 874 12.
1355 842 1469 882 Spuma
1484 845 1579 884 capil-

882 891 939 931 los]
977 892 1222 924 Germanorum
1251 894 1393 931 scilicet,
1410 895 1467 935 qui
1491 893 1578 924 flava

881 942 1017 972 caesarie
1047 943 1188 983 pulchri.
1248 944 1351 976 Quasi
1384 944 1502 975 dicat:
1541 945 1577 975 Si

882 994 1032 1023 caustica
1059 997 1167 1032 utare,
1192 993 1365 1034 superabis
1393 994 1578 1025 Germano·

882 1054 954 1075 rum
971 1045 1155 1075 caesariem.

925 1094 1032 1124 Eme.
1055 1103 1171 1125 xxvn.
1197 1097 1211 1125 l
1232 1095 1371 1134 Mutare,
1397 1095 1467 1135 Spa]
1501 1096 1578 1126 Tin-

883 1153 976 1184 gere.
1001 1144 1148 1175 Turneb.
1164 1144 1221 1175 lib.
1237 1147 1268 1176 9.
1281 1155 1357 1185 cap.
1374 1147 1426 1175 23.

923 1196 942 1223 2
967 1193 1154 1233 Mattiacas]
1176 1194 1378 1225 Trochiscos
1401 1204 1419 1225 e
1441 1204 1580 1234 sapone,

882 1247 919 1273 nt
935 1244 1190 1283 Epigrammate
1208 1244 1431 1283 praecedenti,
1446 1255 1465 1274 a
1488 1246 1577 1275 Mat-

882 1293 985 1332 tiaco,
1001 1303 1080 1333 opp.
1104 1293 1318 1331 Gerinaniae3
1344 1295 1464 1325 Badcn.
1511 1295 1578 1330 Quo

881 1343 939 1373 tibi
953 1343 1056 1383 calva]
1083 1342 1156 1373 Non
1183 1342 1304 1382 majori
1321 1343 1383 1374 tibi
1400 1344 1473 1374 usui
1489 1344 1579 1376 futu—

884 1403 948 1432 ras,
971 1402 1068 1433 quam
1097 1393 1290 1432 pectinem:
1327 1394 1499 1434 Epigram.
1525 1399 1578 1427 25.

881 1453 993 1483 snpra.

926 1495 1031 1524 Eme.
1061 1503 1197 1526 xxvm.
1222 1498 1233 1525 l
1256 1496 1333 1531 Quae
1357 1496 1480 1536 nimios,
1508 1498 1578 1537 ἔγω]

882 1546 980 1584 Quae,
1010 1545 1118 1576 sicubi
1150 1545 1290 1584 publica
1320 1546 1513 1578 defecerint
1546 1549 1577 1578 in

883 1595 1026 1625 theatris
1052 1596 1140 1633 vela,
1159 1597 1267 1626 ventis
1284 1597 1450 1637 revoluta,
1476 1602 1511 1628 ut
1526 1607 1576 1628 se-

883 1650 998 1685 quent.
1017 1646 1134 1685 Epigr.
1149 1647 1280 1686 privata
1296 1652 1435 1679 arceant
1458 1648 1578 1679 nimios

883 1696 960 1725 solis
977 1696 1128 1735 ardores,
1145 1697 1303 1737 ventique
1320 1698 1397 1730 vim.
1422 1699 1578 1729 Umbella

882 1746 974 1776 dicta
990 1746 1032 1776 ab
1051 1747 1168 1777 umbra
1185 1757 1282 1788 quani
1309 1747 1413 1779 facit:
1445 1749 1577 1780 Graecis

882 1794 1032 1826 σκιάδιον;
1058 1795 1204 1827 foeminis
1235 1798 1334 1828 hodie
1359 1798 1578 1830 nobilioribus

882 1847 1021 1883 usitata,
1036 1845 1192 1887 frequens
1209 1848 1241 1878 iu
1256 1848 1375 1879 Italia:
1400 1854 1505 1889 caput
1524 1860 1578 1880 ve-

882 1896 932 1927 lut
948 1897 1067 1927 coelnm
1084 1897 1250 1938 quoddam
1271 1899 1368 1938 tegit.

926 1948 1032 1978 Epio.
1060 1957 1166 1979 xxrx.
1194 1949 1322 1989 Causia]
1345 1949 1427 1988 Alii,
1456 1950 1576 1981 Gausa-

879 2007 931 2037 pa.
976 1998 1063 2028 Pilei
1077 1996 1260 2029 Thessalici
1283 2003 1401 2030 contra
1417 2001 1535 2032 solem.

927 2051 940 2078 l
964 2049 1083 2088 Tettius]
1098 2049 1164 2079 Pro
1175 2053 1274 2080 tectus
1286 2050 1452 2081 Gruterus
1464 2060 1482 2081 e
1496 2052 1577 2082 Mss.

883 2098 965 2137 legit
980 2101 1095 2128 tecum:
1119 2104 1154 2129 et
1170 2099 1339 2138 observat,
1354 2110 1413 2140 pro
1432 2109 1472 2130 eo
1488 2102 1576 2141 quod

882 2148 1053 2188 habemus,
1072 2150 1156 2180 Nam
1176 2153 1294 2189 ventus,
1316 2151 1346 2180 in
1365 2155 1438 2191 opt.
1459 2151 1577 2182 codice

883 2209 957 2230 esse
983 2200 1165 2231 Mandatus.
1208 2201 1259 2231 Ex
1289 2210 1355 2241 quo
1380 2201 1577 2240 Salmasius,

884 2250 1059 2281 Mantacus.
1081 2250 1189 2280 Posse
1217 2253 1329 2280 tamen
1355 2255 1391 2281 et
1408 2252 1578 2282 Mandatus

883 2300 1042 2330 retineri:
1069 2310 1144 2330 nani
1182 2300 1377 2331 ‘mandam'
1406 2305 1442 2332 et
1465 2302 1576 2332 ‘nian-

883 2355 954 2381 tum
971 2350 979 2363 '
1004 2350 1172 2381 dicebant.
1217 2350 1297 2389 Qui,
1314 2351 1432 2391 inquit,
1448 2355 1577 2382 manta-

885 2406 937 2432 tus
956 2405 1009 2432 est
1035 2400 1067 2430 in
1090 2401 1298 2440 Pompeiano
1325 2402 1473 2440 theatro,
1501 2402 1578 2432 vela

882 2451 1004 2491 populo
1019 2451 1105 2481 solet
1130 2461 1268 2491 negare,
1284 2452 1405 2492 quibus
1422 2453 1493 2493 ipse
1511 2462 1577 2484 non

882 2501 1033 2540 indiget:
1055 2510 1144 2540 nam,
1170 2501 1226 2542 qui
1255 2509 1368 2532 manto
1384 2509 1494 2533 rectus
1512 2508 1577 2543 est,

883 2561 979 2591 aequo
995 2550 1105 2581 animo
1119 2550 1187 2581 fert
1203 2552 1277 2581 vela
1301 2557 1425 2592 negata
1440 2554 1576 2593 populo.

880 2601 966 2631 Vela
982 2605 1095 2631 autem
1121 2606 1241 2641 negata
1267 2602 1483 2642 dicebantur,
1500 2614 1574 2645 quae

883 2653 1014 2683 theatro
1052 2662 1116 2682 non
1154 2653 1421 2686 intenderentur.
1480 2655 1575 2687 Idem

882 2702 1049 2732 Martialis
1076 2703 1141 2734 alio
1158 2704 1244 2743 loco,
1267 2705 1324 2735 lib.
1343 2707 1372 2735 9.
1390 2706 1505 2746 Epigr.
1522 2709 1572 2736 39.

1415 2761 1433 2789 4
1459 2760 1489 2789 Y
