<?xml version="1.0" encoding="UTF-8"?>
<!DOCTYPE html PUBLIC "-//W3C//DTD XHTML 1.0 Transitional//EN"
    "http://www.w3.org/TR/xhtml1/DTD/xhtml1-transitional.dtd">
<html xmlns="http://www.w3.org/1999/xhtml" xml:lang="en" lang="en">
 <head>
  <title>
</title>
<meta http-equiv="Content-Type" content="text/html;charset=utf-8" />
  <meta name='ocr-system' content='tesseract 3.04.00' />
  <meta name='ocr-capabilities' content='ocr_page ocr_carea ocr_par ocr_line ocrx_word'/>
</head>
<body>
  <div class='ocr_page' id='page_1' title='image "./epigrammataexedi03martuoft_0022.png"; bbox 0 0 1866 3131; ppageno 0'>
   <div class='ocr_carea' id='block_1_1' title="bbox 238 205 350 247">
    <p class='ocr_par' dir='ltr' id='par_1_1' title="bbox 238 205 350 247">
     <span class='ocr_line' id='line_1_1' title="bbox 238 205 350 247; baseline 0 -1"><span class='ocrx_word' id='word_1_1' title='bbox 238 206 256 246; x_wconf 82' lang='lat'>1</span> <span class='ocrx_word' id='word_1_2' title='bbox 267 205 350 247; x_wconf 76' lang='lat'>082</span> 
     </span>
    </p>
   </div>
   <div class='ocr_carea' id='block_1_2' title="bbox 233 295 942 2801">
    <p class='ocr_par' dir='ltr' id='par_1_2' title="bbox 233 295 939 529">
     <span class='ocr_line' id='line_1_2' title="bbox 283 295 938 337; baseline -0.002 -8"><span class='ocrx_word' id='word_1_3' title='bbox 283 302 298 329; x_wconf 93' lang='lat' dir='ltr'>l</span> <span class='ocrx_word' id='word_1_4' title='bbox 328 298 429 328; x_wconf 79' lang='lat' dir='ltr'>Turba</span> <span class='ocrx_word' id='word_1_5' title='bbox 467 297 588 336; x_wconf 70' lang='lat' dir='ltr'>grai-is,</span> <span class='ocrx_word' id='word_1_6' title='bbox 618 295 687 336; x_wconf 63' lang='grc' dir='ltr'>ἕμκ]</span> <span class='ocrx_word' id='word_1_7' title='bbox 740 297 938 337; x_wconf 84' lang='lat' dir='ltr'>Delatores,</span> 
     </span>
     <span class='ocr_line' id='line_1_3' title="bbox 242 346 939 388; baseline 0 -10"><span class='ocrx_word' id='word_1_8' title='bbox 242 348 504 379; x_wconf 82' lang='lat' dir='ltr'><strong>calumniatores</strong></span> <span class='ocrx_word' id='word_1_9' title='bbox 527 346 672 386; x_wconf 81' lang='lat' dir='ltr'>fiscales,</span> <span class='ocrx_word' id='word_1_10' title='bbox 695 347 763 388; x_wconf 91' lang='lat' dir='ltr'>qui,</span> <span class='ocrx_word' id='word_1_11' title='bbox 786 346 847 377; x_wconf 93' lang='lat' dir='ltr'>sub</span> <span class='ocrx_word' id='word_1_12' title='bbox 871 347 939 378; x_wconf 81' lang='lat' dir='ltr'>Ne·</span> 
     </span>
     <span class='ocr_line' id='line_1_4' title="bbox 240 398 938 439; baseline 0 -11"><span class='ocrx_word' id='word_1_13' title='bbox 240 407 321 428; x_wconf 89' lang='lat' dir='ltr'>rone</span> <span class='ocrx_word' id='word_1_14' title='bbox 337 398 481 428; x_wconf 87' lang='lat' dir='ltr'>divitum</span> <span class='ocrx_word' id='word_1_15' title='bbox 496 398 616 438; x_wconf 88' lang='lat' dir='ltr'>opibus</span> <span class='ocrx_word' id='word_1_16' title='bbox 630 398 791 437; x_wconf 88' lang='lat' dir='ltr'>insidiati,</span> <span class='ocrx_word' id='word_1_17' title='bbox 803 408 859 428; x_wconf 88' lang='lat' dir='ltr'>eos</span> <span class='ocrx_word' id='word_1_18' title='bbox 872 408 938 439; x_wconf 88' lang='lat' dir='ltr'>quo</span> 
     </span>
     <span class='ocr_line' id='line_1_5' title="bbox 233 447 938 488; baseline 0 -10"><span class='ocrx_word' id='word_1_19' title='bbox 233 448 400 488; x_wconf 86' lang='lat' dir='ltr'>jure,qua</span> <span class='ocrx_word' id='word_1_20' title='bbox 412 448 536 488; x_wconf 88' lang='lat' dir='ltr'>injuria</span> <span class='ocrx_word' id='word_1_21' title='bbox 549 447 824 479; x_wconf 80' lang='lat' dir='ltr'>accusationibus</span> <span class='ocrx_word' id='word_1_22' title='bbox 839 457 938 479; x_wconf 78' lang='lat' dir='ltr'>vexa·</span> 
     </span>
     <span class='ocr_line' id='line_1_6' title="bbox 239 503 326 529; baseline 0.023 -2"><span class='ocrx_word' id='word_1_23' title='bbox 239 503 326 529; x_wconf 87' lang='lat' dir='ltr'>rant.</span> 
     </span>
    </p>

    <p class='ocr_par' dir='ltr' id='par_1_3' title="bbox 235 547 940 1029">
     <span class='ocr_line' id='line_1_7' title="bbox 279 547 937 588; baseline 0.002 -11"><span class='ocrx_word' id='word_1_24' title='bbox 279 550 297 577; x_wconf 86' lang='lat'><strong>2</strong></span> <span class='ocrx_word' id='word_1_25' title='bbox 322 547 459 577; x_wconf 68' lang='lat' dir='ltr'>Miseros</span> <span class='ocrx_word' id='word_1_26' title='bbox 479 547 664 578; x_wconf 76' lang='lat' dir='ltr'>sollicitabat</span> <span class='ocrx_word' id='word_1_27' title='bbox 683 548 769 588; x_wconf 81' lang='lat' dir='ltr'>opes]</span> <span class='ocrx_word' id='word_1_28' title='bbox 799 548 888 578; x_wconf 90' lang='lat' dir='ltr'>Plin.</span> <span class='ocrx_word' id='word_1_29' title='bbox 904 549 937 579; x_wconf 91' lang='lat' dir='ltr'>in</span> 
     </span>
     <span class='ocr_line' id='line_1_8' title="bbox 241 597 940 637; baseline 0.001 -10"><span class='ocrx_word' id='word_1_30' title='bbox 241 597 408 637; x_wconf 75' lang='lat' dir='ltr'>panegyr.</span> <span class='ocrx_word' id='word_1_31' title='bbox 423 597 465 628; x_wconf 90' lang='lat' dir='ltr'>de</span> <span class='ocrx_word' id='word_1_32' title='bbox 489 597 539 628; x_wconf 89' lang='lat' dir='ltr'>his</span> <span class='ocrx_word' id='word_1_33' title='bbox 557 597 791 629; x_wconf 75' lang='lat' dir='ltr'>delatoribus:</span> <span class='ocrx_word' id='word_1_34' title='bbox 818 600 826 614; x_wconf 91' lang='lat'>‘</span> <span class='ocrx_word' id='word_1_35' title='bbox 844 597 940 628; x_wconf 64' lang='lat' dir='ltr'>Vidi-</span> 
     </span>
     <span class='ocr_line' id='line_1_9' title="bbox 239 647 939 689; baseline 0.001 -12"><span class='ocrx_word' id='word_1_36' title='bbox 239 657 312 678; x_wconf 87' lang='lat' dir='ltr'>mus</span> <span class='ocrx_word' id='word_1_37' title='bbox 336 647 526 678; x_wconf 84' lang='lat' dir='ltr'>delatorum</span> <span class='ocrx_word' id='word_1_38' title='bbox 552 647 713 679; x_wconf 91' lang='lat' dir='ltr'>indicium</span> <span class='ocrx_word' id='word_1_39' title='bbox 736 647 827 689; x_wconf 84' lang='lat' dir='ltr'>quasi</span> <span class='ocrx_word' id='word_1_40' title='bbox 847 658 939 688; x_wconf 83' lang='lat' dir='ltr'>gras-</span> 
     </span>
     <span class='ocr_line' id='line_1_10' title="bbox 235 699 936 738; baseline 0.001 -10"><span class='ocrx_word' id='word_1_41' title='bbox 235 704 396 737; x_wconf 82' lang='lat' dir='ltr'>satorum,</span> <span class='ocrx_word' id='word_1_42' title='bbox 415 699 509 738; x_wconf 87' lang='lat' dir='ltr'>quasi</span> <span class='ocrx_word' id='word_1_43' title='bbox 534 699 715 730; x_wconf 83' lang='lat' dir='ltr'>latronum.</span> <span class='ocrx_word' id='word_1_44' title='bbox 763 699 840 730; x_wconf 81' lang='lat' dir='ltr'>Non</span> <span class='ocrx_word' id='word_1_45' title='bbox 858 699 936 729; x_wconf 85' lang='lat' dir='ltr'>soli-</span> 
     </span>
     <span class='ocr_line' id='line_1_11' title="bbox 240 748 940 788; baseline 0.001 -10"><span class='ocrx_word' id='word_1_46' title='bbox 240 748 391 779; x_wconf 83' lang='lat' dir='ltr'>tudinem</span> <span class='ocrx_word' id='word_1_47' title='bbox 410 748 470 787; x_wconf 92' lang='lat' dir='ltr'>illi,</span> <span class='ocrx_word' id='word_1_48' title='bbox 487 758 552 778; x_wconf 92' lang='lat' dir='ltr'>non</span> <span class='ocrx_word' id='word_1_49' title='bbox 577 749 654 788; x_wconf 91' lang='lat' dir='ltr'>iter,</span> <span class='ocrx_word' id='word_1_50' title='bbox 678 748 738 779; x_wconf 90' lang='lat' dir='ltr'>sed</span> <span class='ocrx_word' id='word_1_51' title='bbox 762 749 940 788; x_wconf 88' lang='lat' dir='ltr'>templum,</span> 
     </span>
     <span class='ocr_line' id='line_1_12' title="bbox 238 797 938 838; baseline -0.001 -9"><span class='ocrx_word' id='word_1_52' title='bbox 238 798 298 829; x_wconf 89' lang='lat' dir='ltr'>sed</span> <span class='ocrx_word' id='word_1_53' title='bbox 331 797 441 829; x_wconf 89' lang='lat' dir='ltr'>forum</span> <span class='ocrx_word' id='word_1_54' title='bbox 476 798 686 829; x_wconf 80' lang='lat' dir='ltr'>insederant.</span> <span class='ocrx_word' id='word_1_55' title='bbox 744 799 846 829; x_wconf 88' lang='lat' dir='ltr'>Nulla</span> <span class='ocrx_word' id='word_1_56' title='bbox 865 799 938 838; x_wconf 84' lang='lat' dir='ltr'>jam</span> 
     </span>
     <span class='ocr_line' id='line_1_13' title="bbox 241 849 940 886; baseline 0 -8"><span class='ocrx_word' id='word_1_57' title='bbox 241 853 447 879; x_wconf 88' lang='lat' dir='ltr'>testamenta</span> <span class='ocrx_word' id='word_1_58' title='bbox 465 858 595 886; x_wconf 86' lang='lat' dir='ltr'>secura,</span> <span class='ocrx_word' id='word_1_59' title='bbox 611 849 722 879; x_wconf 91' lang='lat' dir='ltr'>nullus</span> <span class='ocrx_word' id='word_1_60' title='bbox 740 853 850 879; x_wconf 89' lang='lat' dir='ltr'>status</span> <span class='ocrx_word' id='word_1_61' title='bbox 868 858 940 879; x_wconf 84' lang='lat' dir='ltr'>cer-</span> 
     </span>
     <span class='ocr_line' id='line_1_14' title="bbox 239 898 939 938; baseline 0 -10"><span class='ocrx_word' id='word_1_62' title='bbox 239 903 307 937; x_wconf 88' lang='lat' dir='ltr'>tus,</span> <span class='ocrx_word' id='word_1_63' title='bbox 327 908 393 928; x_wconf 88' lang='lat' dir='ltr'>non</span> <span class='ocrx_word' id='word_1_64' title='bbox 422 898 564 936; x_wconf 86' lang='lat' dir='ltr'>orbitas,</span> <span class='ocrx_word' id='word_1_65' title='bbox 591 908 657 929; x_wconf 91' lang='lat' dir='ltr'>non</span> <span class='ocrx_word' id='word_1_66' title='bbox 684 898 784 928; x_wconf 83' lang='lat' dir='ltr'>liberi</span> <span class='ocrx_word' id='word_1_67' title='bbox 818 898 939 938; x_wconf 89' lang='lat' dir='ltr'>prode-</span> 
     </span>
     <span class='ocr_line' id='line_1_15' title="bbox 239 947 938 989; baseline 0 -11"><span class='ocrx_word' id='word_1_68' title='bbox 239 954 327 979; x_wconf 87' lang='lat' dir='ltr'>rant.</span> <span class='ocrx_word' id='word_1_69' title='bbox 363 947 516 979; x_wconf 79' lang='lat' dir='ltr'>Auxerat</span> <span class='ocrx_word' id='word_1_70' title='bbox 532 949 594 979; x_wconf 90' lang='lat' dir='ltr'>hoc</span> <span class='ocrx_word' id='word_1_71' title='bbox 608 948 733 979; x_wconf 91' lang='lat' dir='ltr'>malum</span> <span class='ocrx_word' id='word_1_72' title='bbox 744 948 938 989; x_wconf 90' lang='lat' dir='ltr'>principum</span> 
     </span>
     <span class='ocr_line' id='line_1_16' title="bbox 242 997 405 1029; baseline 0.006 -1"><span class='ocrx_word' id='word_1_73' title='bbox 242 997 405 1029; x_wconf 86' lang='lat' dir='ltr'>avaritia.’</span> 
     </span>
    </p>

    <p class='ocr_par' dir='ltr' id='par_1_4' title="bbox 236 1048 941 2350">
     <span class='ocr_line' id='line_1_17' title="bbox 282 1048 939 1089; baseline 0 -10"><span class='ocrx_word' id='word_1_74' title='bbox 282 1052 300 1079; x_wconf 81' lang='lat'><strong>3</strong></span> <span class='ocrx_word' id='word_1_75' title='bbox 331 1049 462 1080; x_wconf 81' lang='lat' dir='ltr'>Tradita</span> <span class='ocrx_word' id='word_1_76' title='bbox 488 1049 627 1088; x_wconf 75' lang='lat' dir='ltr'>Getulis]</span> <span class='ocrx_word' id='word_1_77' title='bbox 651 1048 815 1089; x_wconf 81' lang='lat' dir='ltr'>Relegata</span> <span class='ocrx_word' id='word_1_78' title='bbox 839 1049 939 1079; x_wconf 88' lang='lat' dir='ltr'>estin</span> 
     </span>
     <span class='ocr_line' id='line_1_18' title="bbox 237 1098 940 1131; baseline -0.001 0"><span class='ocrx_word' id='word_1_79' title='bbox 237 1110 380 1131; x_wconf 88' lang='lat' dir='ltr'>arenosa</span> <span class='ocrx_word' id='word_1_80' title='bbox 395 1105 430 1131; x_wconf 89' lang='lat' dir='ltr'>et</span> <span class='ocrx_word' id='word_1_81' title='bbox 450 1100 586 1130; x_wconf 79' lang='lat' dir='ltr'>deserta</span> <span class='ocrx_word' id='word_1_82' title='bbox 612 1098 738 1130; x_wconf 85' lang='lat' dir='ltr'>Africae</span> <span class='ocrx_word' id='word_1_83' title='bbox 767 1100 866 1131; x_wconf 83' lang='lat' dir='ltr'>loca:</span> <span class='ocrx_word' id='word_1_84' title='bbox 894 1101 940 1130; x_wconf 89' lang='lat' dir='ltr'>le-</span> 
     </span>
     <span class='ocr_line' id='line_1_19' title="bbox 242 1151 940 1192; baseline -0.001 -10"><span class='ocrx_word' id='word_1_85' title='bbox 242 1157 325 1192; x_wconf 85' lang='lat' dir='ltr'>gunt</span> <span class='ocrx_word' id='word_1_86' title='bbox 341 1152 397 1182; x_wconf 91' lang='lat' dir='ltr'>alii</span> <span class='ocrx_word' id='word_1_87' title='bbox 424 1152 580 1183; x_wconf 81' lang='lat' dir='ltr'>Traducta</span> <span class='ocrx_word' id='word_1_88' title='bbox 597 1154 641 1181; x_wconf 77' lang='lat' dir='ltr'>est</span> <span class='ocrx_word' id='word_1_89' title='bbox 663 1151 793 1191; x_wconf 80' lang='lat' dir='ltr'>Gyaris,</span> <span class='ocrx_word' id='word_1_90' title='bbox 813 1151 890 1191; x_wconf 88' lang='lat' dir='ltr'>quia</span> <span class='ocrx_word' id='word_1_91' title='bbox 906 1151 940 1181; x_wconf 90' lang='lat' dir='ltr'>in</span> 
     </span>
     <span class='ocr_line' id='line_1_20' title="bbox 239 1201 940 1242; baseline -0.003 -9"><span class='ocrx_word' id='word_1_92' title='bbox 239 1201 395 1241; x_wconf 81' lang='lat' dir='ltr'>Gyarum</span> <span class='ocrx_word' id='word_1_93' title='bbox 433 1202 576 1232; x_wconf 89' lang='lat' dir='ltr'>insulam</span> <span class='ocrx_word' id='word_1_94' title='bbox 612 1201 809 1242; x_wconf 89' lang='lat' dir='ltr'>plerumque</span> <span class='ocrx_word' id='word_1_95' title='bbox 848 1201 940 1231; x_wconf 89' lang='lat' dir='ltr'>cives</span> 
     </span>
     <span class='ocr_line' id='line_1_21' title="bbox 240 1251 938 1292; baseline 0 -10"><span class='ocrx_word' id='word_1_96' title='bbox 240 1252 383 1282; x_wconf 79' lang='lat' dir='ltr'>Romani</span> <span class='ocrx_word' id='word_1_97' title='bbox 412 1251 678 1292; x_wconf 82' lang='lat' dir='ltr'>relegabantur:</span> <span class='ocrx_word' id='word_1_98' title='bbox 710 1251 766 1281; x_wconf 89' lang='lat' dir='ltr'>alii</span> <span class='ocrx_word' id='word_1_99' title='bbox 802 1251 938 1291; x_wconf 76' lang='lat' dir='ltr'>Cybiris.</span> 
     </span>
     <span class='ocr_line' id='line_1_22' title="bbox 241 1300 938 1342; baseline -0.001 -10"><span class='ocrx_word' id='word_1_100' title='bbox 241 1301 373 1341; x_wconf 83' lang='lat' dir='ltr'>Lipsius</span> <span class='ocrx_word' id='word_1_101' title='bbox 403 1311 477 1342; x_wconf 88' lang='lat' dir='ltr'>cap.</span> <span class='ocrx_word' id='word_1_102' title='bbox 512 1304 562 1332; x_wconf 92' lang='grc'>11.</span> <span class='ocrx_word' id='word_1_103' title='bbox 593 1300 653 1332; x_wconf 91' lang='lat' dir='ltr'>lib.</span> <span class='ocrx_word' id='word_1_104' title='bbox 684 1304 715 1332; x_wconf 83' lang='lat'>2.</span> <span class='ocrx_word' id='word_1_105' title='bbox 744 1301 786 1332; x_wconf 82' lang='lat' dir='ltr'>(le</span> <span class='ocrx_word' id='word_1_106' title='bbox 827 1303 938 1332; x_wconf 65' lang='lat' dir='ltr'>(Li-nce</span> 
     </span>
     <span class='ocr_line' id='line_1_23' title="bbox 238 1351 938 1392; baseline 0.001 -12"><span class='ocrx_word' id='word_1_107' title='bbox 238 1352 334 1392; x_wconf 77' lang='lat' dir='ltr'>legit,</span> <span class='ocrx_word' id='word_1_108' title='bbox 354 1351 510 1382; x_wconf 80' lang='lat' dir='ltr'>Traducta</span> <span class='ocrx_word' id='word_1_109' title='bbox 533 1354 577 1382; x_wconf 83' lang='lat' dir='ltr'>est</span> <span class='ocrx_word' id='word_1_110' title='bbox 608 1351 745 1382; x_wconf 78' lang='lat' dir='ltr'>Titulis:</span> <span class='ocrx_word' id='word_1_111' title='bbox 769 1361 829 1391; x_wconf 85' lang='lat' dir='ltr'>pro</span> <span class='ocrx_word' id='word_1_112' title='bbox 846 1361 938 1382; x_wconf 88' lang='lat' dir='ltr'>more</span> 
     </span>
     <span class='ocr_line' id='line_1_24' title="bbox 239 1401 939 1442; baseline 0 -10"><span class='ocrx_word' id='word_1_113' title='bbox 239 1401 416 1432; x_wconf 84' lang='lat' dir='ltr'>noxiorum</span> <span class='ocrx_word' id='word_1_114' title='bbox 442 1401 642 1433; x_wconf 83' lang='lat' dir='ltr'>traducendi</span> <span class='ocrx_word' id='word_1_115' title='bbox 661 1411 722 1442; x_wconf 88' lang='lat' dir='ltr'>per</span> <span class='ocrx_word' id='word_1_116' title='bbox 748 1401 859 1432; x_wconf 86' lang='lat' dir='ltr'>forum</span> <span class='ocrx_word' id='word_1_117' title='bbox 880 1412 939 1433; x_wconf 86' lang='lat' dir='ltr'>seu</span> 
     </span>
     <span class='ocr_line' id='line_1_25' title="bbox 240 1451 939 1492; baseline 0.003 -11"><span class='ocrx_word' id='word_1_118' title='bbox 240 1451 390 1492; x_wconf 85' lang='lat' dir='ltr'>Amphit.</span> <span class='ocrx_word' id='word_1_119' title='bbox 415 1452 574 1492; x_wconf 82' lang='lat' dir='ltr'>appensis</span> <span class='ocrx_word' id='word_1_120' title='bbox 600 1452 686 1482; x_wconf 88' lang='lat' dir='ltr'>collo</span> <span class='ocrx_word' id='word_1_121' title='bbox 706 1452 813 1483; x_wconf 89' lang='lat' dir='ltr'>titulis</span> <span class='ocrx_word' id='word_1_122' title='bbox 833 1458 866 1483; x_wconf 83' lang='lat' dir='ltr'>et</span> <span class='ocrx_word' id='word_1_123' title='bbox 891 1454 939 1483; x_wconf 90' lang='lat' dir='ltr'>in-</span> 
     </span>
     <span class='ocr_line' id='line_1_26' title="bbox 237 1502 937 1543; baseline 0.003 -11"><span class='ocrx_word' id='word_1_124' title='bbox 237 1502 481 1543; x_wconf 77' lang='lat' dir='ltr'>scriptionibus</span> <span class='ocrx_word' id='word_1_125' title='bbox 500 1503 700 1533; x_wconf 83' lang='lat' dir='ltr'>criminum:</span> <span class='ocrx_word' id='word_1_126' title='bbox 726 1508 762 1533; x_wconf 90' lang='lat' dir='ltr'>et</span> <span class='ocrx_word' id='word_1_127' title='bbox 796 1504 937 1535; x_wconf 82' lang='lat' dir='ltr'>Sueton.</span> 
     </span>
     <span class='ocr_line' id='line_1_27' title="bbox 238 1552 938 1585; baseline 0.001 -1"><span class='ocrx_word' id='word_1_128' title='bbox 238 1562 270 1584; x_wconf 84' lang='lat' dir='ltr'>c,</span> <span class='ocrx_word' id='word_1_129' title='bbox 286 1556 316 1582; x_wconf 86' lang='grc'><strong>8.</strong></span> <span class='ocrx_word' id='word_1_130' title='bbox 333 1552 400 1583; x_wconf 81' lang='lat' dir='ltr'>Titi</span> <span class='ocrx_word' id='word_1_131' title='bbox 419 1564 426 1584; x_wconf 91' lang='lat'><strong>:</strong></span> <span class='ocrx_word' id='word_1_132' title='bbox 448 1557 456 1569; x_wconf 90' lang='lat'><em>‘</em></span> <span class='ocrx_word' id='word_1_133' title='bbox 473 1553 655 1583; x_wconf 86' lang='lat' dir='ltr'>Delatores</span> <span class='ocrx_word' id='word_1_134' title='bbox 670 1553 805 1584; x_wconf 84' lang='lat' dir='ltr'>assidue</span> <span class='ocrx_word' id='word_1_135' title='bbox 822 1554 853 1584; x_wconf 90' lang='lat' dir='ltr'>in</span> <span class='ocrx_word' id='word_1_136' title='bbox 866 1553 938 1585; x_wconf 90' lang='lat' dir='ltr'>foro</span> 
     </span>
     <span class='ocr_line' id='line_1_28' title="bbox 238 1601 938 1643; baseline 0.004 -11"><span class='ocrx_word' id='word_1_137' title='bbox 238 1601 382 1633; x_wconf 80' lang='lat' dir='ltr'>fustibus</span> <span class='ocrx_word' id='word_1_138' title='bbox 400 1609 433 1633; x_wconf 92' lang='lat' dir='ltr'>et</span> <span class='ocrx_word' id='word_1_139' title='bbox 451 1601 592 1643; x_wconf 77' lang='lat' dir='ltr'>flagellis</span> <span class='ocrx_word' id='word_1_140' title='bbox 612 1613 731 1642; x_wconf 78' lang='lat' dir='ltr'>caesos,</span> <span class='ocrx_word' id='word_1_141' title='bbox 756 1604 938 1635; x_wconf 80' lang='lat' dir='ltr'>novissime</span> 
     </span>
     <span class='ocr_line' id='line_1_29' title="bbox 238 1653 941 1693; baseline 0.004 -11"><span class='ocrx_word' id='word_1_142' title='bbox 238 1653 415 1683; x_wconf 86' lang='lat' dir='ltr'>traductos</span> <span class='ocrx_word' id='word_1_143' title='bbox 443 1663 504 1692; x_wconf 83' lang='lat' dir='ltr'>per</span> <span class='ocrx_word' id='word_1_144' title='bbox 519 1653 771 1693; x_wconf 82' lang='lat' dir='ltr'>Amphitheatri</span> <span class='ocrx_word' id='word_1_145' title='bbox 791 1663 941 1693; x_wconf 84' lang='lat' dir='ltr'>arenam,</span> 
     </span>
     <span class='ocr_line' id='line_1_30' title="bbox 240 1703 940 1744; baseline 0.004 -11"><span class='ocrx_word' id='word_1_146' title='bbox 240 1705 361 1743; x_wconf 84' lang='lat' dir='ltr'>partim</span> <span class='ocrx_word' id='word_1_147' title='bbox 379 1703 500 1744; x_wconf 84' lang='lat' dir='ltr'>subjici</span> <span class='ocrx_word' id='word_1_148' title='bbox 519 1704 551 1734; x_wconf 87' lang='lat' dir='ltr'>in</span> <span class='ocrx_word' id='word_1_149' title='bbox 579 1713 696 1734; x_wconf 85' lang='lat' dir='ltr'>servos</span> <span class='ocrx_word' id='word_1_150' title='bbox 722 1710 779 1734; x_wconf 90' lang='lat' dir='ltr'>aut</span> <span class='ocrx_word' id='word_1_151' title='bbox 798 1706 940 1744; x_wconf 83' lang='lat' dir='ltr'>vaenire,</span> 
     </span>
     <span class='ocr_line' id='line_1_31' title="bbox 240 1754 939 1794; baseline 0 -10"><span class='ocrx_word' id='word_1_152' title='bbox 240 1754 405 1793; x_wconf 78' lang='lat' dir='ltr'>partimin</span> <span class='ocrx_word' id='word_1_153' title='bbox 418 1754 622 1794; x_wconf 86' lang='lat' dir='ltr'>asperrimas</span> <span class='ocrx_word' id='word_1_154' title='bbox 639 1754 825 1784; x_wconf 81' lang='lat' dir='ltr'>insularum</span> <span class='ocrx_word' id='word_1_155' title='bbox 841 1755 939 1785; x_wconf 89' lang='lat' dir='ltr'>avehi</span> 
     </span>
     <span class='ocr_line' id='line_1_32' title="bbox 242 1803 939 1844; baseline 0.003 -11"><span class='ocrx_word' id='word_1_156' title='bbox 242 1803 445 1844; x_wconf 61' lang='lat' dir='ltr'>imperavit!</span> <span class='ocrx_word' id='word_1_157' title='bbox 483 1803 618 1834; x_wconf 84' lang='lat' dir='ltr'>Traditi</span> <span class='ocrx_word' id='word_1_158' title='bbox 650 1809 730 1835; x_wconf 89' lang='lat' dir='ltr'>sunt</span> <span class='ocrx_word' id='word_1_159' title='bbox 766 1803 939 1836; x_wconf 89' lang='lat' dir='ltr'>delatores</span> 
     </span>
     <span class='ocr_line' id='line_1_33' title="bbox 241 1855 940 1895; baseline 0.004 -10"><span class='ocrx_word' id='word_1_160' title='bbox 241 1855 393 1893; x_wconf 79' lang='lat' dir='ltr'>Getulis,</span> <span class='ocrx_word' id='word_1_161' title='bbox 411 1856 581 1894; x_wconf 73' lang='lat' dir='ltr'>magistris</span> <span class='ocrx_word' id='word_1_162' title='bbox 597 1856 730 1887; x_wconf 86' lang='lat' dir='ltr'>scilicet</span> <span class='ocrx_word' id='word_1_163' title='bbox 742 1857 890 1895; x_wconf 87' lang='lat' dir='ltr'>leonum,</span> <span class='ocrx_word' id='word_1_164' title='bbox 903 1861 940 1888; x_wconf 87' lang='lat' dir='ltr'>nt</span> 
     </span>
     <span class='ocr_line' id='line_1_34' title="bbox 240 1907 940 1948; baseline 0.004 -12"><span class='ocrx_word' id='word_1_165' title='bbox 240 1916 298 1936; x_wconf 84' lang='lat' dir='ltr'>eos</span> <span class='ocrx_word' id='word_1_166' title='bbox 310 1907 371 1946; x_wconf 87' lang='lat' dir='ltr'>ipsi</span> <span class='ocrx_word' id='word_1_167' title='bbox 387 1907 454 1937; x_wconf 84' lang='lat' dir='ltr'>suis</span> <span class='ocrx_word' id='word_1_168' title='bbox 468 1908 801 1939; x_wconf 83' lang='lat' dir='ltr'>leonibuslaniandos</span> <span class='ocrx_word' id='word_1_169' title='bbox 812 1908 940 1948; x_wconf 88' lang='lat' dir='ltr'>objice-</span> 
     </span>
     <span class='ocr_line' id='line_1_35' title="bbox 241 1961 939 1998; baseline 0.006 -13"><span class='ocrx_word' id='word_1_170' title='bbox 241 1961 337 1987; x_wconf 83' lang='lat' dir='ltr'>rent:</span> <span class='ocrx_word' id='word_1_171' title='bbox 363 1965 444 1997; x_wconf 87' lang='lat' dir='ltr'>quos</span> <span class='ocrx_word' id='word_1_172' title='bbox 471 1962 584 1988; x_wconf 86' lang='lat' dir='ltr'>tamen</span> <span class='ocrx_word' id='word_1_173' title='bbox 617 1968 716 1998; x_wconf 89' lang='lat' dir='ltr'>quum</span> <span class='ocrx_word' id='word_1_174' title='bbox 746 1968 850 1989; x_wconf 86' lang='lat' dir='ltr'>arena</span> <span class='ocrx_word' id='word_1_175' title='bbox 873 1968 939 1989; x_wconf 91' lang='lat' dir='ltr'>non</span> 
     </span>
     <span class='ocr_line' id='line_1_36' title="bbox 239 2007 941 2049; baseline 0.004 -13"><span class='ocrx_word' id='word_1_176' title='bbox 239 2012 390 2046; x_wconf 86' lang='lat' dir='ltr'>caperet,</span> <span class='ocrx_word' id='word_1_177' title='bbox 419 2007 505 2046; x_wconf 89' lang='lat' dir='ltr'>pulsi</span> <span class='ocrx_word' id='word_1_178' title='bbox 533 2013 610 2038; x_wconf 83' lang='lat' dir='ltr'>sunt</span> <span class='ocrx_word' id='word_1_179' title='bbox 641 2008 774 2049; x_wconf 87' lang='lat' dir='ltr'>quidam</span> <span class='ocrx_word' id='word_1_180' title='bbox 807 2009 840 2039; x_wconf 91' lang='lat' dir='ltr'>in</span> <span class='ocrx_word' id='word_1_181' title='bbox 870 2009 941 2039; x_wconf 83' lang='lat' dir='ltr'>exi-</span> 
     </span>
     <span class='ocr_line' id='line_1_37' title="bbox 241 2057 940 2098; baseline 0.006 -12"><span class='ocrx_word' id='word_1_182' title='bbox 241 2057 331 2087; x_wconf 90' lang='lat' dir='ltr'>lium.</span> <span class='ocrx_word' id='word_1_183' title='bbox 357 2057 474 2095; x_wconf 74' lang='lat' dir='ltr'>Scalig.</span> <span class='ocrx_word' id='word_1_184' title='bbox 492 2061 521 2087; x_wconf 81' lang='lat' dir='ltr'>et</span> <span class='ocrx_word' id='word_1_185' title='bbox 538 2058 639 2089; x_wconf 80' lang='lat' dir='ltr'>Scrz&#39;v.</span> <span class='ocrx_word' id='word_1_186' title='bbox 679 2058 746 2088; x_wconf 81' lang='lat' dir='ltr'>Nec</span> <span class='ocrx_word' id='word_1_187' title='bbox 762 2059 856 2098; x_wconf 80' lang='lat' dir='ltr'>cepit,</span> <span class='ocrx_word' id='word_1_188' title='bbox 871 2059 940 2098; x_wconf 53' lang='lat' dir='ltr'>&amp;ej</span> 
     </span>
     <span class='ocr_line' id='line_1_38' title="bbox 241 2106 940 2147; baseline 0.004 -10"><span class='ocrx_word' id='word_1_189' title='bbox 241 2106 373 2137; x_wconf 85' lang='lat' dir='ltr'>Tantus</span> <span class='ocrx_word' id='word_1_190' title='bbox 405 2113 457 2138; x_wconf 85' lang='lat' dir='ltr'>est</span> <span class='ocrx_word' id='word_1_191' title='bbox 489 2108 677 2139; x_wconf 81' lang='lat' dir='ltr'>delatorum</span> <span class='ocrx_word' id='word_1_192' title='bbox 710 2118 879 2147; x_wconf 66' lang='lat' dir='ltr'>numerus,</span> <span class='ocrx_word' id='word_1_193' title='bbox 904 2114 940 2140; x_wconf 90' lang='lat' dir='ltr'>ut</span> 
     </span>
     <span class='ocr_line' id='line_1_39' title="bbox 241 2156 941 2199; baseline 0.006 -13"><span class='ocrx_word' id='word_1_194' title='bbox 241 2156 295 2187; x_wconf 77' lang='lat' dir='ltr'>vix</span> <span class='ocrx_word' id='word_1_195' title='bbox 314 2157 426 2197; x_wconf 78' lang='lat' dir='ltr'>capiat</span> <span class='ocrx_word' id='word_1_196' title='bbox 455 2168 511 2188; x_wconf 81' lang='lat' dir='ltr'>eos</span> <span class='ocrx_word' id='word_1_197' title='bbox 529 2158 701 2199; x_wconf 82' lang='lat' dir='ltr'>Amphith.</span> <span class='ocrx_word' id='word_1_198' title='bbox 718 2159 782 2189; x_wconf 91' lang='lat' dir='ltr'>imo</span> <span class='ocrx_word' id='word_1_199' title='bbox 813 2159 868 2189; x_wconf 83' lang='lat' dir='ltr'>vix</span> <span class='ocrx_word' id='word_1_200' title='bbox 892 2159 941 2190; x_wconf 94' lang='lat' dir='ltr'>in-</span> 
     </span>
     <span class='ocr_line' id='line_1_40' title="bbox 241 2208 941 2250; baseline 0.006 -13"><span class='ocrx_word' id='word_1_201' title='bbox 241 2208 336 2238; x_wconf 78' lang='lat' dir='ltr'>sulae.</span> <span class='ocrx_word' id='word_1_202' title='bbox 384 2208 513 2239; x_wconf 88' lang='lat' dir='ltr'>Plinius</span> <span class='ocrx_word' id='word_1_203' title='bbox 544 2209 576 2239; x_wconf 85' lang='lat' dir='ltr'>in</span> <span class='ocrx_word' id='word_1_204' title='bbox 610 2210 830 2250; x_wconf 71' lang='lat' dir='ltr'>Panegyrico</span> <span class='ocrx_word' id='word_1_205' title='bbox 855 2210 941 2241; x_wconf 85' lang='lat' dir='ltr'>Tra·</span> 
     </span>
     <span class='ocr_line' id='line_1_41' title="bbox 236 2258 941 2301; baseline 0.006 -13"><span class='ocrx_word' id='word_1_206' title='bbox 236 2258 321 2297; x_wconf 84' lang='lat' dir='ltr'>jani.</span> <span class='ocrx_word' id='word_1_207' title='bbox 371 2259 491 2298; x_wconf 77' lang='lat' dir='ltr'>Arena]</span> <span class='ocrx_word' id='word_1_208' title='bbox 542 2260 610 2290; x_wconf 86' lang='lat' dir='ltr'>Pro</span> <span class='ocrx_word' id='word_1_209' title='bbox 629 2260 703 2299; x_wconf 89' lang='lat' dir='ltr'>ipso</span> <span class='ocrx_word' id='word_1_210' title='bbox 721 2260 941 2301; x_wconf 86' lang='lat' dir='ltr'>Amphithea-</span> 
     </span>
     <span class='ocr_line' id='line_1_42' title="bbox 242 2309 887 2350; baseline 0.006 -12"><span class='ocrx_word' id='word_1_211' title='bbox 242 2314 305 2339; x_wconf 89' lang='lat' dir='ltr'>tro.</span> <span class='ocrx_word' id='word_1_212' title='bbox 351 2309 440 2347; x_wconf 73' lang='lat' dir='ltr'>Lege,</span> <span class='ocrx_word' id='word_1_213' title='bbox 468 2309 561 2349; x_wconf 81' lang='lat' dir='ltr'>Lips.</span> <span class='ocrx_word' id='word_1_214' title='bbox 579 2309 620 2340; x_wconf 83' lang='lat' dir='ltr'>(le</span> <span class='ocrx_word' id='word_1_215' title='bbox 638 2310 792 2350; x_wconf 88' lang='lat' dir='ltr'>Amphit.</span> <span class='ocrx_word' id='word_1_216' title='bbox 809 2321 838 2342; x_wconf 93' lang='lat' dir='ltr'>c.</span> <span class='ocrx_word' id='word_1_217' title='bbox 855 2314 887 2342; x_wconf 86' lang='lat'>3.</span> 
     </span>
    </p>

    <p class='ocr_par' dir='ltr' id='par_1_5' title="bbox 243 2359 941 2449">
     <span class='ocr_line' id='line_1_43' title="bbox 281 2359 941 2402; baseline 0.008 -15"><span class='ocrx_word' id='word_1_218' title='bbox 281 2360 300 2388; x_wconf 84' lang='grc'><em>4</em></span> <span class='ocrx_word' id='word_1_219' title='bbox 326 2359 520 2399; x_wconf 59' lang='lat' dir='ltr'>11nbet,&amp;c.]</span> <span class='ocrx_word' id='word_1_220' title='bbox 547 2359 941 2402; x_wconf 85' lang='lat' dir='ltr'>Etalionispoena,quae</span> 
     </span>
     <span class='ocr_line' id='line_1_44' title="bbox 243 2408 578 2449; baseline 0.009 -12"><span class='ocrx_word' id='word_1_221' title='bbox 243 2408 418 2439; x_wconf 80' lang='lat' dir='ltr'>veteribus</span> <span class='ocrx_word' id='word_1_222' title='bbox 437 2410 578 2449; x_wconf 84' lang='lat' dir='ltr'>placuit.</span> 
     </span>
    </p>

    <p class='ocr_par' dir='ltr' id='par_1_6' title="bbox 241 2458 940 2598">
     <span class='ocr_line' id='line_1_45' title="bbox 283 2458 940 2503; baseline 0.009 -17"><span class='ocrx_word' id='word_1_223' title='bbox 283 2461 300 2486; x_wconf 85' lang='lat'>5</span> <span class='ocrx_word' id='word_1_224' title='bbox 326 2458 463 2487; x_wconf 78' lang='lat' dir='ltr'>Ausonia</span> <span class='ocrx_word' id='word_1_225' title='bbox 488 2459 576 2499; x_wconf 81' lang='lat' dir='ltr'>urbe]</span> <span class='ocrx_word' id='word_1_226' title='bbox 613 2461 722 2491; x_wconf 87' lang='lat' dir='ltr'>Roma</span> <span class='ocrx_word' id='word_1_227' title='bbox 746 2461 845 2501; x_wconf 89' lang='lat' dir='ltr'>urbe,</span> <span class='ocrx_word' id='word_1_228' title='bbox 866 2472 940 2503; x_wconf 86' lang='lat' dir='ltr'>quae</span> 
     </span>
     <span class='ocr_line' id='line_1_46' title="bbox 241 2507 940 2550; baseline 0.009 -13"><span class='ocrx_word' id='word_1_229' title='bbox 241 2512 345 2547; x_wconf 88' lang='lat' dir='ltr'>caput</span> <span class='ocrx_word' id='word_1_230' title='bbox 361 2507 518 2538; x_wconf 68' lang='lat' dir='ltr'>Ausoniae</span> <span class='ocrx_word' id='word_1_231' title='bbox 531 2519 588 2539; x_wconf 81' lang='lat' dir='ltr'>seu</span> <span class='ocrx_word' id='word_1_232' title='bbox 607 2510 730 2550; x_wconf 74' lang='lat' dir='ltr'>Italiac,</span> <span class='ocrx_word' id='word_1_233' title='bbox 746 2512 787 2542; x_wconf 86' lang='lat' dir='ltr'>ab</span> <span class='ocrx_word' id='word_1_234' title='bbox 803 2511 940 2543; x_wconf 84' lang='lat' dir='ltr'>Ausone</span> 
     </span>
     <span class='ocr_line' id='line_1_47' title="bbox 244 2557 713 2598; baseline 0.011 -11"><span class='ocrx_word' id='word_1_235' title='bbox 244 2557 377 2598; x_wconf 78' lang='lat' dir='ltr'>Ulyssis</span> <span class='ocrx_word' id='word_1_236' title='bbox 398 2563 433 2588; x_wconf 85' lang='lat' dir='ltr'>et</span> <span class='ocrx_word' id='word_1_237' title='bbox 451 2559 617 2598; x_wconf 72' lang='lat' dir='ltr'>Calypsus</span> <span class='ocrx_word' id='word_1_238' title='bbox 633 2560 713 2593; x_wconf 81' lang='lat' dir='ltr'>filio.</span> 
     </span>
    </p>

    <p class='ocr_par' dir='ltr' id='par_1_7' title="bbox 243 2608 942 2801">
     <span class='ocr_line' id='line_1_48' title="bbox 284 2608 940 2653; baseline 0.012 -16"><span class='ocrx_word' id='word_1_239' title='bbox 284 2611 304 2637; x_wconf 81' lang='lat'><strong>6</strong></span> <span class='ocrx_word' id='word_1_240' title='bbox 328 2608 491 2647; x_wconf 76' lang='lat' dir='ltr'>Impensis,</span> <span class='ocrx_word' id='word_1_241' title='bbox 506 2610 573 2648; x_wconf 57' lang='grc' dir='ltr'>ἐγω]</span> <span class='ocrx_word' id='word_1_242' title='bbox 614 2612 727 2651; x_wconf 79' lang='lat' dir='ltr'>Curis,</span> <span class='ocrx_word' id='word_1_243' title='bbox 753 2613 940 2653; x_wconf 82' lang='lat' dir='ltr'>beneficiis,</span> 
     </span>
     <span class='ocr_line' id='line_1_49' title="bbox 245 2657 941 2698; baseline 0.011 -11"><span class='ocrx_word' id='word_1_244' title='bbox 245 2657 449 2688; x_wconf 81' lang='lat' dir='ltr'>muneribus.</span> <span class='ocrx_word' id='word_1_245' title='bbox 496 2658 618 2698; x_wconf 68' lang='lat' dir='ltr'>Vitam]</span> <span class='ocrx_word' id='word_1_246' title='bbox 665 2661 779 2693; x_wconf 79' lang='lat' dir='ltr'>Vitam</span> <span class='ocrx_word' id='word_1_247' title='bbox 809 2664 941 2695; x_wconf 82' lang='lat' dir='ltr'>scilicet</span> 
     </span>
     <span class='ocr_line' id='line_1_50' title="bbox 246 2708 941 2747; baseline 0.01 -10"><span class='ocrx_word' id='word_1_248' title='bbox 246 2712 336 2738; x_wconf 80' lang='lat' dir='ltr'>tuam</span> <span class='ocrx_word' id='word_1_249' title='bbox 356 2711 533 2747; x_wconf 83' lang='lat' dir='ltr'>acceptam</span> <span class='ocrx_word' id='word_1_250' title='bbox 560 2708 688 2740; x_wconf 84' lang='lat' dir='ltr'>referas</span> <span class='ocrx_word' id='word_1_251' title='bbox 709 2711 883 2744; x_wconf 82' lang='lat' dir='ltr'>beneficiis</span> <span class='ocrx_word' id='word_1_252' title='bbox 907 2718 941 2744; x_wconf 90' lang='lat' dir='ltr'>et</span> 
     </span>
     <span class='ocr_line' id='line_1_51' title="bbox 243 2756 942 2801; baseline 0.011 -15"><span class='ocrx_word' id='word_1_253' title='bbox 243 2756 439 2787; x_wconf 82' lang='lat' dir='ltr'>muneribus</span> <span class='ocrx_word' id='word_1_254' title='bbox 462 2757 619 2795; x_wconf 74' lang='lat' dir='ltr'>Cmsaris,</span> <span class='ocrx_word' id='word_1_255' title='bbox 647 2760 701 2800; x_wconf 82' lang='lat' dir='ltr'>qui</span> <span class='ocrx_word' id='word_1_256' title='bbox 727 2767 853 2801; x_wconf 75' lang='lat' dir='ltr'>praetcr</span> <span class='ocrx_word' id='word_1_257' title='bbox 878 2764 942 2795; x_wconf 84' lang='lat' dir='ltr'>alia</span> 
     </span>
    </p>
   </div>
   <div class='ocr_carea' id='block_1_3' title="bbox 704 213 1225 244">
    <p class='ocr_par' dir='ltr' id='par_1_8' title="bbox 704 213 1225 244">
     <span class='ocr_line' id='line_1_52' title="bbox 704 213 1225 244; baseline -0.002 0"><span class='ocrx_word' id='word_1_258' title='bbox 704 213 844 244; x_wconf 88' lang='lat' dir='ltr'>NOTAE</span> <span class='ocrx_word' id='word_1_259' title='bbox 875 213 1141 244; x_wconf 81' lang='lat' dir='ltr'>VARIORUM</span> <span class='ocrx_word' id='word_1_260' title='bbox 1174 214 1225 243; x_wconf 87' lang='lat' dir='ltr'>IN</span> 
     </span>
    </p>
   </div>
   <div class='ocr_carea' id='block_1_4' title="bbox 989 294 1692 2805">
    <p class='ocr_par' dir='ltr' id='par_1_9' title="bbox 990 294 1684 336">
     <span class='ocr_line' id='line_1_53' title="bbox 990 294 1684 336; baseline -0.003 -8"><span class='ocrx_word' id='word_1_261' title='bbox 990 306 1130 328; x_wconf 88' lang='lat' dir='ltr'>munera</span> <span class='ocrx_word' id='word_1_262' title='bbox 1158 297 1218 328; x_wconf 85' lang='lat' dir='ltr'>tihi</span> <span class='ocrx_word' id='word_1_263' title='bbox 1246 295 1325 326; x_wconf 73' lang='lat' dir='ltr'>(lata</span> <span class='ocrx_word' id='word_1_264' title='bbox 1341 294 1515 336; x_wconf 81' lang='lat' dir='ltr'>editaque,</span> <span class='ocrx_word' id='word_1_265' title='bbox 1531 294 1625 326; x_wconf 86' lang='lat' dir='ltr'>dedit</span> <span class='ocrx_word' id='word_1_266' title='bbox 1649 299 1684 326; x_wconf 83' lang='lat' dir='ltr'>et</span> 
     </span>
    </p>

    <p class='ocr_par' dir='ltr' id='par_1_10' title="bbox 990 345 1684 389">
     <span class='ocr_line' id='line_1_54' title="bbox 990 345 1684 389; baseline -0.004 -10"><span class='ocrx_word' id='word_1_267' title='bbox 990 349 1106 387; x_wconf 90' lang='lat' dir='ltr'>vitam,</span> <span class='ocrx_word' id='word_1_268' title='bbox 1119 358 1219 389; x_wconf 83' lang='lat' dir='ltr'>quum</span> <span class='ocrx_word' id='word_1_269' title='bbox 1238 345 1388 387; x_wconf 89' lang='lat' dir='ltr'>perdidit</span> <span class='ocrx_word' id='word_1_270' title='bbox 1403 345 1587 376; x_wconf 81' lang='lat' dir='ltr'>delatores.</span> <span class='ocrx_word' id='word_1_271' title='bbox 1621 347 1684 376; x_wconf 75' lang='lat' dir='ltr'>Vei</span> 
     </span>
    </p>

    <p class='ocr_par' dir='ltr' id='par_1_11' title="bbox 993 395 1684 428">
     <span class='ocr_line' id='line_1_55' title="bbox 993 395 1684 428; baseline -0.003 0"><span class='ocrx_word' id='word_1_272' title='bbox 993 396 1235 428; x_wconf 82' lang='lat' dir='ltr'>‘annumeres&#39;</span> <span class='ocrx_word' id='word_1_273' title='bbox 1272 406 1331 427; x_wconf 91' lang='lat' dir='ltr'>seu</span> <span class='ocrx_word' id='word_1_274' title='bbox 1362 395 1492 426; x_wconf 82' lang='lat' dir='ltr'>tribuas</span> <span class='ocrx_word' id='word_1_275' title='bbox 1531 396 1539 412; x_wconf 88' lang='lat'>‘</span> <span class='ocrx_word' id='word_1_276' title='bbox 1559 395 1684 426; x_wconf 86' lang='lat' dir='ltr'>vitam’</span> 
     </span>
    </p>

    <p class='ocr_par' dir='ltr' id='par_1_12' title="bbox 990 445 1684 486">
     <span class='ocr_line' id='line_1_56' title="bbox 990 445 1684 486; baseline -0.006 -7"><span class='ocrx_word' id='word_1_277' title='bbox 990 448 1052 479; x_wconf 89' lang='lat' dir='ltr'>tibi</span> <span class='ocrx_word' id='word_1_278' title='bbox 1085 453 1267 484; x_wconf 84' lang='lat' dir='ltr'>servatam,</span> <span class='ocrx_word' id='word_1_279' title='bbox 1298 446 1387 478; x_wconf 87' lang='lat' dir='ltr'>curis</span> <span class='ocrx_word' id='word_1_280' title='bbox 1415 445 1573 484; x_wconf 72' lang='lat' dir='ltr'>Caesaris,</span> <span class='ocrx_word' id='word_1_281' title='bbox 1604 455 1684 486; x_wconf 85' lang='lat' dir='ltr'>quas</span> 
     </span>
    </p>

    <p class='ocr_par' dir='ltr' id='par_1_13' title="bbox 989 495 1682 590">
     <span class='ocr_line' id='line_1_57' title="bbox 989 495 1682 539; baseline -0.006 -10"><span class='ocrx_word' id='word_1_282' title='bbox 989 499 1156 539; x_wconf 85' lang='lat' dir='ltr'>impendit</span> <span class='ocrx_word' id='word_1_283' title='bbox 1175 499 1275 529; x_wconf 85' lang='lat' dir='ltr'>saluti</span> <span class='ocrx_word' id='word_1_284' title='bbox 1292 502 1374 536; x_wconf 86' lang='lat' dir='ltr'>tuae,</span> <span class='ocrx_word' id='word_1_285' title='bbox 1390 506 1489 537; x_wconf 86' lang='lat' dir='ltr'>quum</span> <span class='ocrx_word' id='word_1_286' title='bbox 1514 495 1682 526; x_wconf 81' lang='lat' dir='ltr'>delatores</span> 
     </span>
     <span class='ocr_line' id='line_1_58' title="bbox 989 549 1608 590; baseline -0.003 -10"><span class='ocrx_word' id='word_1_287' title='bbox 989 550 1219 590; x_wconf 85' lang='lat' dir='ltr'>deprehendit</span> <span class='ocrx_word' id='word_1_288' title='bbox 1233 555 1268 581; x_wconf 90' lang='lat' dir='ltr'>et</span> <span class='ocrx_word' id='word_1_289' title='bbox 1284 549 1428 590; x_wconf 80' lang='lat' dir='ltr'>punivit.</span> <span class='ocrx_word' id='word_1_290' title='bbox 1454 549 1608 578; x_wconf 80' lang='lat' dir='ltr'>Raderus.</span> 
     </span>
    </p>

    <p class='ocr_par' dir='ltr' id='par_1_14' title="bbox 990 598 1688 1091">
     <span class='ocr_line' id='line_1_59' title="bbox 990 598 1686 638; baseline -0.004 -8"><span class='ocrx_word' id='word_1_291' title='bbox 990 601 1095 631; x_wconf 76' lang='lat' dir='ltr'>Epio.</span> <span class='ocrx_word' id='word_1_292' title='bbox 1113 610 1146 631; x_wconf 89' lang='lat' dir='ltr'>v.</span> <span class='ocrx_word' id='word_1_293' title='bbox 1188 599 1286 630; x_wconf 89' lang='lat' dir='ltr'>Inter</span> <span class='ocrx_word' id='word_1_294' title='bbox 1314 599 1379 629; x_wconf 90' lang='lat' dir='ltr'>alia</span> <span class='ocrx_word' id='word_1_295' title='bbox 1405 598 1602 638; x_wconf 87' lang='lat' dir='ltr'>spectacula</span> <span class='ocrx_word' id='word_1_296' title='bbox 1631 607 1686 627; x_wconf 83' lang='lat' dir='ltr'>ex·</span> 
     </span>
     <span class='ocr_line' id='line_1_60' title="bbox 1032 646 1684 689; baseline -0.005 -9"><span class='ocrx_word' id='word_1_297' title='bbox 1032 651 1150 681; x_wconf 82' lang='lat' dir='ltr'>hibitae</span> <span class='ocrx_word' id='word_1_298' title='bbox 1177 655 1256 681; x_wconf 85' lang='lat' dir='ltr'>sunt</span> <span class='ocrx_word' id='word_1_299' title='bbox 1279 654 1314 681; x_wconf 85' lang='lat' dir='ltr'>et</span> <span class='ocrx_word' id='word_1_300' title='bbox 1342 648 1463 689; x_wconf 77' lang='lat' dir='ltr'>prisca&gt;</span> <span class='ocrx_word' id='word_1_301' title='bbox 1490 646 1627 685; x_wconf 84' lang='lat' dir='ltr'>fabulae‚</span> <span class='ocrx_word' id='word_1_302' title='bbox 1652 648 1684 678; x_wconf 90' lang='lat' dir='ltr'>in</span> 
     </span>
     <span class='ocr_line' id='line_1_61' title="bbox 1033 697 1685 738; baseline -0.008 -6"><span class='ocrx_word' id='word_1_303' title='bbox 1033 711 1135 732; x_wconf 87' lang='lat' dir='ltr'>arena</span> <span class='ocrx_word' id='word_1_304' title='bbox 1158 706 1266 732; x_wconf 81' lang='lat' dir='ltr'>actae:</span> <span class='ocrx_word' id='word_1_305' title='bbox 1290 700 1344 731; x_wconf 90' lang='lat' dir='ltr'>hic</span> <span class='ocrx_word' id='word_1_306' title='bbox 1368 704 1480 730; x_wconf 88' lang='lat' dir='ltr'>autem</span> <span class='ocrx_word' id='word_1_307' title='bbox 1499 697 1685 738; x_wconf 69' lang='lat' dir='ltr'>Pasiphaes</span> 
     </span>
     <span class='ocr_line' id='line_1_62' title="bbox 1033 748 1688 787; baseline -0.006 -5"><span class='ocrx_word' id='word_1_308' title='bbox 1033 751 1196 783; x_wconf 84' lang='lat' dir='ltr'>nefandus</span> <span class='ocrx_word' id='word_1_309' title='bbox 1227 761 1302 781; x_wconf 89' lang='lat' dir='ltr'>cum</span> <span class='ocrx_word' id='word_1_310' title='bbox 1342 755 1437 780; x_wconf 81' lang='lat' dir='ltr'>tauro</span> <span class='ocrx_word' id='word_1_311' title='bbox 1475 748 1688 787; x_wconf 88' lang='lat' dir='ltr'>concubitus,</span> 
     </span>
     <span class='ocr_line' id='line_1_63' title="bbox 1034 800 1686 842; baseline -0.006 -10"><span class='ocrx_word' id='word_1_312' title='bbox 1034 802 1052 819; x_wconf 67' lang='lat'>⁴*</span> <span class='ocrx_word' id='word_1_313' title='bbox 1068 802 1165 842; x_wconf 85' lang='lat' dir='ltr'>quale</span> <span class='ocrx_word' id='word_1_314' title='bbox 1188 801 1278 832; x_wconf 88' lang='lat' dir='ltr'>inter</span> <span class='ocrx_word' id='word_1_315' title='bbox 1308 800 1550 841; x_wconf 88' lang='lat' dir='ltr'>Pyrrhicarum</span> <span class='ocrx_word' id='word_1_316' title='bbox 1587 808 1686 838; x_wconf 80' lang='lat' dir='ltr'>argu-</span> 
     </span>
     <span class='ocr_line' id='line_1_64' title="bbox 1033 849 1687 890; baseline -0.005 -9"><span class='ocrx_word' id='word_1_317' title='bbox 1033 855 1148 881; x_wconf 87' lang='lat' dir='ltr'>menta</span> <span class='ocrx_word' id='word_1_318' title='bbox 1192 853 1460 890; x_wconf 85' lang='lat' dir='ltr'>repraesentarat</span> <span class='ocrx_word' id='word_1_319' title='bbox 1506 849 1611 886; x_wconf 79' lang='lat' dir='ltr'>Nero,</span> <span class='ocrx_word' id='word_1_320' title='bbox 1650 853 1687 878; x_wconf 92' lang='lat' dir='ltr'>nt</span> 
     </span>
     <span class='ocr_line' id='line_1_65' title="bbox 1032 898 1686 939; baseline -0.003 -9"><span class='ocrx_word' id='word_1_321' title='bbox 1032 900 1128 930; x_wconf 83' lang='lat' dir='ltr'>multi</span> <span class='ocrx_word' id='word_1_322' title='bbox 1140 899 1367 939; x_wconf 81' lang='lat' dir='ltr'>spectantium</span> <span class='ocrx_word' id='word_1_323' title='bbox 1384 898 1576 929; x_wconf 82' lang='lat' dir='ltr'>crederent.</span> <span class='ocrx_word' id='word_1_324' title='bbox 1599 898 1686 929; x_wconf 79' lang='lat' dir='ltr'>Vide</span> 
     </span>
     <span class='ocr_line' id='line_1_66' title="bbox 1033 948 1686 989; baseline -0.003 -7"><span class='ocrx_word' id='word_1_325' title='bbox 1033 952 1128 982; x_wconf 86' lang='lat' dir='ltr'>Suet.</span> <span class='ocrx_word' id='word_1_326' title='bbox 1146 951 1318 982; x_wconf 84' lang='lat' dir='ltr'>Neronem</span> <span class='ocrx_word' id='word_1_327' title='bbox 1342 959 1402 980; x_wconf 88' lang='lat' dir='ltr'>seu</span> <span class='ocrx_word' id='word_1_328' title='bbox 1418 948 1476 979; x_wconf 93' lang='lat' dir='ltr'>lib.</span> <span class='ocrx_word' id='word_1_329' title='bbox 1493 951 1525 979; x_wconf 84' lang='lat'>6.</span> <span class='ocrx_word' id='word_1_330' title='bbox 1542 958 1618 989; x_wconf 84' lang='lat' dir='ltr'>cap.</span> <span class='ocrx_word' id='word_1_331' title='bbox 1634 951 1686 980; x_wconf 79' lang='lat'>12.</span> 
     </span>
     <span class='ocr_line' id='line_1_67' title="bbox 1033 999 1532 1042; baseline -0.006 -10"><span class='ocrx_word' id='word_1_332' title='bbox 1033 1007 1067 1032; x_wconf 87' lang='lat' dir='ltr'>et</span> <span class='ocrx_word' id='word_1_333' title='bbox 1084 1001 1221 1042; x_wconf 88' lang='lat' dir='ltr'>Apuleii</span> <span class='ocrx_word' id='word_1_334' title='bbox 1235 999 1463 1040; x_wconf 85' lang='lat' dir='ltr'>Metamorph.</span> <span class='ocrx_word' id='word_1_335' title='bbox 1481 1001 1532 1030; x_wconf 92' lang='grc'>10.</span> 
     </span>
     <span class='ocr_line' id='line_1_68' title="bbox 1034 1048 1687 1091; baseline -0.008 -8"><span class='ocrx_word' id='word_1_336' title='bbox 1034 1053 1052 1069; x_wconf 68' lang='lat'>²⁸⁵</span> <span class='ocrx_word' id='word_1_337' title='bbox 1071 1053 1168 1088; x_wconf 80' lang='lat' dir='ltr'>Quale</span> <span class='ocrx_word' id='word_1_338' title='bbox 1183 1053 1278 1088; x_wconf 75' lang='lat' dir='ltr'>inter,</span> <span class='ocrx_word' id='word_1_339' title='bbox 1289 1049 1359 1091; x_wconf 64' lang='lat'>⁸5⁶]</span> <span class='ocrx_word' id='word_1_340' title='bbox 1380 1049 1478 1080; x_wconf 90' lang='lat' dir='ltr'>Idem</span> <span class='ocrx_word' id='word_1_341' title='bbox 1492 1048 1594 1079; x_wconf 86' lang='lat' dir='ltr'>fuisse</span> <span class='ocrx_word' id='word_1_342' title='bbox 1611 1058 1687 1079; x_wconf 82' lang='lat' dir='ltr'>cen-</span> 
     </span>
    </p>

    <p class='ocr_par' dir='ltr' id='par_1_15' title="bbox 992 1100 1688 1142">
     <span class='ocr_line' id='line_1_69' title="bbox 992 1100 1688 1142; baseline -0.004 -8"><span class='ocrx_word' id='word_1_343' title='bbox 992 1108 1044 1134; x_wconf 89' lang='lat' dir='ltr'>set</span> <span class='ocrx_word' id='word_1_344' title='bbox 1057 1103 1089 1134; x_wconf 88' lang='lat' dir='ltr'>J.</span> <span class='ocrx_word' id='word_1_345' title='bbox 1108 1103 1269 1142; x_wconf 77' lang='lat' dir='ltr'>Rutgers.</span> <span class='ocrx_word' id='word_1_346' title='bbox 1285 1102 1366 1132; x_wconf 83' lang='lat' dir='ltr'>Var.</span> <span class='ocrx_word' id='word_1_347' title='bbox 1383 1101 1480 1131; x_wconf 88' lang='lat' dir='ltr'>Lect.</span> <span class='ocrx_word' id='word_1_348' title='bbox 1499 1100 1520 1130; x_wconf 91' lang='lat' dir='ltr'>l.</span> <span class='ocrx_word' id='word_1_349' title='bbox 1538 1104 1569 1130; x_wconf 84' lang='lat'>5.</span> <span class='ocrx_word' id='word_1_350' title='bbox 1587 1109 1616 1130; x_wconf 88' lang='lat' dir='ltr'>c.</span> <span class='ocrx_word' id='word_1_351' title='bbox 1636 1103 1688 1131; x_wconf 82' lang='lat'>15.</span> 
     </span>
    </p>

    <p class='ocr_par' dir='ltr' id='par_1_16' title="bbox 991 1150 1685 1195">
     <span class='ocr_line' id='line_1_70' title="bbox 991 1150 1685 1195; baseline -0.006 -11"><span class='ocrx_word' id='word_1_352' title='bbox 991 1154 1134 1195; x_wconf 86' lang='lat' dir='ltr'>proinde</span> <span class='ocrx_word' id='word_1_353' title='bbox 1148 1163 1214 1184; x_wconf 89' lang='lat' dir='ltr'>non</span> <span class='ocrx_word' id='word_1_354' title='bbox 1227 1151 1393 1183; x_wconf 84' lang='lat' dir='ltr'>Martialis</span> <span class='ocrx_word' id='word_1_355' title='bbox 1407 1160 1482 1182; x_wconf 87' lang='lat' dir='ltr'>esse</span> <span class='ocrx_word' id='word_1_356' title='bbox 1498 1150 1561 1180; x_wconf 83' lang='lat' dir='ltr'>hoc</span> <span class='ocrx_word' id='word_1_357' title='bbox 1578 1150 1685 1191; x_wconf 87' lang='lat' dir='ltr'>epigr.</span> 
     </span>
    </p>

    <p class='ocr_par' dir='ltr' id='par_1_17' title="bbox 991 1201 1689 1397">
     <span class='ocr_line' id='line_1_71' title="bbox 1035 1201 1688 1244; baseline -0.006 -9"><span class='ocrx_word' id='word_1_358' title='bbox 1035 1207 1050 1235; x_wconf 93' lang='grc'><strong>1</strong></span> <span class='ocrx_word' id='word_1_359' title='bbox 1077 1202 1249 1244; x_wconf 58' lang='lat' dir='ltr'>Pasiphae]</span> <span class='ocrx_word' id='word_1_360' title='bbox 1286 1202 1374 1233; x_wconf 86' lang='lat' dir='ltr'>Filia</span> <span class='ocrx_word' id='word_1_361' title='bbox 1400 1201 1496 1234; x_wconf 89' lang='lat' dir='ltr'>Jovis</span> <span class='ocrx_word' id='word_1_362' title='bbox 1530 1206 1565 1232; x_wconf 82' lang='lat' dir='ltr'>et</span> <span class='ocrx_word' id='word_1_363' title='bbox 1603 1211 1688 1231; x_wconf 87' lang='lat' dir='ltr'>uxor</span> 
     </span>
     <span class='ocr_line' id='line_1_72' title="bbox 991 1253 1687 1295; baseline -0.006 -8"><span class='ocrx_word' id='word_1_364' title='bbox 991 1256 1116 1287; x_wconf 88' lang='lat' dir='ltr'>Minois</span> <span class='ocrx_word' id='word_1_365' title='bbox 1134 1255 1224 1295; x_wconf 83' lang='lat' dir='ltr'>regis</span> <span class='ocrx_word' id='word_1_366' title='bbox 1242 1255 1356 1286; x_wconf 84' lang='lat' dir='ltr'>Cretae</span> <span class='ocrx_word' id='word_1_367' title='bbox 1385 1254 1471 1284; x_wconf 84' lang='lat' dir='ltr'>tauri</span> <span class='ocrx_word' id='word_1_368' title='bbox 1499 1263 1610 1284; x_wconf 86' lang='lat' dir='ltr'>amore</span> <span class='ocrx_word' id='word_1_369' title='bbox 1638 1253 1687 1283; x_wconf 90' lang='lat' dir='ltr'>in·</span> 
     </span>
     <span class='ocr_line' id='line_1_73' title="bbox 991 1303 1689 1344; baseline -0.003 -8"><span class='ocrx_word' id='word_1_370' title='bbox 991 1306 1105 1337; x_wconf 87' lang='lat' dir='ltr'>saniit.</span> <span class='ocrx_word' id='word_1_371' title='bbox 1132 1306 1268 1344; x_wconf 81' lang='lat' dir='ltr'>Dictoeo‚</span> <span class='ocrx_word' id='word_1_372' title='bbox 1284 1305 1412 1344; x_wconf 79' lang='lat' dir='ltr'>credite,</span> <span class='ocrx_word' id='word_1_373' title='bbox 1424 1303 1494 1343; x_wconf 57' lang='grc' dir='ltr'>ἔγω]</span> <span class='ocrx_word' id='word_1_374' title='bbox 1519 1304 1689 1343; x_wconf 81' lang='lat' dir='ltr'>Cretensi,</span> 
     </span>
     <span class='ocr_line' id='line_1_74' title="bbox 992 1356 1416 1397; baseline -0.009 -8"><span class='ocrx_word' id='word_1_375' title='bbox 992 1368 1011 1389; x_wconf 91' lang='lat' dir='ltr'>a</span> <span class='ocrx_word' id='word_1_376' title='bbox 1025 1358 1142 1397; x_wconf 79' lang='lat' dir='ltr'>Dicte,</span> <span class='ocrx_word' id='word_1_377' title='bbox 1159 1361 1273 1387; x_wconf 86' lang='lat' dir='ltr'>monte</span> <span class='ocrx_word' id='word_1_378' title='bbox 1290 1356 1416 1386; x_wconf 82' lang='lat' dir='ltr'>Cretae.</span> 
     </span>
    </p>

    <p class='ocr_par' dir='ltr' id='par_1_18' title="bbox 1033 1404 1627 1448">
     <span class='ocr_line' id='line_1_75' title="bbox 1033 1404 1627 1448; baseline -0.003 -10"><span class='ocrx_word' id='word_1_379' title='bbox 1033 1411 1053 1438; x_wconf 84' lang='lat'><strong>2</strong></span> <span class='ocrx_word' id='word_1_380' title='bbox 1076 1405 1328 1448; x_wconf 75' lang='lat' dir='ltr'>Accepitfidem]</span> <span class='ocrx_word' id='word_1_381' title='bbox 1353 1406 1443 1436; x_wconf 77' lang='lat' dir='ltr'>Vera</span> <span class='ocrx_word' id='word_1_382' title='bbox 1460 1404 1627 1436; x_wconf 86' lang='lat' dir='ltr'>creditur.</span> 
     </span>
    </p>

    <p class='ocr_par' dir='ltr' id='par_1_19' title="bbox 990 1455 1688 1689">
     <span class='ocr_line' id='line_1_76' title="bbox 1034 1455 1687 1497; baseline -0.008 -7"><span class='ocrx_word' id='word_1_383' title='bbox 1034 1461 1051 1489; x_wconf 86' lang='lat'><strong>3</strong></span> <span class='ocrx_word' id='word_1_384' title='bbox 1078 1459 1144 1490; x_wconf 81' lang='lat' dir='ltr'>Nec</span> <span class='ocrx_word' id='word_1_385' title='bbox 1158 1468 1189 1489; x_wconf 88' lang='lat' dir='ltr'>se</span> <span class='ocrx_word' id='word_1_386' title='bbox 1205 1457 1424 1497; x_wconf 65' lang='lat' dir='ltr'>nzz&#39;retu7&#39;,25·c.]</span> <span class='ocrx_word' id='word_1_387' title='bbox 1449 1457 1523 1487; x_wconf 88' lang='lat' dir='ltr'>Nec</span> <span class='ocrx_word' id='word_1_388' title='bbox 1538 1455 1601 1486; x_wconf 88' lang='lat' dir='ltr'>sibi</span> <span class='ocrx_word' id='word_1_389' title='bbox 1615 1462 1687 1486; x_wconf 76' lang='lat' dir='ltr'>ran-</span> 
     </span>
     <span class='ocr_line' id='line_1_77' title="bbox 991 1506 1686 1549; baseline -0.006 -10"><span class='ocrx_word' id='word_1_390' title='bbox 991 1513 1061 1539; x_wconf 87' lang='lat' dir='ltr'>tum</span> <span class='ocrx_word' id='word_1_391' title='bbox 1076 1508 1285 1549; x_wconf 89' lang='lat' dir='ltr'>applaudant</span> <span class='ocrx_word' id='word_1_392' title='bbox 1308 1513 1456 1545; x_wconf 85' lang='lat' dir='ltr'>veteres‚</span> <span class='ocrx_word' id='word_1_393' title='bbox 1470 1506 1558 1548; x_wconf 86' lang='lat' dir='ltr'>quod</span> <span class='ocrx_word' id='word_1_394' title='bbox 1576 1506 1686 1546; x_wconf 90' lang='lat' dir='ltr'>hujus-</span> 
     </span>
     <span class='ocr_line' id='line_1_78' title="bbox 990 1556 1686 1598; baseline -0.006 -9"><span class='ocrx_word' id='word_1_395' title='bbox 990 1559 1080 1589; x_wconf 90' lang='lat' dir='ltr'>modi</span> <span class='ocrx_word' id='word_1_396' title='bbox 1098 1557 1230 1589; x_wconf 87' lang='lat' dir='ltr'>fabulas</span> <span class='ocrx_word' id='word_1_397' title='bbox 1248 1558 1420 1598; x_wconf 82' lang='lat' dir='ltr'>ingeniose</span> <span class='ocrx_word' id='word_1_398' title='bbox 1436 1556 1612 1586; x_wconf 83' lang='lat' dir='ltr'>finxerint:</span> <span class='ocrx_word' id='word_1_399' title='bbox 1628 1565 1686 1586; x_wconf 77' lang='lat' dir='ltr'>nos</span> 
     </span>
     <span class='ocr_line' id='line_1_79' title="bbox 991 1606 1688 1648; baseline -0.004 -9"><span class='ocrx_word' id='word_1_400' title='bbox 991 1609 1080 1639; x_wconf 88' lang='lat' dir='ltr'>enim</span> <span class='ocrx_word' id='word_1_401' title='bbox 1097 1619 1154 1639; x_wconf 85' lang='lat' dir='ltr'>eas</span> <span class='ocrx_word' id='word_1_402' title='bbox 1176 1608 1359 1639; x_wconf 84' lang='lat' dir='ltr'>artificiose</span> <span class='ocrx_word' id='word_1_403' title='bbox 1382 1612 1476 1638; x_wconf 87' lang='lat' dir='ltr'>actas</span> <span class='ocrx_word' id='word_1_404' title='bbox 1499 1607 1532 1637; x_wconf 91' lang='lat' dir='ltr'>in</span> <span class='ocrx_word' id='word_1_405' title='bbox 1548 1606 1688 1648; x_wconf 87' lang='lat' dir='ltr'>Amphi-</span> 
     </span>
     <span class='ocr_line' id='line_1_80' title="bbox 991 1658 1304 1689; baseline -0.006 0"><span class='ocrx_word' id='word_1_406' title='bbox 991 1659 1125 1689; x_wconf 87' lang='lat' dir='ltr'>theatro</span> <span class='ocrx_word' id='word_1_407' title='bbox 1146 1658 1304 1689; x_wconf 80' lang='lat' dir='ltr'>vidimus.</span> 
     </span>
    </p>

    <p class='ocr_par' dir='ltr' id='par_1_20' title="bbox 990 1706 1688 1789">
     <span class='ocr_line' id='line_1_81' title="bbox 1032 1706 1688 1748; baseline -0.003 -8"><span class='ocrx_word' id='word_1_408' title='bbox 1032 1712 1052 1739; x_wconf 79' lang='grc'>4</span> <span class='ocrx_word' id='word_1_409' title='bbox 1075 1708 1197 1748; x_wconf 81' lang='lat' dir='ltr'>Arena]</span> <span class='ocrx_word' id='word_1_410' title='bbox 1234 1708 1303 1739; x_wconf 91' lang='lat' dir='ltr'>Pro</span> <span class='ocrx_word' id='word_1_411' title='bbox 1338 1706 1612 1748; x_wconf 87' lang='lat' dir='ltr'>Amphitheatro,</span> <span class='ocrx_word' id='word_1_412' title='bbox 1650 1712 1688 1738; x_wconf 86' lang='lat' dir='ltr'>ut</span> 
     </span>
     <span class='ocr_line' id='line_1_82' title="bbox 990 1763 1081 1789; baseline 0.011 -1"><span class='ocrx_word' id='word_1_413' title='bbox 990 1763 1081 1789; x_wconf 88' lang='lat' dir='ltr'>ante.</span> 
     </span>
    </p>

    <p class='ocr_par' dir='ltr' id='par_1_21' title="bbox 990 1808 1692 2150">
     <span class='ocr_line' id='line_1_83' title="bbox 990 1808 1689 1849; baseline 0.003 -12"><span class='ocrx_word' id='word_1_414' title='bbox 990 1808 1096 1839; x_wconf 73' lang='lat' dir='ltr'>Eme.</span> <span class='ocrx_word' id='word_1_415' title='bbox 1123 1817 1172 1840; x_wconf 76' lang='grc' dir='ltr'><strong>Π.</strong></span> <span class='ocrx_word' id='word_1_416' title='bbox 1207 1809 1315 1839; x_wconf 84' lang='lat' dir='ltr'>Prisci</span> <span class='ocrx_word' id='word_1_417' title='bbox 1352 1808 1515 1849; x_wconf 85' lang='lat' dir='ltr'>temporis</span> <span class='ocrx_word' id='word_1_418' title='bbox 1540 1808 1689 1839; x_wconf 82' lang='lat' dir='ltr'>venatio-</span> 
     </span>
     <span class='ocr_line' id='line_1_84' title="bbox 1035 1859 1687 1898; baseline -0.002 -9"><span class='ocrx_word' id='word_1_419' title='bbox 1035 1859 1132 1889; x_wconf 84' lang='lat' dir='ltr'>nibus</span> <span class='ocrx_word' id='word_1_420' title='bbox 1155 1860 1253 1889; x_wconf 86' lang='lat' dir='ltr'>hasce</span> <span class='ocrx_word' id='word_1_421' title='bbox 1276 1859 1422 1889; x_wconf 79' lang='lat' dir='ltr'>Caesaris</span> <span class='ocrx_word' id='word_1_422' title='bbox 1440 1859 1631 1898; x_wconf 82' lang='lat' dir='ltr'>anteponit,</span> <span class='ocrx_word' id='word_1_423' title='bbox 1645 1868 1687 1888; x_wconf 87' lang='lat' dir='ltr'>eo</span> 
     </span>
     <span class='ocr_line' id='line_1_85' title="bbox 1035 1907 1688 1949; baseline -0.003 -9"><span class='ocrx_word' id='word_1_424' title='bbox 1035 1910 1186 1943; x_wconf 78' lang='lat' dir='ltr'>nomine,</span> <span class='ocrx_word' id='word_1_425' title='bbox 1205 1909 1294 1949; x_wconf 86' lang='lat' dir='ltr'>quod</span> <span class='ocrx_word' id='word_1_426' title='bbox 1321 1909 1372 1938; x_wconf 86' lang='lat' dir='ltr'>vel</span> <span class='ocrx_word' id='word_1_427' title='bbox 1393 1907 1528 1938; x_wconf 79' lang='lat' dir='ltr'>foemina</span> <span class='ocrx_word' id='word_1_428' title='bbox 1549 1908 1582 1939; x_wconf 89' lang='lat' dir='ltr'>iu</span> <span class='ocrx_word' id='word_1_429' title='bbox 1607 1908 1688 1938; x_wconf 87' lang='lat' dir='ltr'>Am-</span> 
     </span>
     <span class='ocr_line' id='line_1_86' title="bbox 1038 1957 1688 2000; baseline -0.002 -11"><span class='ocrx_word' id='word_1_430' title='bbox 1038 1960 1229 2000; x_wconf 75' lang='lat' dir='ltr'>phitheatro</span> <span class='ocrx_word' id='word_1_431' title='bbox 1277 1960 1411 1989; x_wconf 81' lang='lat' dir='ltr'>leonem</span> <span class='ocrx_word' id='word_1_432' title='bbox 1463 1957 1688 1997; x_wconf 86' lang='lat' dir='ltr'>interfecerit,</span> 
     </span>
     <span class='ocr_line' id='line_1_87' title="bbox 1036 2009 1692 2051; baseline 0 -11"><span class='ocrx_word' id='word_1_433' title='bbox 1036 2020 1134 2051; x_wconf 82' lang='lat' dir='ltr'>quem</span> <span class='ocrx_word' id='word_1_434' title='bbox 1153 2010 1302 2040; x_wconf 90' lang='lat' dir='ltr'>laborem</span> <span class='ocrx_word' id='word_1_435' title='bbox 1320 2010 1410 2040; x_wconf 88' lang='lat' dir='ltr'>inter</span> <span class='ocrx_word' id='word_1_436' title='bbox 1433 2018 1578 2039; x_wconf 89' lang='lat' dir='ltr'>summas</span> <span class='ocrx_word' id='word_1_437' title='bbox 1605 2009 1692 2040; x_wconf 86' lang='lat' dir='ltr'>Her·</span> 
     </span>
     <span class='ocr_line' id='line_1_88' title="bbox 1036 2059 1692 2100; baseline -0.002 -9"><span class='ocrx_word' id='word_1_438' title='bbox 1036 2061 1119 2091; x_wconf 88' lang='lat' dir='ltr'>culis</span> <span class='ocrx_word' id='word_1_439' title='bbox 1137 2060 1254 2091; x_wconf 85' lang='lat' dir='ltr'>laudes</span> <span class='ocrx_word' id='word_1_440' title='bbox 1276 2059 1479 2090; x_wconf 82' lang='lat' dir='ltr'>decantarat</span> <span class='ocrx_word' id='word_1_441' title='bbox 1497 2059 1692 2100; x_wconf 76' lang='lat' dir='ltr'>antiquitas·</span> 
     </span>
     <span class='ocr_line' id='line_1_89' title="bbox 1038 2108 1689 2150; baseline -0.002 -10"><span class='ocrx_word' id='word_1_442' title='bbox 1038 2113 1052 2140; x_wconf 94' lang='lat'>1</span> <span class='ocrx_word' id='word_1_443' title='bbox 1080 2109 1309 2150; x_wconf 58' lang='lat' dir='ltr'>Inrictis,&amp;c.]</span> <span class='ocrx_word' id='word_1_444' title='bbox 1334 2109 1373 2140; x_wconf 93' lang='lat' dir='ltr'>In</span> <span class='ocrx_word' id='word_1_445' title='bbox 1392 2108 1513 2149; x_wconf 89' lang='lat' dir='ltr'>quibus</span> <span class='ocrx_word' id='word_1_446' title='bbox 1537 2108 1601 2149; x_wconf 81' lang='lat' dir='ltr'>ipsi</span> <span class='ocrx_word' id='word_1_447' title='bbox 1626 2108 1689 2139; x_wconf 89' lang='lat' dir='ltr'>viri</span> 
     </span>
    </p>

    <p class='ocr_par' dir='ltr' id='par_1_22' title="bbox 993 2159 1689 2197">
     <span class='ocr_line' id='line_1_90' title="bbox 993 2159 1689 2197; baseline -0.003 -6"><span class='ocrx_word' id='word_1_448' title='bbox 993 2171 1059 2192; x_wconf 93' lang='lat' dir='ltr'>non</span> <span class='ocrx_word' id='word_1_449' title='bbox 1079 2161 1172 2197; x_wconf 78' lang='lat' dir='ltr'>victi,</span> <span class='ocrx_word' id='word_1_450' title='bbox 1189 2161 1247 2191; x_wconf 84' lang='lat' dir='ltr'>sed</span> <span class='ocrx_word' id='word_1_451' title='bbox 1271 2161 1418 2191; x_wconf 82' lang='lat' dir='ltr'>victores</span> <span class='ocrx_word' id='word_1_452' title='bbox 1443 2164 1525 2190; x_wconf 89' lang='lat' dir='ltr'>sunt</span> <span class='ocrx_word' id='word_1_453' title='bbox 1542 2159 1689 2190; x_wconf 87' lang='lat' dir='ltr'>virorum</span> 
     </span>
    </p>

    <p class='ocr_par' dir='ltr' id='par_1_23' title="bbox 992 2209 1688 2451">
     <span class='ocr_line' id='line_1_91' title="bbox 992 2209 1688 2251; baseline -0.003 -10"><span class='ocrx_word' id='word_1_454' title='bbox 992 2215 1027 2241; x_wconf 92' lang='lat' dir='ltr'>et</span> <span class='ocrx_word' id='word_1_455' title='bbox 1044 2210 1226 2241; x_wconf 84' lang='lat' dir='ltr'>bestiarum</span> <span class='ocrx_word' id='word_1_456' title='bbox 1243 2210 1442 2251; x_wconf 87' lang='lat' dir='ltr'>quibuscum</span> <span class='ocrx_word' id='word_1_457' title='bbox 1470 2209 1688 2240; x_wconf 87' lang='lat' dir='ltr'>committun-</span> 
     </span>
     <span class='ocr_line' id='line_1_92' title="bbox 992 2258 1687 2299; baseline -0.001 -8"><span class='ocrx_word' id='word_1_458' title='bbox 992 2265 1058 2291; x_wconf 86' lang='lat' dir='ltr'>tur.</span> <span class='ocrx_word' id='word_1_459' title='bbox 1096 2261 1187 2291; x_wconf 85' lang='lat' dir='ltr'>Mars</span> <span class='ocrx_word' id='word_1_460' title='bbox 1216 2259 1286 2298; x_wconf 74' lang='lat' dir='ltr'>tibi,</span> <span class='ocrx_word' id='word_1_461' title='bbox 1316 2258 1384 2299; x_wconf 51' lang='grc' dir='ltr'>ξω]</span> <span class='ocrx_word' id='word_1_462' title='bbox 1417 2258 1536 2289; x_wconf 80' lang='lat' dir='ltr'>Virilis</span> <span class='ocrx_word' id='word_1_463' title='bbox 1566 2269 1687 2290; x_wconf 80' lang='lat' dir='ltr'>sexus:</span> 
     </span>
     <span class='ocr_line' id='line_1_93' title="bbox 992 2309 1687 2348; baseline 0 -8"><span class='ocrx_word' id='word_1_464' title='bbox 992 2310 1112 2341; x_wconf 88' lang='lat' dir='ltr'>alludit</span> <span class='ocrx_word' id='word_1_465' title='bbox 1128 2315 1238 2341; x_wconf 82' lang='lat' dir='ltr'>autem</span> <span class='ocrx_word' id='word_1_466' title='bbox 1256 2309 1296 2339; x_wconf 88' lang='lat' dir='ltr'>ad</span> <span class='ocrx_word' id='word_1_467' title='bbox 1321 2319 1445 2339; x_wconf 87' lang='lat' dir='ltr'>morem</span> <span class='ocrx_word' id='word_1_468' title='bbox 1463 2309 1687 2348; x_wconf 81' lang='lat' dir='ltr'>gladiatorum</span> 
     </span>
     <span class='ocr_line' id='line_1_94' title="bbox 993 2360 1686 2401; baseline -0.001 -10"><span class='ocrx_word' id='word_1_469' title='bbox 993 2365 1273 2401; x_wconf 85' lang='lat' dir='ltr'>venatoruinque,</span> <span class='ocrx_word' id='word_1_470' title='bbox 1300 2360 1416 2390; x_wconf 86' lang='lat' dir='ltr'>habitu</span> <span class='ocrx_word' id='word_1_471' title='bbox 1448 2360 1513 2390; x_wconf 82' lang='lat' dir='ltr'>Dei</span> <span class='ocrx_word' id='word_1_472' title='bbox 1543 2360 1686 2400; x_wconf 75' lang='lat' dir='ltr'>alicujus</span> 
     </span>
     <span class='ocr_line' id='line_1_95' title="bbox 993 2410 1687 2451; baseline 0 -11"><span class='ocrx_word' id='word_1_473' title='bbox 993 2412 1239 2451; x_wconf 75' lang='lat' dir='ltr'>pugnantium:</span> <span class='ocrx_word' id='word_1_474' title='bbox 1264 2419 1408 2440; x_wconf 84' lang='lat' dir='ltr'>necnon</span> <span class='ocrx_word' id='word_1_475' title='bbox 1440 2410 1482 2440; x_wconf 87' lang='lat' dir='ltr'>ad</span> <span class='ocrx_word' id='word_1_476' title='bbox 1511 2410 1687 2450; x_wconf 84' lang='lat' dir='ltr'>Ampliith.</span> 
     </span>
    </p>

    <p class='ocr_par' dir='ltr' id='par_1_24' title="bbox 993 2461 1686 2500">
     <span class='ocr_line' id='line_1_96' title="bbox 993 2461 1686 2500; baseline 0 -9"><span class='ocrx_word' id='word_1_477' title='bbox 993 2462 1097 2492; x_wconf 84' lang='lat' dir='ltr'>Marti</span> <span class='ocrx_word' id='word_1_478' title='bbox 1129 2461 1337 2500; x_wconf 85' lang='lat' dir='ltr'>dedicatum,</span> <span class='ocrx_word' id='word_1_479' title='bbox 1369 2466 1408 2492; x_wconf 90' lang='lat' dir='ltr'>ut</span> <span class='ocrx_word' id='word_1_480' title='bbox 1445 2466 1479 2492; x_wconf 89' lang='lat' dir='ltr'>et</span> <span class='ocrx_word' id='word_1_481' title='bbox 1518 2461 1686 2492; x_wconf 81' lang='lat' dir='ltr'>theatrum</span> 
     </span>
    </p>

    <p class='ocr_par' dir='ltr' id='par_1_25' title="bbox 992 2511 1130 2542">
     <span class='ocr_line' id='line_1_97' title="bbox 992 2511 1130 2542; baseline 0 -1"><span class='ocrx_word' id='word_1_482' title='bbox 992 2511 1130 2542; x_wconf 72' lang='lat' dir='ltr'>Veneri.</span> 
     </span>
    </p>

    <p class='ocr_par' dir='ltr' id='par_1_26' title="bbox 990 2561 1689 2693">
     <span class='ocr_line' id='line_1_98' title="bbox 1034 2561 1689 2601; baseline 0.002 -10"><span class='ocrx_word' id='word_1_483' title='bbox 1034 2564 1052 2591; x_wconf 85' lang='lat'>2</span> <span class='ocrx_word' id='word_1_484' title='bbox 1082 2561 1197 2601; x_wconf 79' lang='lat' dir='ltr'>Venus]</span> <span class='ocrx_word' id='word_1_485' title='bbox 1221 2561 1400 2592; x_wconf 84' lang='lat' dir='ltr'>Muliebris</span> <span class='ocrx_word' id='word_1_486' title='bbox 1429 2571 1551 2591; x_wconf 81' lang='lat' dir='ltr'>sexus:</span> <span class='ocrx_word' id='word_1_487' title='bbox 1575 2561 1689 2592; x_wconf 78' lang='grc' dir='ltr'>ἀντιτί-</span> 
     </span>
     <span class='ocr_line' id='line_1_99' title="bbox 990 2612 1689 2643; baseline 0.003 -2"><span class='ocrx_word' id='word_1_488' title='bbox 990 2614 1073 2642; x_wconf 81' lang='grc' dir='ltr'>Θεται</span> <span class='ocrx_word' id='word_1_489' title='bbox 1091 2613 1195 2643; x_wconf 88' lang='lat' dir='ltr'>Marti</span> <span class='ocrx_word' id='word_1_490' title='bbox 1216 2612 1378 2642; x_wconf 81' lang='lat' dir='ltr'>bellicoso</span> <span class='ocrx_word' id='word_1_491' title='bbox 1395 2612 1503 2642; x_wconf 91' lang='lat' dir='ltr'>mollis</span> <span class='ocrx_word' id='word_1_492' title='bbox 1520 2617 1555 2643; x_wconf 90' lang='lat' dir='ltr'>et</span> <span class='ocrx_word' id='word_1_493' title='bbox 1571 2613 1689 2643; x_wconf 85' lang='lat' dir='ltr'>imbel-</span> 
     </span>
     <span class='ocr_line' id='line_1_100' title="bbox 990 2660 1393 2693; baseline 0.002 -2"><span class='ocrx_word' id='word_1_494' title='bbox 990 2661 1030 2691; x_wconf 88' lang='lat' dir='ltr'>lis</span> <span class='ocrx_word' id='word_1_495' title='bbox 1048 2661 1127 2693; x_wconf 73' lang='lat' dir='ltr'>dea:</span> <span class='ocrx_word' id='word_1_496' title='bbox 1156 2660 1240 2691; x_wconf 85' lang='lat' dir='ltr'>infra</span> <span class='ocrx_word' id='word_1_497' title='bbox 1259 2671 1344 2691; x_wconf 61' lang='grc' dir='ltr'><strong>νει-5.</strong></span> <span class='ocrx_word' id='word_1_498' title='bbox 1362 2664 1393 2692; x_wconf 85' lang='grc'><strong>6.</strong></span> 
     </span>
    </p>

    <p class='ocr_par' dir='ltr' id='par_1_27' title="bbox 991 2712 1687 2805">
     <span class='ocr_line' id='line_1_101' title="bbox 1032 2712 1685 2752; baseline 0 -8"><span class='ocrx_word' id='word_1_499' title='bbox 1032 2716 1050 2744; x_wconf 88' lang='lat'><strong>3</strong></span> <span class='ocrx_word' id='word_1_500' title='bbox 1070 2714 1264 2743; x_wconf 75' lang='lat' dir='ltr'>Proscratum</span> <span class='ocrx_word' id='word_1_501' title='bbox 1281 2712 1421 2751; x_wconf 75' lang='lat' dir='ltr'>Nemees,</span> <span class='ocrx_word' id='word_1_502' title='bbox 1437 2713 1505 2752; x_wconf 53' lang='grc' dir='ltr'>δῖα]</span> <span class='ocrx_word' id='word_1_503' title='bbox 1528 2713 1685 2744; x_wconf 79' lang='lat' dir='ltr'>Herculis</span> 
     </span>
     <span class='ocr_line' id='line_1_102' title="bbox 991 2761 1687 2805; baseline 0.003 -12"><span class='ocrx_word' id='word_1_504' title='bbox 991 2763 1133 2803; x_wconf 81' lang='lat' dir='ltr'>primuni</span> <span class='ocrx_word' id='word_1_505' title='bbox 1152 2772 1235 2803; x_wconf 69' lang='lat' dir='ltr'>opus</span> <span class='ocrx_word' id='word_1_506' title='bbox 1251 2771 1288 2792; x_wconf 86' lang='lat' dir='ltr'>ac</span> <span class='ocrx_word' id='word_1_507' title='bbox 1304 2761 1411 2802; x_wconf 75' lang='lat' dir='ltr'>labor,</span> <span class='ocrx_word' id='word_1_508' title='bbox 1427 2762 1481 2794; x_wconf 83' lang='lat' dir='ltr'>leo</span> <span class='ocrx_word' id='word_1_509' title='bbox 1498 2764 1687 2805; x_wconf 49' lang='lat' dir='ltr'>Nemeaeus,</span> 
     </span>
    </p>
   </div>
  </div>
 </body>
</html>
