1866 3131
353 202 402 232 M.
436 203 545 232 VAt..
584 203 856 232 MARTlALIS
898 204 1054 233 El'lGR.
1092 205 1182 232 [AB.
1217 204 1324 234 XlV.

112 294 268 325 Helenae.
294 294 424 335 Pastor]
448 296 557 326 Paris.

150 348 169 375 2
194 346 350 382 Deterior,
367 346 434 385 ἕνα]
467 347 625 387 Purpura
646 346 802 378 Lacedae·

108 395 222 426 monia
237 395 386 426 deterior
401 407 498 437 quam
513 398 622 438 Tyria.

151 446 255 477 Eme.
271 455 377 478 chu.
402 450 417 478 1
444 448 532 478 Pullo
560 448 714 488 lugentes]
738 447 805 480 Qui

109 496 219 527 luctus
238 497 343 527 color.

150 550 170 577 2
194 546 274 577 Hoec
287 550 370 578 terra
386 549 468 589 suos]
498 549 680 588 Pollentia,
697 548 806 579 Italiae

109 597 225 637 oppid.
250 608 322 638 qum
349 602 383 629 et
411 600 549 629 alteram
565 599 669 630 habet
690 599 722 629 in
741 599 808 630 Ba-

109 647 191 678 leari
207 648 325 688 majori
339 648 400 679 sibi
417 649 664 688 cognominem.

153 699 258 729 Eme..
288 707 412 730 eLvnr.
451 702 466 730 1
504 700 612 730 Tonsis
641 698 808 739 ministris]

110 750 222 779 Servis
240 749 392 780 viliorum
410 759 598 789 munerum,
613 760 678 780 non
696 751 809 790 pueris

110 799 278 839 delicatis,
291 809 419 831 comam
437 800 620 840 alentibus,
637 805 671 831 et
687 800 730 830 de
743 800 810 840 pri-

114 860 168 881 mo
185 860 301 890 grege.

154 902 259 931 EP1G.
273 910 367 932 cmx.
387 905 402 932 1
423 901 672 942 ορρνεςειτ,8)·ε.]
689 902 810 933 Pluma

113 951 204 982 cedit
222 957 256 982 et
285 951 371 983 facit
387 957 425 983 ut
441 952 546 983 fascia
564 953 644 984 lecti
670 953 728 995 (de
747 963 811 994 qua

112 1003 229 1042 Epigr.
252 1006 305 1033 63.
328 1003 385 1034 lib.
398 1007 429 1034 5.
447 1013 533 1033 νει-3.
547 1002 597 1044 6.)
612 1003 812 1044 uratjacen—

113 1057 205 1084 tem:
230 1054 347 1084 melius
360 1048 542 1085 sustinebit
560 1058 593 1085 te
611 1059 812 1093 tomentum,

113 1104 190 1134 lana
216 1113 291 1144 quae
317 1105 436 1144 pannis
452 1105 671 1146 vestibusque
696 1105 812 1136 deton-

115 1153 217 1184 detur
232 1159 333 1195 atque
346 1153 543 1185 abraditur:
559 1156 672 1195 flocks.

156 1208 176 1236 2
200 1205 389 1244 Leuconicis,
412 1205 481 1245 ἐγὼ]
506 1206 675 1245 Lingones
699 1207 812 1238 mitte-

114 1255 197 1285 bant
214 1255 353 1285 Romam
370 1254 527 1292 cadurca,
543 1254 813 1295 bardocucussos,

116 1311 151 1336 et
164 1315 246 1344 saga
262 1314 385 1336 crassae
399 1309 434 1335 et
447 1305 580 1345 pinguis
593 1305 677 1336 lanae
693 1306 813 1346 Epigr.

118 1359 170 1387 54.
185 1355 244 1387 lib.
262 1359 291 1387 1.
318 1365 401 1386 vers.
419 1359 448 1386 5.
494 1354 559 1386 Alii
577 1356 714 1395 legunt:
740 1356 815 1387 Lin-

114 1406 234 1443 gonicis
248 1407 345 1445 sagis.
390 1405 459 1436 Per
483 1407 491 1422 ‘
511 1415 585 1436 rasa
599 1406 724 1436 vellera
739 1406 815 1436 Lin-

117 1455 243 1495 gonicis
272 1455 379 1495 sagis'
413 1456 571 1495 intelligit
593 1456 682 1486 lanas
705 1456 817 1486 novis-

119 1505 201 1536 simo
218 1506 268 1535 sui
294 1510 516 1546 purgamento
544 1505 717 1537 detractas
742 1506 816 1536 Lin-

119 1555 246 1595 gonicis
276 1555 363 1595 sagis
395 1555 531 1595 pectine
559 1555 628 1586 sive
659 1556 816 1587 erinaceo

118 1605 268 1637 fullonis:
297 1615 361 1636 non
391 1606 491 1645 igitur
509 1614 588 1637 tunc
613 1607 818 1638 tondebatur

122 1656 274 1686 eminens
289 1656 412 1694 lanugo
424 1665 620 1695 pannorum,
632 1657 690 1687 sed
709 1657 817 1697 pecti-

121 1716 162 1737 ne
181 1710 312 1737 tantum
330 1706 576 1738 deradebatur:
604 1707 678 1738 libri
705 1713 817 1739 tamen

121 1757 293 1787 Martialis
312 1755 463 1786 omnibus
480 1756 559 1787 locis
583 1757 745 1797 scriptum
761 1758 815 1788 ha-

122 1807 205 1837 bent
223 1806 410 1844 Leuconicis,
433 1815 498 1836 non
523 1806 718 1845 Lingonicis.
762 1807 817 1838 An

123 1857 298 1887 Leucones
311 1856 398 1887 dixit
409 1866 469 1897 pro
481 1857 711 1897 Lingonibus?
749 1857 818 1888 Sal-

122 1917 198 1938 mas.

168 1958 272 1988 Epio.
290 1966 370 1988 eLx.
394 1961 408 1988 1
435 1958 548 1999 Palus]
573 1958 725 1998 Arundo,
741 1959 816 2000 jun-

123 2018 194 2047 cus,
212 2008 288 2038 ulva
304 2008 474 2048 palustris.
511 2008 659 2039 Divitum
675 2018 755 2049 ergo
768 2015 821 2040 est

123 2058 308 2099 Lingonico
339 2067 398 2089 seu
436 2059 629 2090 Leuconico
671 2063 820 2091 tomento

123 2108 244 2140 farcire
284 2109 423 2139 culcitas
439 2119 446 2139 :
487 2118 673 2149 pauperum
709 2111 819 2150 palea.

128 2159 272 2189 Circense
303 2158 442 2198 vocatur]
486 2160 594 2191 Quale
628 2160 820 2192 substerne-

128 2209 209 2239 bant
224 2209 285 2239 sibi
303 2213 516 2249 spectatores
533 2209 565 2240 in
591 2210 704 2248 Circo,
720 2217 821 2252 atque

128 2258 216 2289 idem
231 2258 364 2289 videtur
375 2268 446 2289 esse
464 2268 538 2289 cum
556 2266 742 2292 stramento
757 2262 820 2293 Or-

130 2309 326 2340 chomenio:
352 2309 395 2339 de
409 2320 473 2350 quo
490 2310 579 2341 Plin.
605 2310 662 2343 lib.
681 2315 729 2343 19.
743 2323 773 2344 c.
791 2316 821 2345 l.

172 2359 279 2389 Eme.
297 2367 393 2389 cmu.
420 2362 436 2389 l
459 2360 711 2401 Amyclaea,25c.]
736 2362 818 2403 Cyg-

130 2419 208 2441 nea:
221 2414 360 2449 propter
373 2408 499 2439 Ledam
513 2410 696 2443 Lacaenam.
707 2413 823 2452 Epigr.

130 2463 182 2492 28.
198 2460 254 2491 lib.
268 2463 297 2490 8.
315 2469 398 2490 vers.
409 2461 441 2491 9.
458 2458 608 2499 Amyclae
624 2470 702 2492 vero
718 2463 822 2493 Laco-

131 2512 196 2542 niae
211 2511 331 2542 civitas
347 2509 422 2541 fuit.

172 2561 286 2592 2Lana
298 2561 398 2601 dedit]
411 2561 576 2592 Tenerior
589 2561 713 2602 pluma:
724 2563 822 2594 down.

175 2613 282 2644 Eme..
305 2619 414 2642 cmxii.
448 2613 461 2641 1
488 2611 663 2652 Fraudata]
691 2612 825 2654 Accipi-

133 2673 206 2694 mus
243 2661 404 2693 ambabus
439 2662 591 2692 manibus
627 2662 825 2703 scripturam

134 2718 341 2754 pervetustae
365 2713 569 2744 membranae
586 2712 751 2752 Thuanae,
769 2713 826 2744 ubi

136 2763 256 2803 vulgo:
274 2762 451 2800 facilistibi
462 2763 573 2794 culcita
587 2763 702 2804 pluma.
752 2762 826 2795 Hoc

1441 194 1552 235 1453

853 297 1023 336 posterius
1040 297 1178 337 quidem
1194 298 1267 329 sine
1284 307 1396 329 sensu.
1433 298 1442 315 ‘
1455 299 1553 330 Mula

853 345 1037 384 frondata‚‘
1067 347 1100 378 id
1122 352 1187 388 est,
1216 347 1320 386 foeno,
1347 347 1435 389 quod
1455 349 1553 378 mulae

854 397 1067 427 subtractum
1093 402 1158 436 est,
1182 398 1270 438 quod
1309 398 1434 439 alioqui
1464 399 1554 428 mula

855 456 928 477 esse
959 446 1147 486 debuisset,
1169 449 1177 464 ‘
1193 448 1348 488 tumeat,'
1373 448 1484 479 fartus
1501 448 1556 490 sit,

854 497 935 528 ‘tibi
953 502 1045 529 torus
1063 497 1217 544 fi·agiliS‚'
1240 499 1295 539 qui
1325 499 1438 530 statim
1466 498 1557 528 fran-

856 548 945 587 gitur
958 552 992 578 et
1009 547 1165 578 subsidit.
1188 548 1401 588 ιΡιᾛιιάειῐειιξ
1418 553 1454 579 ut
1468 549 1557 589 apud

857 598 1058 629 Horatium:
1099 599 1226 638 ‘ungor
1255 599 1358 637 olivo,
1391 600 1466 630 Non
1491 609 1558 639 quo

857 647 1020 679 fraudatis
1046 648 1236 679 immundus
1262 650 1371 680 Natta
1395 650 1560 680 lucernis.‘

860 699 904 729 Et
929 698 976 729 sic
1003 698 1212 739 ‘subducta,'
1242 698 1300 729 lib.
1333 702 1384 731 13.
1409 701 1474 739 Ep.
1504 702 1556 730 36.

858 748 965 779 ‘Haec
993 758 1066 789 quae
1104 749 1241 780 Picenis
1274 749 1365 779 venit
1392 749 1559 780 subducta

861 798 1029 839 trapetis.'
1078 799 1263 839 ‘Fragilis'
1292 810 1425 840 quoque
1452 800 1558 841 (quod

860 848 1063 880 confirmant
1077 850 1218 881 Gruteri
1236 850 1343 880 codex
1361 855 1395 881 et
1413 850 1560 890 Arond.)

861 909 924 930 non
941 904 992 930 cst
1016 900 1274 940 ineptissimum,
1291 906 1327 931 ut
1353 901 1458 931 visum
1474 901 1561 932 Scri-

863 950 967 988 verio,
980 950 1038 981 sed
1054 951 1276 990 aptissimum,
1290 952 1343 981 vel
1360 956 1502 991 propter
1523 951 1560 981 τὸ

863 1001 871 1017 ‘
886 999 1046 1040 frangere
1065 1001 1182 1033 toros!
1207 1001 1295 1032 Vide
1308 1004 1339 1033 4.
1352 1001 1498 1034 Observ.
1511 1005 1564 1033 22.

867 1051 1051 1081 Gronovius.

908 1101 1014 1132 Eme..
1029 1109 1159 1132 chm.
1185 1105 1199 1133 1
1219 1101 1326 1132 Redde
1345 1100 1458 1141 pilam]
1475 1101 1562 1131 Reu-

864 1150 905 1181 de
937 1151 1038 1190 pilam
1063 1152 1229 1191 gymnasii
1253 1161 1312 1182 seu
1340 1151 1563 1191 splraeristerii

865 1201 1078 1233 moderatori.
1110 1202 1388 1242 AEstkermarum]
1422 1203 1563 1242 Campa-

865 1261 921 1291 na,
936 1261 1010 1292 qnae
1039 1253 1082 1282 ab
1100 1253 1272 1283 exercitiis
1298 1258 1421 1284 avocat
1438 1254 1479 1284 ad
1497 1254 1564 1284 bal-

865 1314 951 1335 nea:
978 1314 1050 1344 quae
1065 1310 1160 1336 certo
1176 1305 1279 1336 etiam
1295 1310 1450 1347 tempore
1474 1308 1564 1338 clau-

865 1354 1045 1385 debantur.
1091 1354 1258 1387 Hadrian.
1283 1356 1404 1387 Junius
1435 1357 1494 1388 lib.
1533 1360 1563 1389 3.

866 1404 1098 1435 Animadvers.
1125 1415 1201 1445 cap.
1231 1409 1281 1436 11.
1304 1406 1320 1436 ὁ
1342 1406 1442 1437 κώδων
1456 1408 1564 1448 ἤχεσε,

866 1457 928 1486 &c.
966 1455 1107 1486 Lucian.
1127 1454 1267 1496 περὶτῶν
1283 1456 1332 1487 ἐπὶ
1346 1459 1444 1497 μισθῷ
1460 1458 1566 1490 συνόν-

866 1516 936 1537 των.

909 1559 928 1586 2
957 1556 1085 1595 Virgine
1101 1557 1176 1596 sola,
1199 1558 1266 1599 cisen]
1289 1558 1400 1589 Cruda
1424 1559 1565 1600 virgine.

869 1607 987 1647 Epigr.
1005 1610 1059 1638 42.
1077 1608 1097 1639 l.
1111 1612 1142 1639 ϋ.
1159 1618 1246 1640 vers.
1262 1612 1312 1640 18.
1329 1613 1364 1640 et
1383 1609 1499 1651 Epigr.
1511 1614 1564 1642 21.

869 1657 930 1688 Ι.5.
952 1667 1035 1688 vers.
1051 1661 1083 1688 9.

913 1709 1017 1739 Epic.
1047 1717 1169 1740 cmxxv.
1199 1712 1212 1740 l
1240 1709 1408 1750 Splendida
1424 1720 1491 1741 cum
1514 1720 1565 1741 vo-

869 1758 977 1798 litent]
1001 1759 1029 1789 E
1053 1757 1142 1789 ferro
1165 1760 1218 1790 vel
1244 1770 1322 1790 aere.
1362 1761 1468 1791 Lusus
1492 1760 1566 1800 ipse

869 1808 1069 1844 δισκοβολίαε
1094 1811 1221 1840 lusores
1237 1809 1423 1846 δισκοβόλοι.
1467 1810 1565 1851 Spar-

869 1859 937 1889 tani
963 1860 1098 1899 pondera
1123 1860 1216 1901 disci]
1248 1860 1496 1892 Lacedaemonii
1518 1861 1565 1891 in-

870 1909 963 1939 venti
981 1913 1083 1950 atque
1100 1911 1266 1941 exercitii.

912 1962 931 1990 2
955 1959 1054 1990 Semel
1069 1961 1119 1991 ille
1134 1961 1257 2002 nocens]
1281 1961 1321 1991 In
1340 1961 1438 1992 unico
1461 1971 1566 2002 puero

873 2009 1079 2050 Hyacintho.
1103 2011 1196 2042 Infra
1218 2011 1334 2051 Epigr.
1352 2014 1424 2043 173.

913 2060 1020 2091 EP1G.
1036 2069 1143 2092 cmxv.
1169 2064 1184 2092 l
1216 2061 1313 2093 Vati.-
1335 2063 1386 2092 sed
1414 2061 1567 2102 perdidit]

873 2108 1022 2150 Orpheo.

914 2162 933 2189 2
959 2159 1045 2190 Dum
1059 2159 1132 2198 sibi,
1148 2159 1217 2200 {swa}
1241 2162 1332 2192 Dum
1350 2161 1514 2201 respexit,
1530 2166 1566 2192 ut

873 2210 973 2241 habet
991 2211 1168 2241 notissima
1186 2211 1286 2250 vulgo
1301 2211 1442 2242 Fabula.

916 2262 1022 2293 EmG.
1049 2269 1169 2293 ctxvr.
1202 2265 1221 2292 2
1258 2262 1336 2297 Quae
1365 2263 1470 2300 (luxit,
1499 2263 1568 2304 Sym]

874 2311 1048 2352 Orpheum
1075 2316 1187 2342 actum
1203 2312 1235 2342 in
1253 2312 1460 2352 Pompeiano
1474 2312 1569 2344 thea-

875 2368 941 2401 tro,
968 2361 1098 2392 cithara
1131 2366 1322 2401 canentem,
1344 2360 1500 2403 ferasque
1532 2368 1567 2394 et

875 2413 984 2453 sylvas
995 2411 1185 2442 trahentem
1197 2411 1375 2452 descripsit
1387 2412 1501 2453 Epigr.
1515 2415 1567 2444 21.

874 2463 934 2494 lib.
951 2462 1068 2503 Spect.

917 2514 1023 2544 Eric.
1061 2521 1197 2543 chvu.
1237 2516 1250 2543 l
1290 2513 1421 2544 Pustula
1443 2513 1569 2553 surgat]

878 2562 1007 2602 Papula
1022 2571 1063 2592 ex
1080 2561 1200 2592 attritu
1219 2562 1351 2602 pollicis
1369 2566 1404 2593 et
1430 2562 1569 2594 chorda-

877 2622 966 2643 rum:
985 2622 1003 2641 α
1014 2611 1090 2651 push
1106 2621 1140 2641 or
1156 2611 1274 2642 hlister.

918 2666 938 2693 2
963 2662 1090 2692 Plectra
1112 2662 1224 2702 lyram]
1255 2663 1417 2694 Pectines
1449 2663 1565 2704 quibus

877 2712 1008 2744 cithara
1024 2713 1197 2752 pulsatur:
1215 2722 1234 2742 a
1248 2711 1385 2749 πλήττω.

923 2763 1203 2794 Er1‹;.chv111.
1246 2766 1259 2793 l
1288 2763 1476 2804 Inducenda]
1512 2764 1565 2794 Sc.
