1866 3131
214 193 326 235 1230
673 200 699 228 N
710 197 814 228 o'rAE

211 299 346 331 nostris.
393 297 588 337 Tumia'ique,
615 293 686 334 Qun]
721 294 766 324 Et
789 291 915 323 divites

211 350 345 391 patroni
363 352 486 379 vocant
502 347 574 377 liaec
592 355 711 386 magna
726 352 878 375 munera.

255 403 295 430 14
320 400 383 435 Qui
396 402 498 438 crepet
511 397 664 435 aureolos,
679 395 750 436 ἔξω]
773 393 840 427 Qui
858 393 915 423 do—

211 457 271 482 net
294 451 384 482 ultra
411 459 513 480 unum
530 457 664 479 numum
683 445 869 483 aureolum,
881 447 917 474 et

215 503 270 544 qui
298 501 418 542 agitati
445 504 580 531 sonent.
606 497 726 538 Epigr.
746 498 798 527 36.
820 495 842 527 l.
863 497 916 525 12.

215 563 301 583 vers.
317 555 347 583 3.
404 550 533 591 Crepet]
567 550 696 589 Crepat
725 547 813 578 euim
840 553 916 575 cum

216 606 425 641 numeratur,
440 601 472 632 id
488 605 555 637 est,
580 603 691 630 sonat.

259 658 298 685 15
337 653 498 689 Quatenus
521 651 555 682 hi
580 659 639 681 non
663 647 750 688 sant]
771 644 918 679 Quando

219 714 298 744 ergo
329 708 397 734 tam
426 701 552 733 sordidi
577 705 611 731 et
642 697 826 730 illiberales
852 696 918 726 Ro—

218 755 321 795 mani,
336 758 408 785 esto
426 758 463 784 tu
479 750 672 783 munificus.

261 809 300 837 16
338 805 481 844 Dulcior,
499 802 568 843 Sym]
593 801 703 834 Quam
721 795 920 829 munificen-

218 858 277 888 tia.

264 909 301 938 17
335 905 442 937 Tacito
473 904 570 942 rides,
592 901 662 941 &c.]
686 898 843 932 Suboluit
868 906 922 927 me

218 957 281 989 tibi
304 957 364 987 lnoc
392 956 427 986 in
458 964 529 985 rem
560 963 669 984 meam
700 949 922 987 cousuluisse,

218 1009 362 1048 ideoque
379 1004 547 1036 subrides.

265 1061 305 1090 18
342 1057 427 1088 Utile
464 1056 544 1096 quod
575 1052 676 1093 nobis]
701 1052 824 1091 Vulgo,
846 1049 924 1091 quod

220 1121 279 1140 non
296 1110 342 1140 cis
353 1119 363 1139 :
388 1107 447 1139 sed
465 1106 556 1138 istud
570 1103 720 1146 conjecit
735 1103 767 1136 J.
779 1103 927 1141 Rutger-

222 1161 303 1198 sius,
343 1165 377 1188 et
414 1157 562 1188 habetur
600 1155 632 1185 iu
670 1152 808 1194 optimis
842 1152 926 1181 Mss.

223 1211 333 1242 Quum
360 1206 508 1238 suasoris
533 1206 577 1236 sit
594 1204 683 1241 finis,
707 1203 835 1234 utilitas
851 1201 926 1242 ejus

224 1259 277 1290 cui
295 1258 439 1296 suadet3
462 1255 632 1287 Martialis
658 1259 779 1285 contra
795 1251 928 1283 consili-

226 1320 279 1339 um
306 1309 371 1339 sibi
401 1307 499 1345 utile,
536 1305 733 1337 Domitiano
758 1311 849 1338 vero,
873 1301 927 1332 cui

225 1359 407 1397 suadebat,
432 1357 628 1388 damnosum
667 1354 780 1385 dabat.
825 1351 929 1383 Hunc

225 1410 338 1440 fucum
354 1418 373 1439 a
387 1408 523 1439 Caesare
541 1405 827 1443 animadversum,
843 1407 879 1433 et
894 1411 930 1432 se

227 1462 270 1492 ab
287 1461 344 1491 illo
362 1459 464 1490 rideri
485 1458 593 1498 fingit.
640 1454 824 1487 Scriverius.

270 1512 374 1542 Epm.
391 1518 454 1541 xx.
477 1509 605 1542 Julium
631 1505 831 1537 Martialem
857 1504 933 1534 lior·

228 1569 322 1594 tatur
336 1562 377 1592 ad
395 1561 499 1592 vitani
514 1560 662 1597 beatam,
685 1557 717 1588 id
735 1561 800 1595 est,
817 1555 935 1595 volup-

231 1613 364 1643 tariam.

276 1667 290 1693 1
317 1660 493 1701 Martialis]
516 1659 604 1690 Vide
622 1657 740 1698 Epigr.
756 1658 808 1687 64.
831 1654 888 1685 lib.
902 1658 934 1685 4.

274 1717 292 1744 3
311 1714 485 1754 Disponere
511 1709 644 1750 tempas]
658 1707 804 1747 Proprie
819 1710 853 1736 et
870 1705 936 1735 ele-

231 1770 362 1805 ganter.
395 1762 485 1794 Ptin.
503 1761 612 1801 Epist.
629 1761 682 1789 23.
700 1758 759 1788 lib.
774 1759 806 1788 4.
820 1758 828 1772 ‘
842 1757 938 1795 Mag-

232 1828 309 1848 nam
325 1816 401 1856 cepi
415 1815 642 1853 voluptatem,
654 1819 756 1851 quum
774 1818 815 1839 ex
833 1807 937 1838 omui-

234 1868 295 1896 bus
312 1864 428 1896 amicis
455 1861 614 1902 cognovi,
639 1866 686 1899 te,
703 1865 740 1890 ut
769 1859 939 1899 sapientia

235 1924 293 1948 tua
311 1916 450 1955 dignum
468 1918 535 1951 est,
558 1917 595 1942 et
621 1910 804 1950 disponere
832 1909 938 1939 otium

235 1973 269 1998 et
287 1965 401 1997 ferre!
424 1963 593 1995 Ausonius
610 1961 722 2001 Epist.
742 1962 796 1991 10.
820 1960 830 1976 ‘
844 1959 940 1989 'rem-

237 2027 318 2059 μοι-ιι
331 2016 491 2056 disponas
509 2013 566 2043 ubi
583 2017 620 2042 tu
646 2017 705 2042 tua
719 2021 726 2041 :
740 2010 867 2050 jusque
886 2014 938 2039 tu-

239 2079 293 2099 um
307 2068 363 2106 sit,
379 2067 427 2097 Ut
444 2064 526 2095 nihil
544 2071 636 2102 agaS,
653 2061 706 2091 vel
721 2059 809 2100 quod
826 2057 939 2089 voles.’

237 2120 293 2150 Sic
333 2116 449 2149 Graeci
483 2113 605 2153 σχολὴν
637 2109 790 2142 διαθέσθαι
807 2121 814 2140 2
851 2108 939 2151 quod

240 2178 350 2202 tamen
370 2167 507 2209 proprie
521 2165 563 2196 de
581 2164 635 2204 us,
659 2163 716 2204 qui
735 2168 868 2202 tempus
887 2161 942 2191 ab·

240 2226 389 2259 sumunt,
406 2224 443 2250 nt
460 2218 500 2248 iis
517 2216 624 2255 lubet,
647 2223 750 2255 quum
768 2213 870 2243 nullis
888 2221 944 2242 oc-

241 2270 481 2312 cupationibus
499 2266 763 2305 distringantur.
809 2263 866 2293 Sic
885 2263 943 2293 Se-

243 2332 327 2354 neca
340 2320 515 2353 Consolat.
532 2316 575 2348 ad
589 2315 784 2356 Polybium,
800 2323 874 2354 cap.
891 2316 945 2344 25.

243 2378 252 2391 ⁴
270 2374 337 2404 Aut
371 2368 646 2412 spectaculorum
678 2365 847 2396 varietate
876 2363 945 2394 ani-

243 2435 333 2456 mum
357 2423 524 2459 detinere,
555 2428 597 2450 ex
616 2422 674 2448 tuo
691 2416 832 2448 arbitrio
855 2414 945 2446 diem

245 2472 449 2515 disponere?
473 2469 608 2502 Herald.

287 2529 305 2555 4
326 2525 416 2555 Verae
428 2521 517 2561 vitae]
531 2519 650 2560 Epigr.
665 2521 716 2549 16.
735 2517 796 2549 lib.
813 2520 843 2549 1.
859 2526 946 2548 vers,

246 2580 276 2607 4.
294 2581 329 2606 et
346 2574 465 2615 Epigr.
481 2574 534 2603 90.
552 2569 611 2600 lib.
627 2571 658 2600 2.
677 2578 765 2600 vers.
777 2571 808 2600 3.

289 2630 307 2657 5
327 2626 393 2656 Nec
403 2633 457 2655 nos
468 2620 641 2660 atrias-eq
658 2619 739 2650 Non
751 2628 948 2650 curaremus

248 2686 357 2707 nosse.

291 2730 308 2757 7
324 2727 480 2765 Imagines
491 2728 649 2768 superbas]
662 2724 702 2755 Iu
715 2723 835 2764 quibus
849 2727 950 2753 stem·

250 2782 341 2809 mata
373 2777 545 2818 nobilium,
572 2779 692 2819 quibus
722 2784 812 2815 soepe
844 2773 951 2812 magis

849 195 1111 227 VARIORUM
1150 194 1199 224 ΙΝ

967 287 1213 330 gloriabantur,
1238 295 1338 327 quam
1368 285 1494 315 virtute
1519 283 1668 324 propria.

967 339 1099 372 Quibus
1116 336 1250 369 oriundi
1273 340 1389 367 essent
1413 334 1610 375 parentibus
1634 339 1670 366 et

968 389 1166 431 majoribus,
1193 388 1309 419 harum
1328 386 1510 427 imaginum
1529 385 1669 425 inscrip-

969 441 1119 473 tionibus
1156 438 1422 479 cognoscebant.
1479 437 1549 468 Res
1581 436 1671 467 enim

969 492 1134 532 praeclare
1172 495 1286 531 gestas
1321 488 1522 528 imagInibus
1554 487 1672 518 inseri-

970 543 1051 574 bere
1081 551 1153 573 mos
1183 545 1268 571 erat.
1307 539 1441 571 Herald.
1487 538 1576 568 Vide
1593 537 1674 578 Epi-

970 603 1111 635 gramm.
1128 596 1180 624 90.
1196 591 1257 623 lib.
1274 593 1305 622 2.
1322 599 1409 621 vers.
1426 592 1457 620 6.

1013 647 1032 675 8
1059 642 1220 683 Gestatio]
1247 641 1429 682 Duplicem
1451 638 1554 670 habet
1574 638 1674 669 intel-

971 696 1110 727 lectum.
1144 694 1261 725 Primo
1290 701 1391 723 seusu
1423 695 1521 722 notat
1548 689 1676 720 vectio-

971 754 1060 785 nem,
1098 754 1174 785 quae
1209 743 1346 782 lectica,
1383 742 1480 781 sella,
1513 740 1679 778 vehiculo,

973 794 1051 825 navi
1075 794 1175 824 solita
1192 793 1277 824 fieri.
1299 791 1540 831 Alteroipsum
1553 790 1678 828 locum,

974 845 1006 876 in
1022 854 1088 886 quo
1106 843 1336 884 gestabantur.
1380 842 1460 872 Fuit
1477 846 1591 872 autem
1605 849 1678 880 ges-

974 896 1061 927 tatio
1107 899 1143 925 et
1176 892 1380 924 valetudinis
1418 896 1453 923 et
1495 890 1681 930 voluptatis

975 957 1094 979 caussa
1119 944 1304 976 Veteribus
1333 947 1546 983 comparata.
1591 941 1681 972 Vide

977 999 1112 1030 Celsum
1131 996 1191 1028 lib.
1212 998 1243 1027 2.
1260 994 1303 1025 de
1331 994 1382 1025 Re
1408 992 1502 1024 Med.
1535 1003 1611 1034 cap.
1627 996 1678 1024 15.

978 1049 1098 1089 Epigr.
1116 1050 1148 1078 1.
1166 1046 1227 1077 lib.
1246 1048 1297 1076 13.
1317 1047 1449 1075 vers.2.

1019 1102 1040 1130 9
1069 1098 1179 1137 Virgo,
1194 1094 1340 1135 thermoe]
1353 1095 1459 1135 Virgo
1471 1103 1570 1134 aqua,
1582 1102 1681 1134 quam

979 1149 1121 1181 adduxit
1134 1147 1288 1188 Agrippa
1302 1146 1355 1177 via
1365 1145 1585 1176 P1·a›nesuna.
1612 1143 1684 1174 Pli-

978 1201 1052 1231 nius
1069 1199 1130 1231 lib.
1146 1201 1200 1230 31.
1231 1208 1307 1238 cap.
1329 1200 1360 1228 3.
1395 1196 1556 1228 Marlian.
1575 1195 1633 1226 lib.
1650 1198 1682 1226 6.

979 1261 1057 1292 cap.
1088 1255 1138 1283 15.
1196 1250 1322 1281 Noster
1351 1247 1409 1279 lib.
1431 1251 1463 1278 6.
1493 1246 1684 1288 Epigr.42.

980 1312 1069 1333 vers.
1086 1304 1139 1332 17.

1024 1355 1064 1384 12
1098 1352 1184 1383 Sales
1205 1349 1358 1391 effugere,
1385 1348 1456 1388 Cyna]
1494 1348 1593 1387 Dies,
1615 1347 1685 1388 qui-

982 1405 1044 1436 bus
1070 1403 1157 1435 bene
1182 1402 1232 1433 uti
1255 1401 1296 1432 ad
1321 1401 1401 1431 vitae
1426 1399 1631 1430 bilaritatem
1649 1398 1687 1428 li-

983 1455 1065 1486 cuit.

1028 1509 1067 1537 13
1094 1505 1157 1540 Qui
1168 1504 1267 1543 nobis,
1281 1502 1350 1543 ἐξα]
1366 1501 1466 1535 Quod
1481 1511 1538 1531 eos
1553 1500 1689 1530 inutiles

984 1558 1078 1588 abire
1110 1556 1201 1596 passi
1231 1564 1356 1593 sumus,
1395 1563 1461 1584 non
1492 1553 1565 1583 aliis
1593 1550 1690 1582 nobis

987 1607 1129 1639 redditis
1147 1616 1207 1647 pro
1234 1606 1281 1636 eis
1305 1605 1427 1646 quibus
1452 1614 1517 1635 nou
1545 1603 1691 1633 viximus

987 1659 1177 1701 genialiter.
1201 1656 1416 1697 Imputanlur]
1441 1658 1496 1687 Sic
1509 1655 1587 1687 alibi
1602 1655 1694 1686 Mar-

990 1711 1078 1742 tialis
1098 1721 1105 1741 :
1131 1715 1139 1727 ‘
1154 1709 1276 1740 Omnis
1303 1709 1466 1741 scribitur
1490 1709 1574 1739 hora
1596 1708 1656 1739 tibi
1674 1706 1694 1744 ς’

988 1761 1294 1803 quomodocunque
1311 1760 1400 1791 diem
1415 1759 1574 1799 absumis,
1592 1758 1693 1789 datus

989 1812 1190 1852 imputatur,
1214 1821 1276 1841 nec
1293 1811 1377 1841 alins
1389 1820 1450 1850 pro
1468 1810 1525 1840 illo
1539 1809 1639 1840 redit.

1034 1864 1072 1892 14
1100 1861 1282 1900 Quisquam,
1299 1860 1367 1900 ἐξα]
1390 1861 1447 1890 Sic
1466 1860 1586 1900 Epigr.
1604 1862 1654 1890 16.
1671 1859 1692 1888 Ι.

990 1915 1020 1943 1.
1051 1911 1163 1942 Vivere
1175 1920 1242 1940 cum
1254 1910 1347 1950 sciat]
1361 1910 1400 1940 Id
1415 1914 1480 1947 est,
1490 1919 1566 1940 cum
1581 1909 1696 1950 possit.

994 1961 1119 1993 Horat.
1144 1962 1152 1978 ‘
1171 1960 1292 1992 Nescit
1322 1970 1386 1991 vox
1410 1959 1511 1990 missa
1545 1958 1695 1990 reverti.'

991 2013 1048 2043 Sic
1074 2010 1257 2042 ἐπίστασθαι
1273 2010 1413 2041 Gra‘ciS.

1038 2063 1142 2092 Eric.
1173 2070 1254 2092 xxt.
1293 2058 1450 2100 Εἰρωνικὺν
1474 2063 1536 2098 est,
1559 2059 1695 2099 plenum

992 2112 1070 2143 salis
1087 2116 1123 2144 et
1139 2111 1263 2151 leporis
1279 2121 1287 2149 ς
1312 2115 1347 2140 et
1365 2109 1577 2149 praecipuum
1600 2109 1697 2149 liujus

993 2165 1059 2196 loci
1072 2173 1213 2195 acumen
1232 2168 1296 2202 est,
1309 2162 1341 2192 ἐν
1353 2160 1499 2192 ἀντιθέσει
1514 2161 1698 2192 nominum.

994 2214 1122 2247 Irridet
1151 2215 1239 2245 enim
1268 2212 1486 2253 Apollonium
1515 2212 1698 2243 Rhetormn

994 2264 1164 2304 ἀμνήμονα,
1181 2265 1234 2295 cui
1254 2270 1321 2295 tam
1336 2263 1417 2294 felix
1437 2268 1511 2294 erat
1527 2263 1701 2301 memoria,

996 2323 1031 2349 ut
1046 2317 1113 2348 duo
1127 2316 1309 2346 amicorum
1321 2315 1457 2345 nomina
1471 2314 1620 2345 retinere
1634 2323 1699 2344 non

998 2375 1130 2409 posset,
1166 2367 1230 2398 nisi
1263 2367 1428 2398 scriberet
1462 2371 1497 2396 et
1531 2364 1702 2396 edisceret

998 2420 1091 2450 velut
1111 2418 1311 2448 orationem.
1358 2417 1475 2448 Rader.

1042 2472 1057 2500 1
1084 2467 1244 2508 Marcum]
1268 2468 1414 2498 Acutius
1431 2467 1522 2506 legas
1537 2466 1697 2496 Macrum:

1000 2529 1077 2550 nam
1103 2523 1138 2549 et
1160 2519 1238 2549 hinc
1252 2518 1359 2558 inepti
1377 2517 1519 2548 rhetoris
1532 2515 1701 2546 infelicem

1000 2570 1112 2610 arguit
1127 2569 1335 2608 memoriam,
1365 2569 1422 2610 qui
1445 2567 1625 2599 Decimum
1652 2574 1703 2595 sa-

1000 2621 1127 2651 lutaret
1154 2619 1294 2649 dimidio
1318 2619 1466 2658 nomine,
1492 2617 1701 2650 Quinctum:

1003 2672 1170 2708 Crassum,
1194 2669 1367 2700 contrario
1384 2668 1531 2706 nomine,
1547 2667 1703 2697 Macrum.

1046 2723 1064 2752 3
1102 2718 1274 2758 Quantum]
1300 2718 1435 2749 lronice
1452 2723 1488 2748 et
1505 2716 1668 2756 scoptice.

1055 2771 1143 2801 Eme
1177 2779 1272 2801 xxm.
1299 2769 1368 2800 Cur
1393 2768 1513 2799 Paullo
1531 2776 1597 2798 non
1611 2766 1705 2798 dicat
