1866 3131
221 187 333 229 1214

220 296 343 331 mater,
361 300 380 321 3
395 289 512 320 Β311115
530 288 629 319 Baias
646 293 746 320 vecta
757 289 918 329 perierat.

221 342 345 382 Arguit
362 340 471 371 Po'e'ta
486 349 589 379 aquas
616 339 764 370 criminis
789 345 823 371 et
846 340 918 380 jac-

222 398 308 423 turae
326 390 454 430 gloria»,
469 400 543 431 quae
569 395 717 421 monstro
733 390 795 421 1100
811 391 919 421 51111110

221 441 399 482 imperium
414 440 557 472 Neronis
565 440 596 471 in
609 444 716 471 matre
726 450 784 471 sua
797 440 921 480 Agrip-

223 493 302 533 pina
325 491 419 533 (vide
447 491 588 522 Sueton.
610 491 740 522 Neron.
765 500 839 530 cap.
866 493 919 521 34.

222 543 335 574 Tacit.
364 541 455 572 Ann.
487 543 537 572 14.
564 545 600 572 et
629 540 751 572 Dionis
775 539 920 580 Neron.)

222 594 489 631 detrectassent,
510 591 627 634 illique
653 592 708 622 vel
727 592 832 632 jussae
861 600 918 630 pe-

222 644 431 685 pei-cissent:
463 642 549 673 113110
579 645 691 673 311ῐο111
718 641 920 672 immeritam

222 695 360 734 injussae
376 692 581 723 mersissent.

266 748 284 775 3
312 743 424 774 Gloria
449 741 577 783 quanta]
600 742 759 782 Magnam
788 741 921 771 laudem

221 794 317 826 vobis
330 797 559 834 comparatam
569 795 684 833 (quum
697 792 922 832 Agrippinam

217 847 323 886 jussae
337 854 403 876 non
415 842 596 883 mersistis)
610 843 642 872 in
659 841 817 873 Caerellia
829 842 923 871 inno-

223 902 324 929 cente
358 896 530 927 submersa
575 893 786 934 perdidistis,
823 902 922 932 qnam

222 949 326 979 etiam
357 946 492 986 injussae
529 944 699 975 hausistis.
765 942 923 982 Monstra]

224 1000 358 1035 Casum,
371 995 592 1036 naufragium,
608 999 763 1025 mortem.

266 1052 286 1079 4
312 1048 379 1078 Nec
406 1047 557 1086 quondam
577 1045 691 1084 jussoe]
716 1044 808 1075 Olim
834 1044 923 1075 enim

224 1099 267 1129 ad
294 1098 419 1128 Baulos
447 1097 539 1127 Nero
566 1101 719 1136 matrem,
745 1095 855 1126 soluto
872 1105 923 1125 re-

225 1154 330 1190 pente
367 1148 560 1179 inacliinoso
598 1147 743 1186 navigio,
774 1147 925 1186 jusserat

224 1200 344 1240 mergi,
374 1209 449 1240 quae
477 1203 589 1228 tamen
612 1197 745 1228 enavit:
771 1197 820 1227 ita
835 1197 924 1227 illam

219 1252 325 1291 jussae
343 1259 438 1290 aquae
456 1258 522 1279 non
548 1252 810 1288 oppresserunt3
838 1247 925 1277 113110

224 1302 362 1340 injussae
377 1300 574 1329 hauserunt.
598 1298 680 1328 Rad-

269 1351 374 1380 EP1G.
401 1357 502 1379 wa.
535 1347 669 1378 Laudat
698 1347 811 1377 hortos
841 1347 925 1378 Julii

226 1400 408 1440 Martialis,
424 1410 443 1430 a
459 1400 538 1437 situ,
561 1409 579 1429 a
603 1399 700 1438 coelo,
727 1408 746 1429 a
766 1398 925 1439 subjectis

227 1452 365 1483 amoenis
396 1449 602 1490 regionibus,
628 1459 648 1479 a
677 1449 804 1489 quiete,
831 1458 850 1479 a
871 1449 928 1479 be-

226 1504 396 1542 nignitate
432 1506 467 1532 et
500 1499 732 1540 hospitalitate
770 1499 929 1535 Domini3

228 1553 436 1594 praefertque
482 1561 538 1582 eos
581 1551 711 1589 Tiburi,
747 1549 930 1588 Praenesti,

226 1604 341 1635 Setiae.

273 1658 287 1684 1
312 1654 384 1684 Jnlz'
395 1653 523 1691 jugera,
538 1650 605 1691 Sym]
631 1649 683 1680 Ad
702 1659 799 1690 quem
816 1650 880 1690 Ep.
899 1652 928 1681 1.

228 1711 263 1737 et
280 1708 333 1736 82.
358 1705 416 1736 lib.
439 1706 470 1736 6.
494 1702 612 1742 Epigr.
631 1703 681 1731 16.
697 1705 733 1730 et
748 1702 800 1731 71.
824 1700 881 1730 lib.
899 1702 930 1732 7.

229 1762 264 1788 et
281 1757 375 1786 alias.

271 1811 290 1838 2
315 1806 438 1843 Hortis,
453 1804 523 1844 eya]
548 1802 665 1844 Epigr.
681 1804 734 1833 21.
752 1801 809 1832 lib.
823 1802 927 1841 Spec-

230 1864 296 1890 tac.
314 1867 400 1888 vers.
419 1860 449 1887 3.

272 1912 290 1939 3
315 1909 422 1946 Longo
452 1904 606 1943 Juniculi,
636 1904 703 1943 δἐι]
725 1901 927 1941 Porrigeba-

229 1964 284 1989 tur
298 1957 385 1988 enim
403 1956 443 1986 ad
460 1959 596 1996 pontem
620 1952 774 1984 Milvium
791 1952 930 1984 Janicu-

228 2010 311 2045 lum,
342 2006 494 2037 excelsus
524 2013 618 2034 mons
649 2011 714 2032 non
740 2001 858 2042 procul
887 2001 928 2031 ab

232 2059 339 2097 Urbe,
361 2061 455 2087 trans
484 2054 631 2085 Tiberim
661 2053 756 2082 situs.
802 2051 929 2081 Recum-

230 2109 320 2148 bunt]
346 2107 449 2138 Horti
463 2114 585 2145 nempe
602 2103 673 2136 Jul.
691 2101 872 2132 Martialis.

274 2164 291 2189 5
319 2159 363 2188 Et
388 2158 510 2197 planus,
526 2153 592 2195 istu]
615 2153 656 2184 In
681 2151 811 2183 vertice
835 2151 929 2183 Jani-

232 2210 299 2241 culi
318 2207 475 2249 planities
493 2210 556 2244 est,
570 2214 645 2245 quae
663 2203 765 2234 001105
782 2208 931 2242 superat,

232 2268 352 2290 serena
373 2262 407 2289 et
431 2257 528 2295 suda,
553 2265 619 2286 non
645 2253 792 2292 nebulis,
809 2257 845 2284 ut
862 2253 930 2284 val-

232 2312 294 2349 les,
310 2313 425 2341 tecta:
448 2308 500 2338 hic
517 2306 600 2339 Julii
617 2306 721 2336 Mart.
737 2304 824 2334 villa.

275 2365 295 2391 9
320 2359 417 2390 Puris
443 2357 553 2397 astris]
578 2357 670 2386 Pura
701 2360 799 2386 vocat
830 2360 931 2391 astra,

233 2421 309 2453 quae
337 2410 438 2441 nullis
461 2408 590 2439 nebulis
614 2407 767 2447 aspectui
799 2405 933 2436 subtra-

232 2462 371 2492 huntur.
417 2459 546 2490 Eadem
572 2457 720 2498 eleganti
736 2456 934 2496 metaphora

234 2511 321 2542 infra
344 2511 403 2542 lib.
428 2513 459 2540 S.
488 2509 606 2549 Epigr.
630 2510 683 2540 14.
705 2508 714 2524 ‘
729 2516 829 2548 puros
845 2507 932 2537 soles

235 2570 270 2596 et
284 2565 355 2596 sine
367 2563 454 2594 faece
471 2561 575 2593 diem’
593 2560 691 2593 dixit.

278 2618 315 2646 ll
341 2612 479 2654 Septem]
503 2613 640 2653 Septem
661 2611 778 2650 001105,
806 2609 933 2641 Palati-

236 2675 327 2704 num,
352 2663 592 2704 Capitolinum,
616 2661 839 2700 Quirinalem,
862 2660 935 2691 Coe-

236 2715 329 2753 lium,
346 2714 567 2754 Esquilinum,
592 2711 809 2751 Viminatem,
824 2710 934 2741 Aven-

685 195 825 226 NOTAE
861 195 1119 225 VARmRt‘M
1160 195 1207 225 IN

972 289 1117 320 domina.

1014 342 1054 371 12
1077 338 1263 376 AEstimare,
1278 336 1348 377 Esca]
1373 337 1538 367 Lustrare
1555 335 1671 366 oculis.

1016 392 1053 420 13
1078 388 1227 428 Albanos]
1260 387 1402 419 Dicitur
1431 395 1525 417 mons
1567 385 1669 416 Alba-

971 451 1045 481 nus,
1061 441 1102 472 ab
1129 441 1218 472 Alba
1237 440 1350 479 longa,
1366 438 1413 468 ibi
1431 437 1597 479 quondam
1614 446 1671 467 ex-

971 496 1112 522 structa.
1156 491 1337 521 Tusculum
1355 498 1435 519 vero
1451 488 1531 519 urbs
1544 487 1643 518 Latii.

1014 544 1053 572 14
1079 541 1123 571 Et
1146 542 1361 581 quodcumque,
1395 538 1462 578 Sym]
1499 538 1543 568 Et
1580 547 1671 578 quae-

970 600 1104 632 cunque
1120 591 1194 622 loca
1206 590 1329 631 frigida
1342 589 1545 620 suburbana.

1015 644 1052 672 15
1083 642 1222 682 Veteres]
1246 641 1355 672 Roma
1383 640 1472 670 enim
1502 638 1671 680 antiquio-

972 701 1036 723 res.
1080 692 1268 731 Breresque,
1281 690 1350 732 δῖα]
1375 689 1505 731 Oppid.
1519 699 1673 730 parvum,

972 742 1062 772 forte
1078 742 1238 773 Ulubras.

1017 794 1056 822 16
1082 792 1171 827 Quod
1195 792 1347 831 virgineo,
1369 791 1439 831 Era]
1466 791 1594 822 Nemus
1610 789 1673 820 Di-

974 852 1045 873 anae
1065 841 1225 882 Aricinae,
1252 843 1285 873 in
1312 852 1376 883 quo
1402 842 1558 872 fecerant
1576 850 1674 872 saera

973 902 1038 922 non
1069 892 1215 932 mitiora,
1239 902 1339 933 quam
1363 892 1516 923 Tauricae
1543 891 1674 921 Dianae.

974 943 1096 974 Strabo
1113 943 1171 975 lib.
1186 947 1217 974 5.
1253 943 1362 974 Cruor
1376 943 1491 984 itaque
1506 943 1557 972 vel
1575 942 1673 982 virgi-

972 1004 1050 1025 num
1067 1003 1245 1033 caesarum,
1275 994 1330 1024 vel
1358 993 1466 1024 Annae
1498 994 1676 1031 Perennae,

974 1055 1062 1085 quae,
1083 1044 1226 1075 Didonis
1248 1053 1353 1083 soror,
1370 1043 1562 1085 (uthabent
1577 1042 1674 1074 fabu-

975 1096 1034 1135 lae)
1062 1095 1210 1126 Laviniae
1239 1094 1375 1125 insidias
1400 1093 1548 1135 fugiens,
1578 1104 1613 1125 se
1641 1094 1674 1124 in

975 1145 1168 1177 Numicium
1183 1143 1337 1175 fl.·dedit
1361 1144 1591 1184 praecipitem:
1619 1153 1675 1174 seu

975 1196 1029 1237 (ut
1058 1195 1198 1226 tradunt
1226 1195 1374 1225 melioris
1402 1194 1482 1225 fidei
1507 1194 1678 1233 historici)

975 1256 1059 1277 anus
1086 1245 1227 1276 Bovillis
1259 1245 1422 1282 oriundae,
1450 1254 1522 1285 quae
1550 1245 1677 1285 populo

976 1307 1038 1338 per
1065 1295 1266 1327 seditionem
1288 1295 1321 1325 in
1353 1300 1501 1325 montem
1524 1294 1677 1334 digresso

977 1347 1089 1379 cibum
1114 1346 1243 1386 tulerit,
1267 1354 1371 1386 seque
1399 1350 1519 1385 postea
1545 1354 1586 1374 ex
1609 1345 1678 1374 alta

977 1398 1129 1429 fenestra
1159 1395 1404 1436 praecipitavit.
1449 1394 1536 1425 Vide
1572 1393 1677 1424 ovid.

978 1451 1009 1479 3.
1027 1449 1122 1479 Fast.
1138 1446 1294 1477 Macrob.
1313 1449 1341 1476 1.
1359 1446 1496 1476 Saturn.
1522 1454 1596 1484 cap.
1626 1447 1677 1475 12.

981 1505 1015 1530 et
1031 1498 1211 1539 Tiraquell.
1228 1497 1268 1527 ad
1284 1497 1339 1527 lib.
1353 1499 1384 1527 3.
1412 1495 1582 1526 Alexand.

1024 1552 1064 1580 18
1089 1549 1158 1579 Illic
1173 1547 1351 1585 Flaminioe,
1367 1545 1434 1586 ἓςα]
1458 1546 1509 1576 Ex
1524 1547 1585 1577 hac
1602 1544 1679 1576 villa

981 1599 1232 1641 prospiciuntur
1247 1597 1366 1628 esseda
1383 1602 1418 1627 et
1443 1606 1561 1627 currus
1577 1596 1610 1627 in
1627 1597 1679 1627 via

981 1651 1087 1680 Flam.
1101 1654 1137 1680 et
1150 1648 1300 1680 Salaria:
1328 1657 1393 1678 non
1410 1652 1523 1678 tamen
1541 1647 1680 1678 audiun-

981 1706 1048 1740 tur,
1060 1706 1118 1731 aut
1131 1708 1283 1730 somnum
1301 1697 1532 1738 interpellant.

1022 1755 1061 1782 21
1101 1751 1273 1791 Ccleusma]
1305 1750 1423 1790 Epigr.
1461 1751 1512 1780 66.
1551 1748 1609 1781 lib.
1647 1752 1678 1779 3.

981 1811 1068 1833 vers,
1083 1805 1114 1832 3.

1022 1854 1063 1881 22
1089 1848 1331 1887 Helcinriorwn]
1371 1848 1437 1880 Qui
1469 1857 1589 1878 navem
1623 1847 1682 1878 ad-

981 1910 1078 1932 verso
1091 1898 1240 1935 flumine,
1259 1899 1313 1928 vel
1328 1898 1383 1938 qui
1407 1898 1482 1927 navi
1499 1897 1679 1928 anchoram

981 1961 1039 1982 seu
1057 1959 1158 1990 grave
1176 1948 1267 1980 aliud
1295 1947 1425 1987 pondus
1450 1957 1515 1977 uno
1533 1948 1679 1978 connixu

981 2007 1017 2032 et
1053 2004 1169 2031 mutuo
1206 1999 1344 2029 hortatu
1382 1997 1587 2028 moliuntur:
1639 1998 1679 2028 ab

980 2050 1072 2089 ἕλκω,
1087 2050 1190 2080 traho.

1022 2104 1063 2132 23
1088 2098 1245 2138 1111110133]
1270 2099 1359 2130 Ρο115
1386 2098 1536 2137 Milvius,
1564 2099 1620 2140 qui
1647 2099 1679 2128 in

983 2152 1036 2183 via
1052 2150 1217 2182 Flaminia
1242 2151 1330 2180 ultra
1350 2149 1496 2189 primum
1523 2149 1681 2188 lapidem.

981 2203 1182 2241 Sacrumque,
1215 2199 1282 2240 Sym]
1318 2200 1388 2230 Pro
1427 2200 1504 2230 Deo
1542 2199 1680 2230 cultum.

981 2252 1100 2292 Vir-gil.
1118 2250 1294 2282 S.AEneid.
1322 2255 1357 2281 et
1385 2249 1593 2290 Epigrainm.
1618 2250 1677 2280 lib.

981 2307 1011 2334 3.
1028 2312 1114 2333 vers.
1129 2305 1160 2332 3.

1024 2357 1064 2384 25
1090 2353 1161 2383 Hac
1185 2362 1249 2389 rus,
1272 2349 1340 2390 ἔξω]
1378 2350 1578 2389 Honestior,
1605 2360 1681 2390 gra-

983 2405 1060 2444 tior,
1087 2403 1255 2433 landatior
1281 2402 1320 2433 fit
1344 2402 1461 2432 domus
1487 2402 1552 2432 ista
1577 2411 1596 2432 3
1623 2402 1680 2432 (10-

981 2455 1071 2485 mino
1091 2453 1183 2486 Julio
1198 2454 1302 2484 Mart.
1321 2454 1390 2483 viro
1410 2452 1582 2493 hospitali.

1022 2507 1064 2534 29
1086 2503 1225 2543 Alcinoi]
1263 2503 1365 2543 Regis
1398 2502 1594 2541 Phaeacum,
1623 2502 1679 2542 qui

981 2555 1136 2594 Ulyssem
1154 2559 1348 2584 enatantem
1372 2553 1518 2593 benigno
1534 2552 1681 2593 hospitio

982 2606 1130 2646 excepit.
1156 2605 1397 2645 Hon1.0dyss.
1414 2604 1458 2644 ζ’.

1024 2659 1064 2687 30
1088 2656 1178 2687 Facti
1194 2657 1280 2687 modo
1296 2655 1419 2694 dicitis]
1443 2655 1552 2686 Quem
1579 2653 1678 2685 modo

982 2707 1121 2738 divitem
1144 2707 1271 2738 factum
1288 2706 1438 2746 appellat
1453 2705 1575 2743 Poeta,
1589 2704 1678 2744 quod

238 2766 356 2804 tinum,
380 2765 500 2807 quibus
516 2765 674 2805 imposita
691 2765 798 2796 Roma
825 2772 934 2795 rerum
976 2760 1075 2800 juxta
1091 2759 1249 2791 Herculis
1264 2758 1392 2798 fanum,
1408 2755 1584 2798 splendido
1598 2755 1677 2785 luxu
