1866 3131
268 175 381 216 1:374

309 285 327 313 3
352 282 493 321 -Eoeimit,
513 280 581 321 Esca]
613 281 791 312 Suetonius
815 281 969 322 Vespasi-

265 343 330 365 ano
346 343 420 375 cap.
433 338 465 365 5.
499 335 507 349 ‘
524 333 570 363 At
586 332 619 363 in
636 332 765 364 Achaia
777 333 968 371 somniavit,

266 386 398 416 initium
428 384 490 415 sibi
512 384 648 425 suisque
675 383 853 415 felicitatis
878 383 968 415 futu-

263 446 351 474 rum,
368 436 519 467 simulac
535 435 618 466 dens
633 435 778 467 Neronis
789 440 967 475 exemptus

265 494 376 519 esset:
401 489 582 529 evenitque
599 492 635 518 ut
653 487 808 527 sequenti
821 486 875 517 die
891 496 966 526 pro-

264 548 398 579 gressus
411 539 444 569 in
461 539 583 569 atrium
600 538 750 568 medicus
772 537 910 567 dentem
935 537 967 567 ei

262 589 463 620 ostenderet
479 594 610 620 tantum
637 587 726 629 quod
745 586 967 627 exemptum!

267 641 454 673 Gronovius,
499 640 636 679 Eximit,
651 638 719 679 Sym]
752 639 883 670 Morbis
901 648 966 668 cae-

265 693 346 723 teris
373 697 569 724 statuuntur
593 691 717 722 medici
734 695 769 721 et
795 689 963 720 remedia:

263 743 321 774 sed
337 744 533 775 sterilihuic
550 742 660 773 officio
678 751 752 772 meo
770 741 881 771 nullus
899 749 965 770 me-

262 793 372 834 dicus,
387 794 572 825 remedium
589 793 731 831 nullum,
745 791 796 822 uti
812 790 964 821 dentium

262 844 384 883 dolori,
411 847 472 876 &c.
526 843 702 874 Medicina
744 847 855 872 autem
890 847 966 872 erat

262 895 384 927 Poe'tae
411 895 569 936 pecunia,
590 894 684 934 cujus
701 891 904 924 difficultate
919 892 964 923 la-

262 947 407 978 borabat
423 955 571 986 semper.

303 1000 323 1028 4
348 997 494 1035 Infestos,
523 996 591 1037 ξε]
624 995 691 1027 Ubi
722 994 963 1035 palpebrarum

260 1049 321 1088 pili
352 1048 468 1079 oculos
501 1047 640 1079 laedunt.
700 1047 816 1078 Celsus
847 1047 904 1078 lib.
934 1050 965 1080 7.

262 1109 339 1139 cap.
355 1102 386 1130 7.

303 1155 320 1180 5
349 1151 419 1181 Non
431 1153 526 1189 secat,
546 1149 614 1190 δῖα]
653 1149 791 1190 Absque
815 1149 964 1180 sectione

260 1201 407 1231 Fannius
424 1206 522 1232 curat
538 1201 710 1241 dejectam
724 1209 835 1238 uvam,
853 1200 966 1230 tuber-

261 1252 371 1282 culum
395 1252 426 1282 in
454 1250 618 1283 faucibus.
650 1251 739 1281 Cels.
758 1250 815 1281 lib.
833 1254 862 1281 5.
888 1260 964 1290 cap.

262 1304 313 1333 14.

303 1354 323 1382 6
346 1351 522 1391 Servorum,
547 1351 618 1392 ἐξα]
657 1351 714 1382 Ita
741 1350 783 1382 de
809 1351 962 1383 Cinnami

258 1408 334 1433 arte
360 1403 583 1434 delendorum
612 1404 823 1444 stigmatum,
844 1403 963 1443 Epigr.

259 1456 312 1484 04.
330 1453 387 1485 lib.
400 1457 430 1485 ὓ.
445 1464 531 1485 verS.
547 1456 600 1486 26.

302 1507 320 1535 7
339 1504 724 1544 Enterocelarumfertur]
743 1503 964 1542 Herniarum,

259 1554 316 1585 nbi
343 1556 506 1586 intestina
531 1556 564 1586 in
580 1561 728 1586 scrotum
746 1554 962 1584 delabuntur.

258 1605 440 1636 Podalirius
456 1605 604 1646 Hermes]
644 1606 841 1645 Chirurgus,
858 1604 963 1634 medi·

258 1665 328 1687 cus,
376 1656 568 1687 Podalirius
594 1661 708 1686 autem
737 1661 771 1686 et
793 1655 962 1685 Machaon

257 1705 319 1736 filii
347 1706 488 1738 fuerunt
516 1706 700 1746 AEsculapii
731 1705 868 1736 medici.
913 1706 962 1736 Ut

258 1767 375 1788 sensus
413 1759 476 1789 sit:
513 1758 660 1788 Hermes
690 1763 741 1788 est
769 1757 960 1788 Podalirius

258 1819 315 1840 seu
330 1809 480 1839 medicus
496 1809 780 1840 enterocelarum.

301 1863 320 1889 8
347 1859 412 1894 Qui
427 1863 512 1890 sanet
531 1863 648 1899 ruptos,
663 1859 733 1898 Sym]
758 1859 812 1889 Ab
833 1858 960 1889 herniae

256 1915 414 1940 curatore
433 1910 607 1940 descendit
623 1909 662 1939 ad
681 1908 901 1949 quaerendum
919 1909 960 1940 de

258 1969 341 1990 cura
353 1964 518 2000 rupturae,
535 1969 599 1990 non
617 1960 763 1996 ramicis,
780 1959 838 1989 sed
857 1965 960 1998 toga>‚

258 2010 465 2050 calceorum,
496 2009 649 2049 corporis
680 2009 801 2039 detriti
831 2007 961 2047 officiis,

257 2070 332 2101 quae
347 2070 445 2091 nemo
462 2066 682 2102 patronorum
695 2060 859 2091 resarciat
872 2070 960 2091 com-

257 2118 436 2152 pensetve.

301 2163 507 2193 Emensu-
546 2164 560 2192 l
587 2161 736 2200 Argenti,
766 2160 836 2201 ὅγε]
872 2160 959 2191 Vide

258 2213 466 2253 Epigramm.
483 2217 536 2244 71.
551 2213 609 2243 lib.
622 2217 651 2244 1.

298 2267 317 2294 2
338 2264 430 2295 Tanti
446 2274 505 2294 non
518 2274 593 2303 emo,
608 2263 676 2304 cisa]
709 2262 810 2293 Libra
825 2263 961 2303 argenti

258 2315 336 2346 mihi
355 2315 443 2345 mitti
462 2314 572 2345 solita.

301 2366 404 2396 Epic.
437 2374 541 2396 Lvlll.
583 2365 736 2396 Excusat
765 2364 958 2405 neglectum

256 2415 425 2446 salutandi
442 2414 598 2446 officium.
645 2416 764 2446 Anxur
779 2423 813 2446 et
833 2415 959 2446 Tarra-

256 2468 332 2498 cina
362 2466 481 2497 eadem
512 2467 655 2497 civitas:
691 2467 733 2497 de
763 2476 828 2507 qua
859 2466 958 2506 paulo

256 2525 336 2548 ante
360 2518 568 2557 Epigramm.
586 2521 638 2547 51.
652 2519 780 2548 vers.8.
804 2516 923 2548 Anxur
940 2526 960 2547 a

257 2567 366 2598 l'o'eta
390 2577 642 2608 nonnumquam
670 2578 731 2609 pro
751 2566 889 2598 flumine
905 2576 957 2598 ca-

257 2620 359 2658 pitur.
383 2618 466 2649 Rad.

301 2672 315 2699 1
342 2668 500 2708 Anxuris]
534 2668 628 2700 Ordo
645 2674 716 2700 est:
752 2669 841 2699 Dum
869 2669 957 2700 colui

256 2719 387 2757 Anxur,
415 2721 529 2760 Baias,
561 2721 668 2762 Rheg.
693 2726 754 2753 ὁῐο.
810 2723 958 2763 ιΕᾳαονεὶ

255 2772 402 2812 placidos,
416 2772 481 2812 Σμι]
514 2773 631 2813 Epigr.
655 2775 708 2803 51.
733 2781 848 2813 supra,
869 2783 957 2804 vers.

725 186 864 217 NOTAE
900 187 1162 216 VARIORUM
1201 187 1247 216 IN

1016 285 1046 311 ὅ.
1062 286 1097 311 et
1110 281 1226 321 Epigr.
1245 283 1274 312 1.
1292 280 1348 312 lib.
1364 285 1395 312 5«.
1416 291 1499 312 vers.
1518 286 1547 313 6.

1059 334 1078 362 2
1105 332 1148 361 Et
1171 333 1296 371 propius
1319 331 1434 372 Βαίας]
1466 332 1567 362 Baias
1583 334 1720 374 propio-

1017 392 1070 412 res
1087 382 1194 413 Urbi:
1209 383 1392 412 Tarracina
1404 383 1494 412 enim
1506 382 1594 413 ultra
1608 383 1718 415 Baias.

1017 433 1247 472 Littoreamque
1273 433 1410 472 domum]
1444 432 1592 463 Centum
1617 433 1720 465 cellas

1019 483 1072 514 vel
1104 484 1232 524 palatia
1261 485 1356 515 Baiis
1389 483 1430 514 ad
1458 493 1549 514 mare
1584 490 1720 516 extruc-

1017 539 1063 565 ta.

1060 587 1078 616 3
1115 585 1159 616 Et
1188 586 1266 626 quod
1291 584 1481 625 inhumanae]
1519 586 1566 617 Et
1600 595 1718 617 nemus

1018 635 1105 677 quod
1122 636 1247 667 cicadae
1264 646 1329 667 non
1343 646 1480 675 novere,
1499 636 1532 666 id
1550 641 1615 677 est,
1634 637 1721 668 Rhe-

1019 687 1145 726 ginum,
1170 687 1204 717 in
1231 697 1296 728 quo
1324 686 1429 728 (teste
1455 687 1569 717 Plinio
1593 687 1652 718 lib.
1670 690 1720 718 ll.

1019 747 1094 778 cap.
1111 737 1180 779 27.)
1203 739 1306 769 silent
1330 737 1458 769 cicadae
1485 737 1548 768 sub
1563 737 1722 775 solstitio,

1017 788 1098 818 alias
1127 789 1368 820 vocalissimae:
1402 788 1491 819 unde
1522 788 1721 818 inhumanas

1019 844 1134 878 vocat,
1150 839 1182 869 id
1199 845 1264 879 est,
1290 846 1475 879 streperas,
1493 839 1720 878 importunas,

1018 890 1080 920 nisi
1098 890 1619 931 praeplaceatlectio,inmtmano.
1639 890 1720 921 Can-

1016 953 1080 980 cro,
1092 941 1159 982 Sym]
1184 942 1304 973 Mense
1319 942 1424 981 Julio,
1441 941 1499 972 nbi
1514 941 1574 972 Sol
1589 941 1622 972 in
1634 941 1721 972 Can-

1018 1002 1075 1024 cro
1090 992 1215 1024 fervet.

1059 1046 1078 1074 4
1102 1043 1338 1084 flumineosque
1365 1041 1464 1082 lacus]
1501 1041 1633 1072 Alicem
1650 1049 1719 1072 am-

1016 1105 1093 1126 nem
1111 1096 1143 1127 in
1162 1096 1294 1133 Locris,
1309 1097 1397 1127 ultra
1415 1106 1513 1137 quem
1537 1101 1661 1126 canunt
1676 1096 1720 1126 ci-

1015 1147 1118 1177 cadae.
1166 1146 1333 1187 Rhegium
1361 1153 1473 1176 autern
1499 1151 1534 1176 et
1558 1146 1647 1177 Alex
1666 1152 1719 1177 est

1016 1197 1048 1227 in
1067 1207 1189 1236 magna
1211 1197 1357 1236 Graecia,
1377 1207 1476 1238 quam
1493 1196 1636 1228 eandem
1655 1198 1717 1228 Ca-

1014 1248 1158 1279 labriam
1173 1249 1361 1280 nominant.

1057 1303 1074 1329 5
1104 1300 1189 1330 Dum
1204 1299 1298 1339 colui]
1332 1299 1419 1330 Haec
1445 1299 1517 1339 jam
1537 1299 1719 1340 jungenda

1015 1359 1090 1380 cum
1109 1349 1244 1390 primis:
1270 1351 1361 1381 Dum
1384 1360 1447 1390 ego
1463 1350 1553 1381 colui
1570 1351 1719 1381 Anxuris

1014 1410 1180 1439 recessus,
1196 1402 1258 1432 ἃς.
1306 1401 1436 1440 Doctus,
1450 1401 1521 1441 δῖα]
1556 1401 1664 1432 Musis
1682 1408 1717 1432 et

1015 1450 1219 1481 carminibus
1236 1451 1410 1483 vacabam.

1057 1504 1077 1532 6
1103 1501 1204 1542 Terit]
1251 1501 1383 1533 Officiis
1410 1502 1558 1534 urbanis.
1599 1503 1717 1544 Epigr.

1014 1555 1067 1583 56.
1085 1562 1202 1593 supra,
1219 1563 1308 1585 vers.
1323 1557 1354 1584 l.
1367 1559 1403 1584 et
1419 1557 1450 1585 8.

1057 1608 1074 1636 7
1101 1606 1180 1646 Hic]
1209 1607 1339 1638 Romae.
1387 1607 1517 1643 Quando
1545 1607 1610 1638 dies
1636 1617 1719 1638 mffls

1014 1656 1076 1696 est]
1112 1658 1224 1689 Quum
1251 1657 1339 1688 liber
1360 1657 1402 1688 ab
1419 1656 1539 1688 officiis
1558 1664 1717 1698 patrono-

1015 1717 1087 1738 rum
1105 1708 1184 1738 mihi
1203 1708 1324 1739 servio.
1367 1708 1454 1748 Alto,
1467 1707 1534 1748 aa]
1561 1708 1719 1748 Metaph.

1011 1758 1046 1789 in
1064 1759 1141 1789 altis
1154 1758 1255 1789 Urbis
1266 1757 1439 1797 fluctibus,
1455 1757 1639 1789 officiorum
1657 1760 1720 1789 sci-

1012 1810 1108 1849 licet,
1134 1819 1303 1848 curarum,
1327 1809 1516 1848 turbarum,
1539 1812 1604 1841 &c.
1651 1810 1719 1841 Ra-

1012 1861 1112 1893 derns
1141 1863 1150 1878 ‘
1168 1862 1201 1892 in
1228 1861 1321 1901 alto]
1348 1862 1506 1902 exponit,
1530 1861 1563 1892 in
1582 1862 1652 1893 alta
1667 1872 1719 1894 se-

1011 1913 1107 1949 mita,
1136 1918 1250 1942 monte
1284 1921 1405 1952 nempe
1445 1912 1625 1951 Quirinali,
1659 1913 1716 1943 ubi

1012 1963 1183 1993 Martialis
1201 1963 1287 1992 lares
1304 1972 1378 1992 snos
1394 1962 1525 2002 habuit,
1540 1962 1628 1993 haud
1641 1973 1716 2003 pro-

1011 2012 1065 2043 cul
1083 2022 1101 2042 a
1117 2012 1251 2044 Quirini
1270 2013 1409 2052 templo.

1053 2064 1072 2091 S
1095 2061 1205 2091 Sterilz'
1229 2061 1345 2101 labore]
1380 2061 1583 2101 Comitaudi,
1611 2062 1716 2093 dedu-

1012 2111 1111 2143 cendi
1131 2117 1303 2152 patronos,
1325 2114 1388 2143 δερ.
1434 2113 1498 2143 Vel
1528 2112 1656 2152 labore,
1680 2118 1716 2143 ut

1011 2162 1167 2194 Raderus
1203 2162 1358 2202 exponit,
1389 2172 1488 2202 quern
1516 2162 1548 2192 iu
1579 2163 1713 2193 hortum

1012 2224 1107 2244 suum
1140 2213 1370 2244 suburbanum
1400 2212 1526 2244 frustra
1556 2214 1715 2252 collocat,

1011 2273 1112 2304 quum
1139 2262 1271 2294 fructus
1309 2263 1418 2294 nullos
1447 2273 1552 2304 prope
1580 2263 1715 2294 reddat.

1013 2314 1156 2345 Videtur
1172 2315 1268 2345 simul
1287 2314 1461 2354 poeticum
1489 2314 1637 2346 studium
1656 2324 1715 2345 no-

1011 2370 1097 2404 tare,
1114 2365 1202 2406 quod
1220 2365 1308 2396 idem
1325 2371 1363 2396 ut
1379 2365 1459 2396 alibi
1474 2365 1628 2406 queritur
1645 2371 1713 2397 ste-

1009 2416 1073 2446 rile
1088 2422 1121 2446 et
1138 2416 1250 2446 inane.

1053 2469 1072 2496 9
1096 2465 1326 2506 Durajngera]
1360 2466 1582 2507 Scrupulosa,
1610 2467 1713 2498 sicca.

1010 2517 1188 2557 Pascimus]
1212 2518 1479 2558 Stercoratione,
1502 2519 1647 2558 cultura,
1662 2528 1715 2549 re-

1010 2568 1250 2608 pastinatione.
1295 2569 1551 2610 Epigrammate
1581 2573 1633 2600 96.
1662 2569 1711 2599 in·

1010 2618 1076 2657 fra,
1093 2628 1177 2650 vers,
1194 2622 1224 2650 7.

1054 2673 1092 2701 10
1130 2670 1313 2710 Vicinosque
1346 2670 1419 2709 tibi,
1441 2669 1511 2710 εμπ]
1555 2671 1646 2711 Ergo
1676 2670 1709 2700 in

1009 2720 1190 2759 Quirinali,
1204 2727 1241 2752 ut
1258 2721 1370 2759 modo,
1387 2731 1472 2752 vers.
1486 2724 1516 2752 8.

1053 2775 1090 2803 11
1115 2772 1178 2803 Sed
1194 2782 1253 2803 non
1266 2773 1346 2803 solus
1363 2772 1462 2811 amat]
1488 2772 1640 2803 Excusat
1656 2772 1709 2803 hic
