1866 3131
254 168 364 210 ’1468
699 179 951 210 Rncssusus
989 179 1267 211 ΕυιΊίοΝυΜ

306 300 359 304 ——
378 276 569 328 Lugduni,
590 282 627 314 4.
649 276 685 313 in
707 277 826 315 choro
842 282 1039 328 poctarum
1060 278 1223 316 lustrato
1243 285 1283 317 et
1302 279 1488 318 illustrato
1508 279 1557 317 ab
1582 281 1691 318 Alex.

256 340 425 377 Ficheto.
481 340 671 390 Expuncti
693 354 780 378 vero
801 348 886 378 sunt
906 355 1033 379 versus
1055 342 1246 380 obscoeni.

308 417 336 440 s,
357 417 390 441 a.
424 404 598 441 Francof.
620 411 657 443 8.
677 418 697 442 e
717 418 860 442 recens.
881 405 965 443 Jani
983 406 1156 443 Gruteri.

315 467 412 505 1618
444 468 566 518 Lugd.
593 474 654 506 12.
677 482 721 505 ex
743 469 906 507 Andreae
928 470 1048 507 Frusii
1069 469 1176 508 Galli
1198 469 1430 508 recensione.

308 554 358 558 —-
380 531 624 582 Rotllomagi.
654 538 710 571 12.
731 545 846 583 opera
865 541 903 570 et
919 532 1047 570 studio
1068 532 1187 570 Andr.
1206 534 1326 570 Frusii
1347 534 1387 571 S.
1405 535 1441 572 J.
1467 540 1526 572 12.

539 662 685 699 AETAS
716 662 782 700 tv.
814 662 1416 701 RADERo-SCRIVERIANA

841 724 1116 770 1619—1713.

263 844 296 880 A
317 841 420 880 Petri
443 841 621 881 Scriverii
645 840 776 880 Batavi
798 841 1030 888 recensione,
1060 842 1221 892 primum
1261 855 1321 879 an.
1347 841 1459 888 1619.
1500 842 1618 888 edita,
1651 845 1698 881 ad

256 906 427 943 criticam
449 906 631 944 rationem
653 905 827 943 exactior
847 912 916 944 est.
975 906 1047 944 Sed
1066 920 1140 944 una
1159 920 1245 944 cum
1267 907 1333 944 illo
1354 913 1479 944 tamen
1498 914 1702 956 regnarunt

257 970 471 1007 Raderiana
491 970 678 1013 recensio,
701 983 787 1020 quae
809 983 895 1007 cum
918 971 1195 1009 commentario
1215 971 1328 1008 etiam
1352 971 1452 1008 curis
1476 971 1594 1009 tertiis
1624 985 1701 1009 me-

254 1032 335 1070 liori
355 1046 416 1071 an.
442 1033 556 1078 1627.
602 1034 815 1084 Moguntiae
836 1033 990 1084 prodiit,
1021 1041 1060 1073 et
1080 1035 1143 1072 illa
1162 1036 1237 1074 Th.
1261 1035 1452 1080 Farnabii,
1471 1048 1586 1085 quam
1615 1048 1704 1084 pos-

255 1097 431 1135 teriorem
460 1098 531 1135 sibi
564 1096 816 1135 excolendam
849 1098 983 1135 sumsit
1004 1099 1122 1137 Corn.
1144 1098 1395 1143 Schrevelius‚
1418 1098 1465 1134 ab
1492 1111 1554 1135 an.
1588 1096 1703 1137 1656.

258 1162 298 1197 ln
319 1174 424 1198 usum
443 1161 627 1212 Delphini
648 1160 801 1212 quidem
819 1161 1045 1199 Vincentius
1062 1162 1237 1200 Collesso
1260 1161 1472 1198 Martialem
1490 1167 1701 1199 castratum

255 1226 459 1263 illustravit
480 1240 540 1264 an.
568 1225 678 1264 1680.
709 1225 774 1262 sed
798 1232 836 1261 et
858 1225 957 1262 idem
985 1226 1115 1263 nescio
1145 1239 1191 1262 an
1220 1226 1418 1263 nocentius
1446 1239 1595 1263 omnem
1631 1226 1701 1262 ob-

257 1290 489 1328 scoenitatem
508 1290 555 1327 ad
578 1291 722 1327 calcem
744 1288 828 1326 libri
850 1290 1057 1338 congessit.
1115 1290 1219 1327 Inter
1238 1289 1412 1328 Collessii
1428 1289 1591 1327 asseclas
1606 1301 1702 1340 prae-

256 1360 329 1391 stat
351 1354 467 1390 editio
489 1354 717 1392 Amstetaed.
741 1355 837 1391 Lud.
862 1352 987 1392 Smids
1007 1367 1069 1390 an.
1097 1359 1207 1396 1701.

316 1415 414 1462 1619
443 1417 665 1454 ScriveriiI.
687 1418 812 1466 Lugd.
844 1419 931 1454 Bat.
956 1416 1016 1453 16.
1044 1429 1075 1454 s,
1112 1421 1170 1454 12.
1193 1416 1249 1452 M.
1270 1415 1354 1452 Vat.
1390 1415 1574 1453 Martialis
1606 1429 1703 1453 nova

255 1479 398 1525 editio;
430 1494 517 1517 cum
539 1481 640 1518 Petri
655 1481 830 1519 Scriverii
849 1479 1261 1518 animadversionibus:
1292 1480 1479 1516 accedunt
1496 1480 1584 1517 Jani
1605 1480 1704 1517 Gru-

257 1545 325 1581 teri
343 1552 462 1581 notae:
492 1545 652 1594 Joseplti
673 1545 854 1596 Scaligeri
886 1544 1048 1582 diatribe
1069 1543 1202 1580 critica
1223 1543 1270 1580 ad
1290 1543 1459 1582 libellum
1481 1543 1529 1580 de
1550 1550 1704 1593 specta-

257 1607 350 1644 culis
368 1608 405 1644 in
427 1608 478 1645 T.
503 1609 743 1653 Marcilium3
772 1608 929 1645 Joannis
945 1606 1097 1644 Brodaei
1117 1608 1177 1654 (ex
1195 1606 1292 1643 libro
1314 1617 1357 1642 x.
1381 1606 1561 1652 Miscell.)
1582 1606 1702 1643 Hadr.

257 1672 430 1709 Turnebi
452 1679 553 1709 notae
574 1672 608 1708 in
628 1672 937 1722 Epigrammata:
972 1671 1108 1720 Angeli
1128 1669 1322 1714 Politiani,
1345 1670 1444 1708 Justi
1466 1669 1595 1719 Lipsii,
1614 1669 1703 1707 Jani

259 1736 451 1786 Rutgersii
472 1743 509 1773 et
532 1737 654 1775 Isaaci
676 1736 836 1773 Poutani
857 1743 960 1773 notae
980 1735 1028 1772 ad
1057 1734 1239 1784 quaedatn
1262 1734 1360 1771 loca.
1384 1734 1508 1783 Lugd.
1533 1736 1617 1771 Bat.
1638 1747 1700 1784 ap.

256 1800 318 1837 JO.
337 1800 473 1836 Maire.
496 1799 583 1836 Vid.
602 1799 687 1837 Cat.
710 1801 756 1836 ‹le
776 1799 811 1836 la
834 1798 930 1836 Bibl.
952 1798 1004 1834 (lu
1026 1798 1111 1842 Roi,
1134 1797 1231 1834 Bell.
1257 1797 1415 1842 Lettres,
1436 1798 1484 1835 T.
1508 1809 1537 1836 1.
1559 1804 1649 1836 321.

315 1863 414 1902 1620
444 1863 716 1912 Luxemburgi‚
742 1868 802 1901 12.
824 1876 913 1900 cura
933 1864 988 1899 M.
1011 1861 1150 1899 Raderi
1172 1863 1211 1899 S.
1231 1861 1267 1898 J.

316 1927 410 1966 1621
446 1927 619 1965 Scriverii
640 1937 690 1964 11.
712 1928 838 1964 Amst.
866 1933 925 1965 12.
945 1925 1000 1962 Μ.
1022 1925 1106 1962 Val.
1126 1923 1310 1962 Martialis
1328 1923 1627 1973 Epigrammata,
1658 1937 1703 1961 ex

258 1990 410 2028 emend.
443 1991 486 2027 P.
521 1990 709 2028 Scriverii.
763 1990 819 2026 Ex
852 1990 938 2026 Cat.
977 1987 1241 2036 Morgenbess.
1274 1993 1372 2035 part.
1408 1997 1457 2023 11.
1480 1999 1518 2035 p.
1552 1986 1638 2024 146.
1667 1994 1705 2023 et

261 2054 361 2091 Bibl.
379 2053 529 2091 Thuan.
549 2054 597 2091 T.
620 2064 671 2091 11.
692 2067 732 2104 p.
755 2057 845 2092 280.
867 2059 905 2088 et
928 2051 1025 2088 Bibl.
1048 2049 1174 2087 Hasaei
1195 2062 1234 2098 p.
1257 2048 1348 2094 639.
1370 2061 1407 2085 n.
1428 2055 1491 2087 35.

319 2116 416 2157 1623
448 2117 588 2155 Duaci.
611 2123 647 2157 8.
669 2118 725 2154 M.
747 2117 793 2154 V.
825 2114 1012 2153 Martialis
1045 2112 1343 2163 Epigrammata.
1378 2112 1467 2149 Vid.
1491 2112 1575 2149 Cat.
1604 2112 1705 2150 Bibl.

261 2183 301 2219 S.
323 2181 358 2218 J.

313 2267 366 2272 —-
385 2244 561 2282 Farnabii
583 2255 633 2282 11.
657 2245 841 2282 Genevae.
868 2249 927 2282 12.
950 2255 986 2279 c.
1008 2255 1043 2279 n.
1064 2241 1142 2278 Th.
1164 2239 1353 2278 Farnabii.

319 2308 419 2347 1624
447 2309 583 2346 Coton.
604 2308 738 2359 Agrip.
763 2314 822 2348 12.
843 2321 889 2345 ex
911 2304 1048 2343 Raderi
1068 2305 1303 2350 recensione,
1325 2304 1404 2341 sine
1425 2303 1537 2349 uotis,
1557 2303 1705 2341 obscoe·

263 2373 318 2410 nis
338 2372 520 2410 rescissis.

315 2458 367 2464 --
384 2435 561 2473 Farnabii
584 2445 656 2473 111.
673 2435 815 2474 Sedan.
838 2440 875 2473 8.
896 2435 952 2472 M.
975 2434 1021 2471 V.
1047 2432 1232 2470 Martialis
1256 2431 1584 2482 Epigrammatum
1604 2429 1705 2474 libri,

263 2499 533 2546 animadversi,
555 2500 761 2546 emendati,
793 2507 830 2538 et
858 2496 1180 2536 commentariolis
1209 2495 1414 2545 explicati3
1444 2507 1479 2532 c.
1502 2507 1541 2531 n.
1561 2493 1704 2531 Thom.

265 2563 455 2601 Farnabii.

323 2625 419 2665 1625
451 2626 625 2664 Farnabii
647 2637 706 2664 lv.
728 2626 909 2664 Francos.
941 2632 1001 2665 12.
1022 2625 1078 2662 Μ.
1098 2624 1145 2661 V.
1176 2622 1369 2661 Martialis
1389 2634 1478 2659 cum
1511 2631 1704 2658 commen-

264 2695 334 2725 tar.
353 2689 427 2727 Th.
447 2689 635 2727 Farnabii.
694 2690 749 2727 Ex
770 2689 955 2728 Schmidii
975 2688 1061 2726 Cat.
1085 2687 1169 2725 Lat.
1190 2699 1226 2736 p.
1250 2690 1314 2724 82.
