1866 3131
245 172 360 213 1274

289 277 395 309 Eme.
419 283 573 306 Lxxxrx.
610 275 629 304 2
662 273 786 312 Arguto
821 273 944 313 pollice]

244 328 371 369 Digitis
389 327 476 357 enim
495 326 585 356 inter
601 334 636 355 se
662 324 801 360 collisis,
819 324 943 364 pollice

242 379 317 410 scil.
341 385 375 408 ct
398 377 510 407 medio
536 374 656 415 digito,
680 375 847 414 crepitum
865 373 943 404 ede-

243 429 337 466 bant,
369 428 499 468 signum
523 434 646 465 nempe
674 425 811 455 matulae
837 424 943 464 porri-

244 478 375 519 geudae.
421 476 508 507 Vide
527 476 644 515 Epigr.
661 477 713 505 82.
732 474 789 504 lib.
806 477 836 504 3.
855 483 942 504 vers.

245 531 348 560 15.et
372 528 579 569 Epignllo.
605 525 663 556 lib.
678 528 730 556 14.
776 524 941 563 madidus]

241 582 342 613 Vino.

285 634 304 662 3
339 630 499 672 Spoletina
527 630 601 660 data
627 632 685 666 est,
707 625 777 667 Sym]
812 625 942 656 Fictilis

242 683 376 723 lagena,
404 691 502 723 qnam
530 680 622 719 prius
656 679 734 708 vino
765 676 941 716 spoletino

244 734 376 774 plenam
407 733 610 769 exsiccarat,
633 728 764 759 etiamsi
782 727 942 767 capacior

242 785 378 824 fnisset,
393 786 630 816 exhausturus.

285 841 303 868 5
329 837 388 867 Ille
406 836 475 877 fide
508 843 637 870 summa,
663 831 732 871 δμκ]
769 830 942 862 Convenit

242 887 329 918 ratio
357 886 491 926 accepti
516 895 554 915 ac
586 883 723 921 redditi,
753 892 819 912 non
849 882 943 912 anxit

242 939 355 968 vinnm
381 937 532 968 adhibita
548 935 590 965 ad
618 933 813 964 diluendum
842 942 942 973 aqua,

242 989 329 1030 quod
344 989 397 1018 vel
423 997 465 1017 ex
483 986 614 1017 ratione
632 984 777 1015 redditae
805 983 846 1013 ad
872 984 942 1023 jus-

242 1043 310 1070 tam
327 1047 514 1069 mensuram
532 1036 802 1076 nrinae,jocatur
819 1035 942 1073 Poeta,

241 1096 399 1122 constare
416 1091 621 1120 Pauaretnm
638 1087 763 1118 bibisse
780 1096 920 1117 merum.

284 1144 303 1172 8
327 1141 443 1172 Desine
458 1138 585 1178 mirari]
611 1136 719 1168 Rufus
740 1136 940 1175 mirabatur,

243 1191 333 1233 quod
351 1201 426 1221 cuni
454 1190 648 1220 Panaretus
679 1188 832 1227 lagenam
857 1187 941 1217 inte-

242 1252 337 1283 gram
349 1242 568 1279 exsiccasset,
582 1249 647 1269 non
661 1239 736 1279 plus
748 1238 852 1268 urinae
867 1237 941 1267 red-

241 1294 382 1331 diderit,
401 1303 498 1334 quam
512 1296 674 1333 quantum
691 1291 811 1329 lagena
834 1289 941 1328 cepis-

243 1349 319 1383 δεῖς
350 1354 424 1374 cum
455 1353 497 1373 ex
525 1342 658 1372 ratione
691 1350 786 1380 aqua).
815 1338 941 1376 affuaae,

241 1395 347 1426 multo
365 1393 508 1433 amplius
526 1392 741 1428 etdebnerit,
757 1395 791 1421 et
803 1390 942 1427 bibisse,

242 1452 277 1477 et
289 1455 462 1476 remensus
472 1443 589 1474 fuisse.
619 1441 820 1481 Respondet
833 1441 942 1471 Poeta

243 1496 453 1527 panaretum
484 1503 550 1524 non
583 1492 775 1523 adhibuisse
812 1502 943 1532 aquam,

242 1546 301 1577 sed
330 1554 499 1576 meracum
528 1543 642 1573 vinnm
667 1542 812 1572 bibisse:
840 1547 942 1582 atque

240 1597 317 1627 hinc
331 1605 458 1626 summa
472 1594 539 1625 fide
554 1602 741 1623 remensum
756 1601 844 1632 esse,
854 1592 941 1633 quod

243 1647 466 1678 exhausisset.
495 1645 609 1675 Rader.

284 1698 386 1728 Epic..
406 1705 463 1727 xc.
478 1693 694 1726 Extenuabat
706 1694 838 1733 culpam
848 1703 942 1724 suam

243 1746 366 1786 Gellia,
381 1746 477 1788 quasi
493 1745 756 1775 tolerabiliorem
774 1744 861 1785 quod
876 1754 940 1774 non

242 1798 304 1828 nisi
321 1807 422 1827 unum
443 1796 585 1827 haberet
606 1796 780 1835 moechum,
806 1801 842 1826 ut
863 1796 942 1836 Epi-

241 1852 428 1888 grammate
440 1849 492 1876 92.
511 1845 566 1875 lib.
584 1848 615 1876 3.
655 1845 846 1883 Redargnit
868 1854 942 1876 eam

242 1896 365 1936 Poeta,
393 1904 487 1937 teque
519 1901 618 1936 turpe.
655 1905 740 1933 esse,
776 1896 943 1936 inquiens,

241 1948 350 1985 uxori,
367 1956 468 1978 unum
488 1946 614 1976 habere
631 1946 809 1983 moechum,
822 1955 860 1976 ac
876 1955 941 1976 non

240 2003 358 2038 nuptae
383 1998 530 2028 multos:
555 2005 628 2026 esse
651 1996 778 2036 quippe
803 2004 942 2025 uxorem

243 2047 398 2086 duorum,
427 2047 540 2077 mariti
571 2046 705 2076 scilicet
733 2045 872 2084 legitimi
907 2051 942 2076 et

241 2098 400 2129 adulteri.
446 2098 479 2127 Si
507 2097 595 2127 enim
610 2096 712 2136 juxta
730 2096 895 2126 Senecam
912 2098 941 2126 3.

242 2149 366 2179 Benef.
382 2158 458 2187 cap.
477 2150 528 2177 16.
547 2146 749 2177 adulterium
773 2146 868 2175 unius
887 2155 942 2176 vo-

243 2203 340 2230 catur
350 2198 611 2235 matrimonium,
626 2202 661 2226 et
674 2205 756 2225 uxor
768 2202 862 2226 certe
877 2196 943 2226 erit

245 2248 406 2287 adulteri,
423 2257 495 2288 qnae
515 2247 561 2277 illi
579 2246 687 2277 dedit.

288 2299 394 2329 Eme.
407 2307 495 2329 xcu.
526 2300 544 2328 2
561 2297 707 2337 Myronis
721 2296 803 2336 arte]
824 2296 943 2336 Sculp-

244 2351 327 2382 toris
342 2350 473 2380 nobilis.
500 2349 619 2388 Epigr.
632 2351 684 2379 39.
698 2348 756 2378 lib.
769 2351 798 2378 4.
814 2357 899 2378 vers.
911 2350 941 2377 2.

286 2404 305 2432 3
336 2401 485 2431 Vaticana
498 2400 589 2437 bibis,
606 2399 672 2439 350]
703 2399 848 2429 Pulchre
864 2408 943 2428 con-

245 2451 338 2482 venit
355 2450 504 2490 serpenti
518 2459 679 2489 expresso
691 2449 724 2479 iu
736 2449 856 2488 poculo
868 2458 943 2478 cnm

244 2500 324 2531 vino
339 2500 520 2539 Vaticano,
545 2499 634 2540 quod
662 2500 806 2530 oninium
838 2499 944 2538 pessi-

246 2560 335 2582 mum
363 2556 427 2589 est,
452 2556 488 2581 et
516 2554 569 2589 (ut
586 2549 673 2580 dixit
688 2550 942 2590 Epigrammate

247 2604 297 2632 19.
317 2601 402 2632 libro
421 2605 449 2632 l.
468 2611 565 2632 versu
583 2601 766 2641 6.)saevu=u
781 2601 941 2631 toxicum.

290 2652 393 2682 Eme.
423 2661 528 2683 xcnr.
582 2655 595 2682 l
634 2652 708 2682 Tum
736 2653 815 2682 male
849 2652 942 2683 Thais

246 2702 318 2743 olet,
334 2703 400 2744 own]
426 2703 583 2744 Aliquam
600 2703 712 2743 lupam
739 2712 797 2733 seu
822 2703 942 2744 prosti-

701 178 842 209 NOTAE
876 179 1138 210 VARIORUM
1176 181 1225 211 IN

994 275 1122 313 bulum,
1138 275 1272 306 nomine
1296 275 1430 306 Thaidis
1452 279 1555 306 vexat
1569 274 1689 315 Po'e'ta,

993 330 1134 365 propter
1151 325 1429 364 graveolentiam,
1443 335 1516 366 quae
1530 325 1692 366 Harpyiis

993 381 1028 406 et
1044 375 1216 406 Chimaeris
1232 375 1323 406 hisce
1337 377 1534 407 communis.
1580 377 1690 407 Fuere

992 426 1135 456 Thaides
1160 426 1290 464 amicae,
1321 426 1430 466 poetis
1461 426 1576 457 multis
1601 427 1691 457 cele-

993 475 1112 507 bratae.
1159 476 1314 516 faltonis]
1338 477 1433 507 Fullo
1450 478 1580 518 est‚qni
1595 482 1691 517 togas

993 531 1157 565 recentat,
1173 532 1207 558 et
1223 527 1372 558 maculas
1395 537 1433 559 ac
1449 527 1564 559 sordes
1579 537 1597 559 e
1614 533 1692 567 toga

992 577 1089 613 eluit,
1111 582 1146 608 et
1158 577 1274 609 addito
1290 578 1451 618 sulphure
1465 583 1499 609 et
1515 583 1609 609 creta
1622 587 1692 609 rur-

993 638 1065 658 sum
1092 627 1299 659 candefacit.
1344 629 1435 660 Plin.
1462 629 1520 660 lib.
1537 633 1588 660 35.
1613 639 1690 669 cap.

994 681 1044 709 17.
1070 679 1079 695 ‘
1092 678 1208 709 Avari’
1225 680 1318 718 dicit,
1347 680 1425 720 qnia
1439 690 1598 720 magnum
1616 690 1692 720 pre-

993 730 1076 760 tium
1109 740 1170 770 pro
1201 731 1350 761 vestibus
1385 729 1596 762 candefactis
1634 736 1692 762 aut

993 781 1192 811 emaculatis
1208 782 1402 822 exigebant.
1428 782 1508 814 Rad.

1034 833 1052 860 2
1077 831 1168 861 Testa
1183 835 1279 869 vetus,
1294 831 1360 871 cisa]
1385 833 1460 864 Qua
1476 832 1604 862 urinam
1624 833 1692 871 (ca-

992 880 1155 910 melorum
1183 883 1345 920 maxime,
1376 886 1464 912 teste
1495 882 1605 913 Plinio
1633 882 1691 912 lib.

992 933 1044 961 28.
1060 941 1134 971 cap.
1152 931 1197 969 8.)
1220 931 1261 962 aul
1280 931 1530 971 purgandarum
1548 933 1690 963 vestium

993 991 1088 1011 usum
1113 981 1331 1022 excipiebant
1352 981 1513 1021 fullones,
1537 983 1610 1014 haec
1636 993 1693 1014 au·

993 1037 1060 1062 tem
1081 1032 1172 1063 dolia
1194 1033 1331 1064 stabant
1347 1033 1379 1063 in
1399 1033 1549 1073 publico.
1594 1034 1689 1065 Frac-

992 1082 1039 1122 τα]
1073 1083 1155 1113 Tum
1174 1084 1262 1114 enim
1278 1084 1492 1123 gravissimus
1509 1089 1544 1114 et
1558 1084 1692 1114 teterri-

992 1145 1065 1165 mus
1081 1135 1216 1165 exhalat
1233 1135 1329 1166 odor.

1035 1188 1053 1215 3
1077 1185 1128 1215 Ab
1150 1195 1251 1215 (miore
1275 1195 1377 1216 recens
1398 1185 1515 1225 hircus]
1545 1185 1599 1216 Sic
1614 1186 1691 1225 Epi-

993 1245 1130 1276 gramm.
1153 1239 1185 1266 4.
1215 1236 1273 1268 lib.
1301 1239 1331 1266 4.
1377 1237 1465 1267 Nam
1489 1241 1524 1266 et
1545 1236 1631 1266 hirci
1657 1243 1692 1266 et

993 1287 1095 1324 cervi,
1117 1291 1152 1316 et
1177 1286 1242 1316 alia
1267 1286 1435 1322 animalia,
1459 1296 1535 1316 cum
1557 1286 1693 1325 coeunt,

993 1336 1177 1367 deterrime
1207 1335 1342 1367 foetent.
1390 1337 1457 1366 Ora
1478 1336 1587 1376 leonis]
1611 1335 1691 1366 Ani-

991 1397 1054 1418 mae
1068 1388 1174 1418 leonis
1189 1388 1279 1417 virus
1296 1396 1411 1426 grave.
1460 1387 1546 1418 Plin.
1567 1387 1622 1417 lib.
1641 1390 1692 1418 11.

992 1447 1066 1478 cap.
1090 1441 1142 1469 53.
1186 1437 1275 1468 Vide
1294 1437 1418 1468 Annot.
1437 1437 1539 1477 prior.
1559 1438 1693 1477 Baptis-

993 1494 1037 1520 ta)
1051 1488 1117 1519 Pii.
1135 1488 1248 1528 capite
1266 1491 1317 1518 15.
1485 1480 1487 1482 ¹

1035 1544 1054 1571 4
1077 1540 1245 1577 Detracta,
1266 1538 1332 1578 ἕςα]
1368 1538 1471 1569 Urbis
1498 1548 1577 1579 pars
1602 1544 1692 1569 trans

991 1590 1139 1621 Tiberim
1163 1590 1271 1620 viliori
1300 1588 1489 1630 plebeculae
1506 1589 1692 1627 colebatur,

993 1646 1028 1671 et
1041 1641 1073 1671 in
1090 1650 1131 1671 ea
1144 1640 1393 1671 exercebantur
1407 1638 1543 1670 sordida
1556 1644 1591 1669 et
1607 1637 1693 1669 foeti-

993 1692 1036 1723 da
1051 1701 1168 1732 opera,
1183 1697 1219 1722 ut
1237 1691 1497 1728 excoriationes,
1519 1690 1693 1730 sulphura-

993 1748 1040 1781 ta,
1057 1746 1120 1774 dcc.
1167 1742 1254 1773 Vide
1271 1742 1386 1781 Epigr.
1403 1744 1456 1771 42.
1481 1740 1540 1771 lib.
1559 1743 1588 1771 l.
1607 1750 1692 1771 vers.

993 1798 1023 1825 3.
1061 1794 1219 1826 Juvenal.
1234 1793 1350 1833 Satyt.
1364 1795 1415 1824 14.
1431 1802 1517 1823 vers.
1533 1794 1606 1822 203.

1035 1848 1053 1874 5
1078 1845 1186 1874 Pullus
1208 1843 1360 1881 abortivo,
1388 1843 1458 1883 ξω]
1497 1843 1572 1873 Nec
1598 1841 1691 1882 pejus

992 1893 1063 1924 olet
1080 1903 1178 1924 ovum
1196 1892 1380 1932 putridum.

1035 1947 1055 1974 6
1081 1944 1183 1984 Gara]
1208 1943 1439 1974 Exintestinis
1452 1942 1691 1974 ettabesconi-

993 1994 1129 2024 brorum
1145 1993 1314 2029 confecto,
1331 1993 1389 2024 sed
1407 1998 1580 2032 corrupto,

1034 2047 1053 2075 7
1083 2044 1176 2075 Virus
1190 2047 1224 2074 ut
1241 2044 1295 2074 hoc
1308 2044 1380 2080 alio,
1395 2043 1462 2083 Iso]
1486 2042 1691 2074 Graveolen·

993 2096 1072 2126 tiam
1100 2101 1137 2125 nt
1167 2095 1278 2125 lotura
1305 2094 1504 2124 dissimulet.
1548 2093 1612 2123 Vel
1637 2093 1692 2123 illa

991 2146 1095 2176 Thais
1116 2147 1125 2162 ²
1139 2143 1264 2182 fallax,'
1283 2144 1432 2184 quamvis
1450 2142 1605 2173 foetorem
1622 2152 1694 2172 cor-

994 2196 1084 2236 poris
1101 2200 1217 2235 tegere
1234 2199 1376 2225 conetur
1392 2199 1426 2224 et
1443 2195 1601 2232 obruere,
1625 2196 1692 2224 (Sec.

993 2247 1081 2278 vide.
1098 2248 1272 2287 Epigram.
1289 2249 1340 2277 88.
1358 2246 1413 2276 lib.
1427 2249 1455 2276 1.

1036 2301 1056 2328 9
1080 2296 1231 2336 Psilotro]
1267 2297 1412 2327 Psilotra
1437 2301 1515 2327 sunt
1544 2295 1691 2326 medica-

993 2355 1108 2379 menta
1135 2359 1194 2379 seu
1220 2352 1405 2387 unguenta,
1429 2347 1549 2388 quibus
1575 2347 1690 2386 pilosae

994 2400 1144 2440 corporis
1172 2404 1287 2440 partes
1316 2398 1525 2439 glabrantur.
1572 2398 1690 2437 Epigr.

994 2455 1046 2482 29.
1065 2452 1121 2482 lib.
1135 2454 1164 2482 2.
1189 2461 1274 2482 vers,
1290 2453 1320 2481 7.
1337 2456 1371 2480 et
1387 2450 1503 2489 Epigr.
1518 2451 1571 2480 73.
1590 2449 1646 2480 lib.
1659 2451 1690 2479 3.

995 2511 1080 2533 verS.
1098 2505 1125 2532 1.
1170 2502 1270 2531 Acida
1287 2503 1362 2532 latet
1373 2500 1481 2540 oblita]
1500 2500 1608 2530 Aceto
1624 2509 1691 2529 ma-

994 2557 1108 2583 cerata
1132 2552 1304 2592 Epigram.
1328 2555 1381 2582 74.
1407 2552 1464 2581 lib.
1488 2554 1518 2581 3.
1547 2560 1633 2581 verS.
1657 2552 1690 2581 4.

995 2603 1104 2643 Creta]
1130 2603 1285 2642 Cimolia,
1311 2603 1395 2633 Chia
1411 2611 1470 2632 seu
1486 2601 1608 2639 Samia,
1624 2610 1690 2640 qna

991 2653 1175 2685 utebantur
1204 2652 1351 2685 foeminae
1380 2651 1421 2684 ad
1446 2652 1550 2683 cutim
1577 2660 1688 2681 emen-

992 2704 1150 2736 dandam.
