1866 3131
419 185 467 213 M.
501 186 610 214 VM..

157 287 217 307 suo
234 278 294 308 tihi
322 279 416 312 nebit
435 280 557 321 pollice
574 281 674 311 niveo
689 279 762 320 (qui
787 280 855 310 lon-

157 329 352 367 gaevitatem
384 329 522 371 figurat)
549 330 603 361 fila
631 340 747 369 aurea,
780 339 853 369 qua*

156 391 317 412 summam
371 382 580 423 portendunt
629 382 829 413 felicitatem
847 391 855 411 :

154 440 298 472 namque
327 442 370 463 ex
398 433 576 473 disciplina
605 432 853 464 Hetruscorum

155 482 242 512 aries
259 482 394 514 insolito
410 484 523 514 colore
540 483 689 523 indutus,
706 484 777 523 regi
801 483 855 513 vel

155 532 357 572 Imperatori
388 534 534 564 omnium
565 544 674 565 rerum
706 534 856 574 largitio-

154 592 230 613 nem
248 584 486 622 portendebat.
523 585 611 616 Vide
624 595 697 626 quae
711 585 753 616 ad
769 595 854 616 vers.

153 635 228 664 229.
245 634 384 674 Thyest.
399 634 550 666 Senecae.

195 688 216 714 6
260 685 398 726 Phryxi,
435 685 504 725 ξω]
548 686 666 717 Velius
703 695 856 726 aureum,

153 736 253 774 quale
269 741 343 766 erat
361 735 474 766 arietis
495 736 581 767 illius
606 746 671 777 qno
695 736 853 776 Phryxns

152 793 271 816 vectus
289 796 306 817 e
323 787 454 818 Boeotia
476 787 510 818 in
535 787 678 819 Colchos
693 787 854 819 transfre-

152 836 249 867 tavit.
271 837 376 877 Julia]
402 838 470 869 Titi
492 837 572 876 filia,
597 838 711 878 neptis
735 838 853 869 Domi-

153 887 248 917 tiani.
294 888 356 918 Illa
372 898 452 929 ergo
462 889 653 920 Domitiani
667 888 773 920 filium
784 899 851 920 non

151 942 289 976 poterat
318 948 396 978 non,
421 943 542 979 utpote
570 939 763 979 sangninem
793 949 852 978 pa-

149 987 230 1026 trui,
244 997 375 1020 amare:
398 990 468 1020 sive
485 990 621 1029 amavit,
644 991 714 1020 sive
728 989 853 1029 oderit,

149 1037 213 1068 hoc
230 1037 339 1069 Poeta
355 1049 395 1069 ex
424 1039 549 1070 ‹lecoro
572 1040 680 1080 tingit.
725 1041 850 1071 Sensus

149 1097 230 1128 ergo
247 1093 321 1119 est:
343 1089 438 1120 Julia
453 1091 547 1130 quasi
563 1091 652 1128 Dea,
663 1090 850 1121 Parcarum

151 1138 225 1169 loco
243 1138 302 1169 tibi
321 1141 474 1170 nascenti
504 1146 652 1181 natoque
666 1140 762 1171 nebit
779 1140 853 1171 feli·

148 1189 201 1219 cia
215 1190 293 1220 vitae
310 1190 454 1221 stamina
478 1196 511 1221 et
527 1201 631 1222 aurea
644 1190 714 1228 fila,
729 1196 852 1221 totum-

149 1249 213 1279 que
245 1241 350 1270 vellus
379 1251 528 1280 aureum,
559 1241 593 1271 id
628 1246 694 1280 est,
726 1250 853 1272 meram

145 1289 362 1322 felicitatem.

191 1341 294 1372 Eme.
333 1351 383 1373 lv.
430 1342 562 1373 Laudat
609 1343 855 1381 Domitianum,

148 1393 236 1432 quod
251 1393 360 1433 legem
373 1393 497 1425 Juliam
508 1393 550 1425 de
565 1395 710 1434 stupris,
726 1399 760 1424 et
777 1395 854 1425 Sca-

151 1443 269 1474 tiniam
298 1444 340 1474 de
372 1444 596 1484 impudicitia,
625 1449 661 1474 et
691 1445 854 1475 adulteris

149 1494 327 1532 puniendis
353 1495 535 1533 revocarit,
561 1500 663 1535 atque
686 1494 855 1525 histrioni·

149 1543 211 1573 bus
226 1553 362 1575 scenam
382 1545 619 1582 interdixerit3
643 1554 765 1584 pueros
782 1554 854 1574 cas·

147 1593 229 1623 trari
245 1604 262 1623 a
274 1595 494 1633 mangonibus
512 1594 670 1633 vetuerit,
685 1596 748 1625 δερ.
765 1604 852 1633 prae-

150 1642 284 1684 ferique
301 1645 386 1674 lianc
411 1645 553 1675 c-aesaris
577 1644 708 1674 laudem
734 1650 768 1675 et
784 1644 852 1676 fac-

152 1698 236 1732 tum,
251 1695 387 1724 caeteris
405 1694 555 1724 omnibus
579 1704 636 1724 sen
661 1694 852 1735 triumphis,

150 1754 206 1774 sen
225 1745 370 1785 templis·

192 1798 205 1824 l
237 1796 352 1825 Censor
380 1794 530 1834 nutrime]
568 1795 750 1826 Censuram
787 1797 850 1827 sibi

150 1846 327 1885 assumpsit
351 1846 543 1875 maximam.
565 1845 659 1876 Suet.
682 1858 710 1876 e.
728 1850 758 1877 8.
777 1857 852 1887 pcr-

147 1900 294 1934 petnam.
314 1895 393 1926 Dio.
418 1895 676 1936 Principnmque]
704 1897 853 1938 Impera-

149 1951 210 1976 tor.

188 1998 207 2026 2
226 1995 425 2037 Triumphos]
452 1998 501 2027 Ex
526 1998 633 2028 Dacis
661 2009 707 2029 sc.
737 1999 848 2031 Cattis

144 2051 179 2077 et
200 2047 373 2079 Sarmatis.
395 2048 508 2088 Epigr.
527 2051 559 2080 2.
589 2049 645 2081 lib.
660 2052 692 2082 2.
717 2060 805 2082 vers.
821 2055 852 2084 6.

152 2102 186 2127 et
205 2097 321 2138 Epigr.
340 2101 392 2130 19.
409 2099 466 2129 lib.
484 2103 515 2129 5.
535 2109 622 2131 vers.
637 2103 668 2132 3.

188 2150 206 2177 3
224 2148 280 2178 Tot
298 2150 471 2189 nascentia]
496 2150 561 2181 Tot
579 2160 678 2189 nova,
695 2157 729 2182 et
747 2152 790 2182 ab
805 2153 853 2183 in-

145 2202 242 2236 tegro
265 2207 306 2228 ex
333 2197 562 2231 fundamentis
591 2208 720 2239 erecta,
745 2208 780 2233 et
804 2208 854 2234 tot

145 2254 265 2284 renata
291 2258 349 2280 seu
376 2251 548 2283 restituta.
576 2252 716 2284 Sueton.
734 2258 852 2294 cap.5.

144 2299 290 2338 Eutrop.
309 2299 367 2329 lib.
384 2302 415 2331 7.
430 2301 583 2334 Cassiod.
601 2303 724 2334 Chrou.

189 2352 206 2379 4
235 2350 289 2380 Tot
301 2351 489 2391 spectacula]
512 2353 606 2384 Suet.
624 2359 741 2394 cap-4.
765 2356 853 2387 Vide

147 2399 265 2438 Epigr.
283 2402 334 2430 19.
353 2400 409 2430 lib.
433 2404 463 2430 5.
479 2401 562 2433 ibid.
598 2403 654 2434 Toe
672 2404 769 2443 Deos,
784 2406 852 2446 iffa]

149 2451 265 2480 novos
298 2451 400 2489 Deos,
427 2450 588 2491 seipsum,
615 2458 760 2493 patrem,
784 2455 851 2486 fra-

145 2504 245 2538 trem,
271 2505 305 2531 et
323 2500 464 2539 dulium,
482 2512 557 2533 cum
581 2505 741 2545 antiquis,
761 2507 851 2539 Jove

145 2551 302 2590 vustode,
333 2552 496 2590 Hercule,
527 2555 676 2587 Fortuna
712 2558 852 2598 reduce,

143 2602 246 2641 Jamo,
262 2606 327 2634 otc.
347 2604 514 2644 xiphilin.
541 2610 576 2636 et
597 2607 738 2639 Sueten.
762 2609 851 2640 Vide

136 2654 356 2694 ¹Epigramm.
374 2657 423 2685 19.
439 2655 496 2686 lib.
512 2659 542 2686 5.

185 2709 202 2735 5
241 2706 361 2736 Pudice
392 2705 455 2746 est]
488 2706 577 2738 Vide
604 2717 679 2749 qnae
719 2709 760 2739 ad
786 2709 850 2749 Ep.

142 2758 172 2786 2.
192 2765 301 2797 supra.

647 186 710 214 MA
723 185 836 214 R'riA
849 185 922 213 12¹8
959 187 1114 216 El‘lGR.
1153 188 1195 216 m
1208 190 1242 216 Β.

1277 189 1338 218 Π.
1496 179 1607 221 1253

952 280 1054 310 Epm.
1080 290 1114 310 v.
1143 284 1160 311 3
1180 282 1239 313 Nil.
1264 283 1338 313 milti
1364 283 1541 323 respondes]
1566 284 1606 315 Id

907 334 971 363 cst,
1000 329 1104 360 tacite
1132 340 1251 370 negas:
1278 342 1350 362 nam
1367 333 1538 363 silentium
1557 340 1609 365 tu-

906 389 962 410 um
987 380 1129 410 honesta
1155 381 1334 418 denegatio
1357 387 1420 414 est.
1454 383 1606 422 Tacitum,

905 429 974 469 &osi
990 431 1149 461 Tacendo
1172 431 1297 462 videris
1322 432 1439 464 dicere
1464 443 1518 464 me
1541 443 1608 465 non

905 480 1128 512 redditurum.

948 534 967 562 4
986 531 1073 571 Ideo,
1095 530 1165 571 εμπ]
1193 532 1241 562 Ut
1265 542 1328 563 non
1354 533 1509 575 reddam,
1526 545 1607 576 rogo

909 583 1016 623 gratis
1033 587 1068 613 et
1086 582 1186 622 dono,
1195 592 1259 613 uon
1277 589 1406 615 mutuo.

950 634 1052 664 Eme.
1077 643 1128 664 vr.
1151 634 1314 674 Scoptice
1341 642 1481 667 excusat
1506 637 1611 668 Paul·

906 684 970 714 lam
988 684 1075 725 quod
1094 690 1182 715 amet
1200 691 1344 726 quatuor
1360 687 1543 726 comoedos,
1560 688 1608 718 in-

906 735 1023 775 quiens
1049 745 1122 766 eam
1141 745 1205 766 non
1222 735 1335 767 facere
1358 742 1484 776 praeter
1500 739 1608 779 legent

905 785 1104 816 Dramatis:
1143 786 1293 826 quamvis
1326 787 1414 817 enim
1442 788 1474 818 in
1508 799 1608 820 scena

904 836 1017 875 plures
1037 837 1143 867 tribus
1168 837 1265 868 simul
1290 838 1381 879 loqui
1404 848 1470 870 non
1485 849 1607 871 conve-

903 885 987 925 niat,
1004 886 1177 918 inducitur
1206 892 1319 918 tamen
1346 898 1438 929 saepe
1461 899 1609 930 persona

904 943 1038 977 quarta,
1064 948 1139 978 quae
1165 938 1219 968 vel
1243 943 1334 970 muta
1359 944 1412 970 est
1437 941 1490 971 vel
1517 942 1611 982 loqui

903 996 969 1019 non
995 988 1149 1019 laborat:
1176 989 1208 1020 id
1237 994 1305 1028 est,
1323 999 1424 1030 parce
1448 991 1610 1033 loquitur.

904 1039 984 1077 Sed,
1000 1044 1147 1070 mentem
1165 1040 1283 1071 Poe‘tae
1300 1046 1409 1081 petat,
1424 1044 1481 1083 qui
1504 1045 1609 1084 volet,

904 1099 945 1119 ex
964 1089 1220 1129 Epigrammate
1237 1093 1290 1122 33.
1308 1091 1393 1122 libro
1411 1095 1441 1123 9.
1459 1103 1543 1124 vers.
1561 1097 1592 1126 3.

947 1140 1052 1170 Epic..
1073 1149 1141 1170 vu.
1165 1142 1176 1170 l
1198 1141 1287 1171 dulia
1313 1142 1363 1171 Iex
1387 1144 1518 1183 populis,
1542 1145 1612 1184 lym]

906 1190 958 1220 Ex
976 1199 1042 1230 quo
1072 1195 1226 1230 tempore
1242 1192 1454 1223 Domitianus
1471 1204 1610 1226 revoca-

906 1239 955 1271 vit
980 1240 1091 1280 legem
1106 1241 1231 1272 Juliam
1250 1252 1268 1272 a
1294 1244 1332 1274 C.
1357 1245 1448 1276 Julio
1473 1246 1610 1278 Caesare

907 1291 1101 1322 Octaviano
1137 1296 1256 1322 contra
1285 1293 1458 1327 adulteros
1493 1298 1610 1329 latam.

906 1341 995 1371 Vide
1025 1341 1119 1372 Suet.
1146 1342 1277 1373 Domit.
1300 1347 1330 1375 7.
1359 1350 1394 1376 et
1417 1356 1505 1387 cap„
1521 1350 1551 1379 S.
1575 1354 1611 1379 et

907 1401 1011 1432 supra
1026 1392 1143 1432 Epigr.
1159 1395 1190 1422 2.
1208 1399 1243 1424 et
1257 1396 1286 1424 4.
1305 1395 1446 1434 primum
1464 1398 1524 1429 hoc
1544 1398 1611 1429 dis-

907 1443 1021 1472 tichon
1039 1443 1070 1472 in
1088 1443 1141 1473 ed.
1154 1443 1369 1476 Scriveriana
1384 1446 1612 1490 desideratur,

907 1494 1089 1525 consilioue
1114 1494 1239 1534 ipsius?
1274 1505 1316 1526 an
1347 1496 1475 1529 incuria
1495 1499 1610 1540 'l’ypo-

905 1544 1090 1584 graphica?
1126 1544 1202 1575 Hoc
1228 1546 1363 1577 videtur
1379 1557 1421 1578 ex
1437 1548 1598 1581 lemmate

905 1594 961 1624 uhi
982 1595 1133 1626 Faustini
1150 1597 1287 1628 mentio.

946 1646 965 1674 3
981 1644 1047 1674 Aut
1064 1645 1175 1685 minim,
1189 1646 1258 1686 ἐγω]
1276 1646 1372 1678 Intra
1388 1658 1537 1680 mensem
1556 1651 1610 1681 vel

904 1697 957 1725 30.
973 1694 1045 1725 dies
1058 1696 1240 1726 Thelesina
1256 1698 1371 1737 nupsit
1387 1698 1513 1731 decies.

947 1749 965 1775 5
999 1746 1073 1776 Non
1101 1746 1202 1785 nubit,
1230 1748 1297 1789 θα]
1326 1749 1493 1780 Fraudem
1524 1749 1610 1781 facit

903 1797 982 1836 legi,
1009 1798 1157 1838 conjugii
1174 1799 1307 1829 nomine
1326 1801 1488 1840 praetexit
1515 1802 1609 1832 adul—

904 1848 1038 1886 terium,
1066 1849 1130 1878 vim
1155 1849 1241 1888 legis
1266 1850 1387 1889 eludit,
1412 1860 1521 1892 neque
1536 1852 1608 1892 jam

903 1907 988 1928 uxor
999 1898 1131 1937 est,sed
1147 1898 1304 1930 adultera
1314 1901 1477 1939 legitima.
1494 1902 1612 1943 Epigr.

903 1951 955 1981 75.
972 1949 1030 1979 lib.
1044 1953 1076 1979 5.
1090 1949 1166 1979 vide
1182 1954 1217 1980 et
1235 1952 1286 1982 22.
1304 1951 1421 1991 Epigr.
1437 1950 1535 1983 infra.

945 2003 966 2030 6
1005 2001 1140 2040 Moeclza,
1174 2002 1243 2042 ἐξα]
1288 2004 1373 2034 Quae
1406 2004 1608 2044 simpliciter

903 2051 1032 2082 moecha
1058 2057 1125 2090 est,
1160 2062 1269 2094 neque
1306 2054 1414 2093 legem
1451 2055 1608 2097 ipsasque

904 2103 1039 2141 nuptias
1069 2102 1255 2134 adulterat.
1279 2105 1397 2145 Epigr.
1423 2108 1475 2136 88.
1500 2106 1558 2138 lib.
1578 2110 1607 2138 1.

903 2157 939 2182 et
958 2151 1136 2191 Epignw.
1150 2152 1206 2184 lib.
1223 2156 1254 2184 3.

948 2202 1055 2232 Eme.
1084 2211 1168 2233 vm.
1204 2207 1217 2233 l
1251 2205 1409 2236 Proetores
1436 2207 1508 2244 duo,
1537 2206 1607 2246 iren]

907 2252 1066 2283 Honores
1090 2253 1138 2284 ait
1158 2253 1278 2293 jacere
1307 2261 1342 2285 et
1372 2255 1477 2286 bonas
1497 2261 1605 2287 artes:

904 2303 937 2333 in
964 2303 1075 2343 pretio
1091 2313 1166 2334 esse
1183 2304 1400 2344 citharaedos,
1417 2306 1608 2346 choraulas,

905 2363 1093 2393 praeconeS,
1120 2354 1168 2384 uti
1201 2360 1236 2385 et
1264 2356 1418 2396 queritur
1446 2356 1606 2388 Juvenal.

903 2404 1016 2443 Satyr.
1034 2407 1064 2435 3.
1082 2404 1158 2434 vide
1175 2410 1209 2434 et
1228 2404 1283 2434 lib.
1299 2409 1329 2434 5.
1349 2405 1467 2445 Epigr.
1489 2409 1542 2437 56.

946 2457 964 2484 5
992 2454 1133 2485 l'raeconi
1147 2455 1247 2492 (ledit,
1263 2454 1330 2494 ἐγὼ]
1353 2454 1400 2485 Iis
1416 2455 1504 2486 enim
1523 2460 1606 2488 tem-

903 2504 1042 2545 poribus
1080 2514 1275 2544 praeconum
1314 2504 1454 2536 fortuna
1483 2506 1527 2537 ad
1555 2506 1606 2537 in-

905 2555 1028 2586 vidiam
1056 2565 1161 2595 usque
1190 2555 1304 2593 lauta3
1343 2557 1431 2597 quod
1454 2557 1605 2588 Martiali

902 2605 1170 2642 indignationem
1183 2606 1357 2637 excitabat
1369 2617 1472 2647 supra
1484 2608 1604 2648 Epigr.

901 2659 954 2688 56.
979 2656 1000 2686 Ι.
1017 2660 1049 2687 5.
1094 2655 1141 2686 At
1170 2656 1248 2686 olim
1278 2655 1468 2688 infimorum
1495 2662 1531 2689 et
1547 2659 1604 2688 rui-

901 2716 1052 2737 scrorum
1084 2706 1345 2738 homuncionum
1379 2707 1602 2739 ministerium

901 2762 986 2789 erat.
1016 2757 1094 2788 Her,

1604 1575 1612 1590 Ξ
