1866 3131
387 197 432 227 M.
468 199 576 228 VAL.
612 198 886 229 MARTIAMS
923 198 1078 229 EPIGR.
1114 200 1205 229 Llll.
1242 200 1330 229 ΧΗ.

135 293 228 324 bcllii
245 293 288 324 de
304 293 466 334 Podagra
487 298 522 324 et
536 302 652 330 arena,
666 298 701 323 et
717 292 834 332 Epigr.

136 344 249 375 Graec.
267 344 324 374 lib.
340 347 371 374 2.
389 354 463 384 cap.
486 347 540 374 43.
566 343 755 382 Μισόπτωχε
771 341 838 380 θεὲ,

133 394 229 431 μούνα
244 394 378 425 πλούτου
393 394 567 434 δαμάτειρα,
585 398 648 426 δῖε.

178 449 196 476 3
225 447 332 477 Tecum
343 447 428 483 sella,
445 446 512 486 Qua]
550 447 621 486 [Sic
638 445 716 476 edd.
734 443 834 484 vett.]

134 494 217 535 Alii,
236 497 346 527 Tecum
357 497 488 535 pariter,
499 496 679 535 pariterque
688 497 822 526 lavatur.

177 549 196 576 6
221 546 355 577 Nic-eam
370 546 497 586 aquam]
520 546 634 586 Epigr.
657 549 710 577 65.
727 545 784 576 lib.
802 548 832 575 5.

135 606 224 628 vers.
242 600 273 628 2.

176 650 195 677 7
222 648 340 686 Nigra,
369 646 437 687 δικ]
488 647 602 678 Uncta
629 656 775 685 amomo,
798 651 833 676 ut

134 697 253 737 Epigr.
271 700 322 728 38.
341 697 438 728 iufra.

178 750 216 777 10
239 747 373 777 Damam
382 746 498 786 potius,
516 745 583 786 effic]
607 746 833 777 Proletarium

133 798 247 828 nescio
280 808 379 839 quem
415 799 551 838 inopem
582 803 618 829 et
648 797 834 837 infelicem,

134 847 250 878 Poetis
276 854 477 888 usurpatum
505 858 629 878 nomen
655 849 743 880 servi
764 858 832 879 ma·

133 899 285 929 numissi.
332 900 458 930 Horat.
475 903 510 930 et
526 900 660 931 Persio.

174 950 277 981 Eme.
295 958 402 981 xvni.
422 950 596 981 Describit
613 950 718 981 otium
737 960 832 982 suum

132 1000 380 1031 Bilbilitanum.

175 1053 190 1081 l
217 1051 393 1092 Inquietus]
416 1050 546 1082 Officiis
570 1056 606 1082 et
631 1051 719 1081 curis
743 1050 833 1081 urbi-

132 1101 180 1133 cis
195 1101 376 1133 distentus.

173 1155 192 1183 2
219 1152 375 1192 Clamosa]
421 1152 595 1192 Strepenti
631 1151 833 1182 clamoribus

131 1212 324 1243 praeconum
342 1207 378 1233 et
392 1203 544 1241 alim-um,
558 1201 613 1242 qui
630 1211 683 1232 res
698 1202 831 1232 venales

131 1259 166 1284 et
183 1253 410 1293 promercales
427 1252 613 1283 clamitant.
642 1252 783 1282 Clamosa
799 1252 831 1281 in

130 1302 270 1342 Subura]
294 1301 419 1333 Officio
435 1302 511 1332 scil.
528 1306 586 1332 tuo
605 1301 831 1331 demeriturus

130 1353 282 1391 Stellam,
299 1353 394 1392 cujus
411 1352 502 1382 aedes
526 1361 567 1382 eo
583 1351 662 1389 loci,
676 1356 715 1382 ut
733 1356 832 1390 patet

130 1413 171 1433 ex
188 1403 264 1433 libri
281 1403 380 1442 hujus
398 1403 573 1443 Epigram.
591 1404 622 1433 3.
650 1401 830 1441 Juvenalis]

131 1454 305 1494 Satyricus
322 1453 392 1491 ille,
416 1459 454 1483 ut
471 1453 543 1482 vult
556 1452 705 1492 Lipsius,
732 1462 830 1492 quem

130 1504 242 1544 Epist.
259 1505 312 1533 20.
330 1503 428 1534 lib.4.
452 1502 712 1543 Epistolicarum
730 1503 832 1535 Quae-

131 1556 274 1585 stionum
310 1554 423 1594 arguit
452 1554 495 1583 ab
526 1553 628 1584 exilio
658 1562 830 1584 reversum

131 1605 303 1644 scripsisse
327 1609 458 1634 mortno
483 1604 669 1634 Domitian.
695 1602 831 1642 Subura]

131 1655 304 1694 Epigram.
321 1656 373 1684 35.
391 1654 448 1684 lib.
466 1657 495 1684 l.
513 1662 601 1684 vers.
618 1656 648 1684 6.

172 1707 191 1735 3
218 1705 332 1735 Collem
369 1704 499 1743 Dianoe]
540 1703 762 1741 Aventinum,
796 1704 830 1734 in

130 1755 222 1795 cujus
240 1755 367 1785 vertice
385 1755 547 1793 templum
571 1754 706 1784 Dianae.
735 1754 830 1784 Salu-

131 1810 262 1836 taturns
279 1805 325 1835 ibi
339 1805 471 1843 Suram,
483 1804 580 1844 cujus
595 1804 686 1834 aedes
699 1804 744 1834 ibi
761 1805 830 1834 col-

130 1856 221 1886 locat
247 1861 384 1886 noster:
410 1855 662 1895 Epigrammate
691 1856 744 1884 64.
773 1852 830 1884 lib.

131 1909 162 1937 6.
181 1916 279 1937 versu
296 1909 347 1937 16.

172 1964 189 1991 5
216 1959 380 1994 Sudatrix,
406 1958 475 1998 ξω]
516 1958 556 1988 In
574 1961 691 1999 quatu
707 1957 830 1988 saluta-

130 2011 211 2042 toris
226 2010 342 2041 obiens
356 2009 465 2041 officia
483 2009 595 2040 sudas.

173 2065 192 2092 6
216 2061 321 2099 Major
337 2061 465 2098 Coelius,
477 2059 546 2099 fisa]
571 2058 671 2089 Mons
689 2057 828 2097 Coelius,

129 2121 213 2142 nnus
230 2121 247 2142 e
261 2114 291 2142 7.
313 2110 465 2148 collibus,
481 2110 592 2140 dictus
618 2109 696 2140 olim
721 2109 828 2141 Quer-

131 2162 345 2203 quetulanuS‚
360 2166 395 2192 et
418 2161 451 2191 in
468 2170 508 2191 eo
525 2160 703 2192 colliculus
719 2159 828 2190 minor

131 2212 291 2243 Coeliolus
308 2211 432 2242 dictus.

172 2264 190 2291 7
215 2261 333 2291 Multos
349 2265 418 2301 post
435 2260 635 2301 Decembres]
663 2261 747 2291 Post
770 2269 826 2291 an-

130 2321 192 2342 nos
209 2314 263 2342 34.

172 2364 192 2391 9
216 2361 300 2391 Auro
316 2359 456 2398 Bilbilis,
479 2358 547 2400 ξω]
570 2360 680 2400 Supra
706 2360 826 2401 Epigr.

131 2414 160 2442 3.
178 2420 265 2442 vers.
281 2413 312 2441 3.
329 2415 364 2441 et
382 2410 501 2449 Epigr.
519 2413 570 2441 50.
588 2410 645 2440 lib.
661 2413 691 2441 l.

173 2464 211 2492 11
252 2459 438 2498 Boterdum]
498 2458 579 2498 Alii,
622 2459 827 2490 Botlzrodum.

130 2511 246 2551 Epigr.
264 2514 316 2541 50.
330 2509 388 2540 lib.
403 2518 426 2539 1.
444 2518 529 2539 vers.
542 2511 572 2540 7.
607 2509 826 2549 Plateamque]

130 2562 248 2602 Epigr.
264 2564 316 2591 55.
335 2560 393 2590 lib.
410 2562 442 2590 4.

174 2615 213 2643 14
241 2612 346 2642 Tertia
359 2621 451 2652 soepe,
463 2610 531 2650 ἐξα]
551 2611 670 2642 Tertia
686 2611 754 2643 diei
769 2611 827 2642 ho-

131 2672 256 2703 ra‚quae
266 2662 361 2693 nobis
370 2661 477 2692 ferme
486 2670 572 2691 nona
581 2661 764 2692 veloctava
773 2670 828 2691 an-

132 2711 364 2751 temefidiana,
374 2721 436 2752 pro
450 2711 542 2742 vario
556 2712 633 2741 anni
648 2717 813 2751 tempore.

176 2764 212 2792 15
241 2762 348 2794 Totum
393 2762 481 2801 mihi,
514 2761 582 2801 eya]
636 2761 825 2802 Compenso

1476 191 1588 231 1407

886 301 1002 323 somno
1031 298 1066 324 ct
1094 293 1258 333 odoi-mio,
1286 293 1444 336 quicquid
1469 293 1585 325 Romae

886 341 1117 381 vigilaveram.

928 394 966 421 17
991 393 1104 431 Ignota
1126 400 1173 426 est
1197 395 1286 435 toga]
1322 394 1447 425 Officia
1470 398 1589 435 togata

884 441 964 471 mihi
982 443 1082 473 nulla.
1102 444 1218 485 Epigr.
1236 449 1288 475 51.
1304 445 1364 476 lib.
1381 447 1431 474 10.
1448 454 1539 475 vers.
1556 449 1588 476 6.

883 494 892 509 ‘
909 492 989 538 Jzani
1009 493 1199 536 Numaeqne
1216 497 1392 537 ninguidos
1406 506 1536 527 menses
1553 496 1589 526 in

883 543 954 575 otio
990 542 1172 585 fuliginoso
1211 553 1246 578 et
1281 547 1434 578 tunicata
1471 547 1588 587 quiete

884 595 1141 627 transmittere!
1163 597 1320 628 Sidonius
1338 598 1510 636 Epist.l4.
1527 597 1590 627 lib.

883 648 914 675 2.
942 645 1049 675 Datur
1059 647 1194 687 petenti]
1219 647 1304 677 Milli
1322 656 1418 678 mane
1436 647 1588 687 surgenti

884 695 1085 736 petentique
1103 696 1207 728 datur
1224 708 1243 728 a
1259 707 1372 728 servo.

928 748 966 776 18
992 746 1097 787 Rupta
1125 749 1282 788 proximu,
1304 749 1373 790 ssa]
1409 748 1585 788 Proxima,

883 796 917 826 id
943 802 1007 832 est,
1024 799 1185 838 quaelibet
1210 799 1310 830 obvia
1327 800 1430 830 vestis
1451 809 1469 830 e
1486 805 1589 840 rupta

884 848 1045 878 cathedra
1060 850 1270 889 repositoria.
1293 851 1358 881 Vel
1372 854 1473 890 rupta
1486 850 1588 880 vestis

884 908 902 929 e
928 899 1083 938 proxima
1111 900 1298 931 cathedra:
1321 900 1487 941 producta
1511 900 1588 931 ulti-

884 958 937 979 ma
961 949 992 979 in
1008 950 1016 966 ‘
1034 949 1174 990 Rupta‚'
1189 956 1330 992 propter
1344 953 1353 969 ‘
1370 952 1498 992 priores
1512 951 1522 965 '
1537 952 1590 982 in·

885 1004 1080 1040 sequente&
1124 1001 1187 1032 Vel
1218 1002 1379 1042 neglecto
1408 1002 1588 1033 Phaleucii

883 1049 1031 1088 modulo,
1058 1050 1090 1080 in
1115 1061 1181 1090 qno
1207 1061 1272 1082 non
1302 1051 1483 1082 admodum
1511 1051 1589 1082 reli-

884 1099 997 1138 giosus
1017 1105 1069 1130 est
1084 1100 1266 1132 Martialis.

927 1151 967 1179 19
990 1149 1192 1190 Surgentem]
1214 1151 1285 1181 Me.
1313 1151 1468 1192 Superba]
1494 1150 1587 1182 Alta.

925 1202 966 1229 20
995 1199 1099 1230 Vicini
1125 1201 1225 1240 strue]
1248 1202 1257 1217 ‘
1274 1201 1396 1232 Vicina
1422 1202 1455 1232 in
1476 1203 1586 1241 ipsum

882 1250 979 1290 sylva
1010 1249 1197 1281 descendet
1218 1251 1353 1283 focum.'
1397 1253 1514 1293 Epigr.
1532 1255 1586 1283 50.

882 1301 939 1332 lib.
962 1304 991 1333 ].
1034 1302 1159 1343 Cultus]
1186 1303 1295 1334 Focus
1317 1303 1416 1334 dives
1441 1303 1521 1344 ligni
1542 1313 1585 1334 ex

881 1355 958 1386 ilice
975 1355 1108 1386 arbore.

923 1407 963 1436 21
989 1406 1096 1436 Multa
1118 1406 1236 1446 cillica,
1258 1406 1326 1446 ξω]
1350 1407 1459 1438 Quem
1478 1406 1589 1437 villica

881 1455 988 1494 cingit
1013 1456 1125 1486 multis
1151 1455 1250 1486 ollis:
1275 1456 1330 1486 vel
1355 1456 1410 1486 cui
1434 1455 1510 1487 foco
1528 1456 1587 1486 vil-

881 1505 947 1536 lica
963 1505 1107 1544 imponit
1122 1506 1206 1536 ollas
1231 1511 1419 1546 coquentes
1444 1506 1588 1546 prandia

881 1560 915 1586 et
930 1565 1053 1586 coenaS.

923 1608 964 1635 22
990 1606 1060 1641 Ille,
1075 1616 1162 1645 quem
1178 1606 1230 1646 tu]
1254 1606 1434 1638 Delicatus
1451 1606 1535 1638 adeo
1551 1612 1588 1639 et

880 1655 1002 1693 mollis,
1017 1660 1055 1686 ut
1071 1656 1202 1696 cupiaS,
1219 1659 1284 1687 Sto.

923 1708 963 1736 24
988 1707 1161 1746 Dispensat
1183 1707 1305 1747 pueris]
1348 1707 1480 1747 Diania,
1505 1717 1586 1748 ope-

880 1765 1023 1796 rumque
1063 1756 1206 1787 labores.
1267 1758 1433 1797 Rogatqzte
1463 1758 1586 1798 longos]

880 1805 1039 1844 Villicus,
1059 1807 1223 1837 novacula
1239 1817 1345 1844 rasus,
1363 1813 1461 1847 rogat
1481 1808 1588 1839 domi-

879 1865 957 1885 num
977 1860 1013 1886 ut
1031 1856 1131 1886 liceat
1156 1857 1270 1897 pueris
1295 1857 1468 1897 deponere
1485 1859 1588 1899 capil-

880 1907 943 1945 los,
969 1907 1058 1946 qnod
1082 1907 1214 1948 signum
1240 1913 1314 1938 erat
1340 1909 1490 1939 emeritae
1514 1918 1583 1940 suae

879 1958 1024 1997 militiae,
1046 1962 1084 1989 ut
1103 1959 1176 1998 jam
1206 1959 1240 1989 in
1266 1959 1355 1990 viros
1385 1960 1587 2000 transcripti

879 2008 928 2039 rei
958 2009 1097 2040 rusticae
1129 2009 1214 2040 dent
1244 2019 1398 2049 operam.
1436 2010 1588 2041 Rainire-

879 2059 948 2090 sius
976 2059 1018 2090 ad
1046 2059 1164 2099 Epigr.
1191 2062 1248 2091 57.
1272 2060 1331 2090 lib.
1361 2063 1394 2091 3.
1423 2060 1585 2101 intelligit

878 2109 985 2149 ipsum
1009 2109 1159 2140 villicum
1188 2110 1297 2140 levem
1329 2120 1451 2150 rogare
1481 2111 1586 2142 domi·

878 2169 970 2198 num,
986 2164 1023 2189 ut
1045 2159 1106 2189 lioc
1124 2159 1189 2189 sibi
1213 2159 1326 2191 liceat.
1355 2161 1442 2190 Vide
1458 2169 1499 2190 an
1516 2161 1583 2191 huc

878 2209 984 2241 faciat
1008 2210 1090 2240 illud
1113 2210 1241 2241 Catulli
1267 2210 1302 2240 in
1327 2210 1582 2250 Epithalamio:

876 2262 884 2278 ‘
898 2261 1084 2292 Sordebam
1107 2260 1168 2290 tibi
1185 2260 1296 2291 villice
1314 2261 1510 2291 Concubine
1523 2261 1582 2292 ho-

878 2311 932 2341 die
949 2315 1053 2351 atque
1077 2310 1160 2340 lieri.
1207 2311 1307 2341 Nunc
1334 2315 1428 2341 tuum
1453 2311 1580 2342 cinera-

877 2361 945 2392 rins
961 2360 1095 2390 Tondet
1110 2359 1169 2390 os?

920 2413 960 2441 25
983 2410 1086 2441 Loeris
1110 2409 1247 2449 villicus]
1279 2410 1342 2440 Cui
1366 2410 1447 2440 nihil
1469 2409 1581 2442 adhuc

878 2464 953 2491 erat
964 2460 1142 2499 lanuginis,
1155 2460 1436 2500 quemadmodum
1453 2461 1462 2476 ‘
1477 2460 1581 2491 laevos

878 2520 1000 2552 pueros
1016 2511 1023 2523 ’
1039 2510 1153 2551 posuit
1169 2510 1226 2541 lib.
1245 2513 1298 2541 11.
1315 2510 1433 2550 Epigr.
1448 2513 1499 2541 23.

922 2562 1028 2592 Epic.
1061 2569 1139 2590 x1x.
1175 2560 1216 2590 In
1248 2560 1375 2590 balneis
1413 2560 1580 2600 potabant

878 2621 944 2642 non
961 2620 1051 2649 raro,
1068 2610 1126 2640 sed
1151 2616 1187 2641 et
1211 2609 1413 2650 quandoque
1437 2610 1503 2641 cibi
1520 2611 1579 2641 ali·

879 2661 959 2702 quid
971 2661 1160 2691 sumebant.
1195 2661 1372 2691 Lautiores
1386 2670 1450 2692 una
1465 2661 1581 2692 lavan-

879 2712 968 2742 tibus
985 2710 1234 2741 distribuebant
1254 2710 1346 2741 cibos
1369 2711 1576 2751 gustandas:

876 2762 934 2793 hos
958 2761 1088 2792 voravit
1106 2760 1270 2801 AEniilius,
1287 2761 1333 2791 ita
1358 2765 1395 2791 ut
1424 2760 1487 2792 sibi
1509 2770 1578 2791 non
