1866 3131
402 197 450 226 Μ.
484 198 593 226 VAL.
628 197 902 226 MAR'rlAms
938 199 1092 228 EPIGR.
1127 199 1220 228 mn.

147 300 227 332 qnos
245 290 336 321 vides
359 290 548 321 horridulos
566 291 653 321 tritis
678 290 838 328 lacernis,

145 347 224 372 snut
247 342 364 372 Poetae
382 350 446 371 non
470 339 648 371 inferiores
665 339 787 379 Virgil.
803 344 840 370 et

148 391 284 422 Ovidio.

190 444 228 472 10
255 441 318 481 Ibi]
343 441 460 472 Romae
490 450 535 471 sc.

146 492 283 523 tertium
302 491 464 522 Martialis
482 500 544 521 non
562 490 699 530 scripsit
712 490 843 528 Romae,

147 543 208 574 sed
239 543 270 573 in
302 542 413 573 Gallia
451 546 580 581 togata,
608 546 644 571 et
678 541 841 580 scriptum

147 594 287 623 Romam
303 592 403 622 misit.
428 592 510 622 Rad.

194 647 229 674 11
263 643 368 681 Atria,
403 641 472 681 312]
504 641 683 682 Ingrediar
717 641 843 682 (inquit

145 694 286 731 Sextus)
304 694 408 724 cliens
429 693 655 733 potentiorum
675 693 773 731 atria,
789 692 843 723 vel

148 743 308 784 principis
323 743 443 774 aulam.
472 743 536 774 Vix
550 743 636 783 treis,
647 743 715 783 gc]
741 743 843 784 Resp-

149 793 268 825 Poeta.

595 440 682 470 Nam
720 439 840 470 librum

190 847 226 875 13
255 843 337 879 Quid
351 843 486 883 faciam,
509 842 578 883 8)·ε.]
602 843 716 874 Verba
738 843 844 874 Sexti.

150 895 276 926 Certum
293 894 353 934 est]
377 895 562 926 Decretum
586 894 649 925 hoc
664 893 757 933 milii,
774 894 844 924 sive

148 945 258 976 sedet.
305 945 471 976 Martialis
485 945 609 985 accipit
625 944 719 985 quasi
733 944 846 975 dicere

147 997 269 1026 Sextus
311 995 482 1034 voluisset,
515 995 592 1026 Non
621 994 738 1025 dubito
766 993 845 1034 quin

148 1045 268 1075 Romae
299 1046 410 1076 vivere
438 1046 571 1086 possim.
616 1044 739 1085 Itaque
765 1044 846 1084 joco

148 1094 335 1136 respondet
360 1095 481 1125 Poeta.
527 1095 562 1125 Si
590 1095 696 1125 malus
713 1104 762 1134 es,
777 1094 845 1125 vita

150 1147 264 1177 Romae
291 1146 351 1176 tibi
379 1150 474 1176 certa
501 1149 576 1183 est;
601 1144 652 1175 sin
677 1144 781 1174 bonus
799 1153 846 1182 es,

148 1196 303 1235 fortuita,
317 1197 387 1227 sive
404 1195 554 1236 pendeus
568 1205 587 1225 a
601 1200 684 1225 nutu
700 1194 845 1225 fortunae

150 1251 186 1278 et
217 1256 306 1286 casu,
334 1247 403 1277 sive
439 1245 558 1286 ὁπότερ’
583 1244 706 1285 ἔτυχεν.
754 1245 846 1276 Fieri

148 1307 271 1337 nempe
288 1298 414 1338 poterit
427 1303 464 1327 nt
481 1297 585 1336 vivas,
598 1296 674 1327 fieri
690 1296 792 1327 etiam
808 1299 847 1327 ut

149 1357 213 1379 nec
228 1348 332 1387 vivas,
348 1357 406 1378 seu
423 1348 548 1378 victum
571 1346 733 1378 invenias.
773 1347 845 1377 Mu-

150 1399 295 1430 samber—t.

193 1451 232 1480 14
257 1449 294 1479 δι’
319 1448 412 1479 bonus
437 1458 478 1488 es,
505 1447 575 1488 Sym]
600 1448 703 1478 Bonis
725 1445 847 1477 fortui-

150 1503 206 1530 tus
223 1504 273 1529 est
288 1500 402 1529 Romae
419 1499 527 1529 victus
543 1504 578 1529 et
593 1498 764 1536 incertum
782 1507 849 1528 ma-

151 1550 192 1580 lis
207 1549 414 1589 stipendium
430 1554 574 1580 certum.

196 1600 295 1629 Eme.
322 1608 456 1630 xxxix.
486 1602 498 1630 l
527 1596 700 1637 Magistro]
724 1597 850 1636 Magis-

152 1654 204 1681 tro
219 1650 362 1689 pecoris.
405 1649 477 1680 Alii
493 1649 558 1689 leg.
572 1648 725 1686 ministro,
738 1647 771 1677 id
786 1651 850 1685 est,

153 1698 347 1739 Ganymedi
368 1699 463 1731 Jovis
480 1697 685 1739 pocillatori.
710 1701 746 1727 ut
763 1697 784 1728 l.
798 1699 849 1727 11.

153 1750 262 1790 epigr.
279 1752 351 1780 104.

196 1803 215 1830 2
241 1800 354 1838 Quam,
381 1799 448 1840 ἐξα]
476 1799 562 1832 Quae
593 1803 661 1829 tam
688 1798 776 1829 bene
806 1797 849 1828 de

154 1848 260 1880 forma
281 1848 426 1888 judicet.
470 1848 616 1881 Quintus
638 1853 770 1885 contra,
792 1856 848 1887 ep.

154 1902 186 1930 8.
202 1909 315 1939 snpra,
332 1908 442 1930 caecus
465 1904 540 1930 erat
565 1899 715 1940 quamvis
733 1898 848 1929 oculos

153 1949 304 1980 haberet.

197 2000 300 2031 EPiG.
328 2008 384 2033 XL.
411 2000 449 2030 In
480 1998 687 2038 leelesinum]
724 1998 851 2030 Irridet

154 2049 372 2081 Thelesinum
401 2050 591 2091 quemdam,
618 2050 673 2091 qui
695 2059 850 2089 maguam

156 2109 228 2132 rem
244 2110 280 2130 se
296 2100 494 2140 praestitisse
510 2100 738 2139 existimabat,
762 2099 850 2140 quod

155 2155 307 2182 mutuam
354 2151 503 2182 dedisset
543 2151 661 2182 Postae
698 2150 850 2191 pecuniae

158 2211 333 2241 summam,
347 2207 382 2232 et
397 2212 433 2232 se
459 2211 617 2241 magnum
637 2201 680 2232 ob
704 2201 737 2232 id
754 2211 852 2241 repu-

159 2251 267 2283 tabat.
317 2252 512 2292 Respondet
539 2251 661 2291 Poe'ta,
691 2253 852 2293 majorem

160 2311 197 2333 se
233 2310 320 2341 esse,
350 2303 405 2342 qni
439 2303 592 2334 debitum
621 2303 702 2334 illud
733 2303 853 2342 solvat,

159 2362 260 2394 quum
276 2363 404 2394 pauper
420 2354 474 2386 sit.
499 2355 653 2386 Ramires.

205 2406 221 2433 l
264 2403 323 2434 Ter
361 2405 590 2445 quinquagena]
627 2406 772 2436 Centum
818 2407 855 2435 et

160 2454 403 2495 qninquaginta
415 2455 517 2486 millia
530 2455 735 2486 sestertium.

205 2508 225 2535 2
251 2505 377 2544 Gravis,
400 2504 468 2545 δῖα]
499 2505 586 2536 Vide
610 2515 664 2546 ep.
691 2508 744 2536 30.
773 2504 794 2536 l.
820 2506 851 2534 2.

162 2559 294 2587 vers.5.

203 2608 224 2637 4
250 2607 397 2645 Magnus,
419 2605 489 2646 Era]
512 2605 618 2637 Immo
633 2606 783 2646 pusillus,
798 2605 855 2646 qui

162 2655 260 2687 dives
272 2666 336 2687 non
353 2656 440 2687 dona
455 2656 513 2688 das
527 2667 534 2688 :
553 2666 615 2697 ego
628 2665 781 2696 magnus,
797 2654 855 2695 qui

164 2715 293 2749 pauper
309 2708 413 2739 solvo.

1478 189 1500 228 l
1509 189 1588 229 175

933 292 1034 322 Rem.
1056 300 1130 323 xm.
1155 296 1170 323 l
1196 291 1362 332 Mentoris,
1380 291 1450 332 ξω]
1479 291 1589 323 Caela-

891 343 972 373 toris
989 343 1221 374 laudatissimi.

931 396 950 424 2
980 394 1078 433 Vivit,
1105 397 1134 424 et
1166 394 1295 424 timetur
1321 392 1499 434 argentum]
1521 391 1586 424 Af-

891 442 986 475 fabre
994 443 1110 474 efficta
1122 443 1255 474 videtur
1268 444 1406 484 spirare,
1418 448 1454 475 et
1470 443 1523 474 vel
1539 452 1588 474 ar-

893 499 1016 536 gentea
1032 494 1261 525 nescientibus
1279 494 1416 525 timetur
1428 504 1488 534 pro
1502 493 1590 526 viva.

1256 199 1326 229 111.

935 546 1038 576 Eme.
1056 553 1143 575 XLII.
1176 546 1191 574 l
1216 543 1362 574 Lomento
1387 554 1495 583 rugas,
1520 542 1592 583 ἐξα]

892 596 1023 626 Pollam
1040 593 1218 635 quamdam
1234 592 1390 624 frustrari
1414 594 1515 625 docet
1529 603 1589 624 suo

891 645 1021 684 labore,
1048 654 1123 685 quae
1153 653 1251 684 rugas
1279 644 1407 674 ventris
1438 644 1592 674 lomento

892 694 1041 735 tegebat,
1056 703 1155 734 quum
1174 693 1206 724 id
1226 692 1338 733 potius
1363 693 1591 733 suspicionem

893 745 1028 785 majoris
1046 743 1271 775 deformitatis
1300 747 1450 774 moveret
1471 743 1505 773 in
1522 742 1593 773 ani-

893 796 954 826 mis
973 795 1208 836 spectantium.
1232 793 1388 825 Ramires.
1432 793 1510 824 Hoc
1527 793 1593 824 dis-

895 846 1009 876 tichon
1043 845 1090 876 ita
1120 844 1205 885 legit
1234 844 1407 884 Scaliger:
1432 844 1593 883 Lomento,

893 906 989 935 rugas
1011 896 1093 927 uteri
1118 905 1174 936 quo
1195 896 1322 926 condere
1353 898 1466 934 tentas,
1490 895 1594 933 Polla,

894 947 952 978 tibi
974 949 1110 977 ventrem
1133 946 1274 977 nonnihil
1299 945 1375 977 abra
1396 945 1479 976 linit.
1524 944 1594 976 Sed

896 1007 1016 1029 vereor
1044 1002 1081 1028 ut
1107 997 1180 1028 haec
1207 996 1311 1027 lectio
1337 995 1542 1033 ingeniosior
1559 998 1596 1025 et

896 1049 1038 1085 acutior,
1068 1057 1167 1087 quam
1194 1046 1328 1077 verior:
1352 1044 1431 1085 ἅβρα
1456 1043 1594 1085 quidem

896 1099 1024 1129 Graec'is
1047 1096 1180 1137 τρυφερὰ
1205 1095 1360 1134 παιδίσκη,
1379 1094 1439 1125 sed
1465 1104 1507 1124 an
1531 1095 1595 1125 La-

897 1148 957 1179 tini
978 1148 1041 1178 hac
1059 1157 1142 1178 voce
1166 1146 1215 1177 usi
1235 1146 1313 1186 sint,
1330 1145 1439 1176 adhuc
1456 1154 1569 1184 quaero
1584 1157 1591 1175 :

896 1198 986 1239 ἅβραι
1002 1198 1131 1228 ancillae
1146 1197 1212 1227 illae
1228 1195 1397 1226 mandatis
1421 1194 1597 1235 perferen-

896 1249 946 1280 dis
963 1248 1153 1285 destinatae,
1179 1251 1213 1277 et
1240 1245 1360 1276 mediae
1385 1245 1473 1275 inter
1500 1244 1594 1274 lenas

896 1304 1035 1330 naturae.
1061 1297 1192 1329 Heralcl.
1234 1293 1396 1333 Lomento]
1421 1292 1597 1324 Ex'fariua

895 1350 1047 1381 fabacea.
1064 1349 1154 1380 Plin.
1171 1357 1212 1378 ex
1227 1351 1332 1377 creta.
1350 1345 1493 1376 Petrou.
1514 1345 1594 1375 Con-

895 1401 983 1441 dere]
1007 1402 1091 1431 Sunt
1107 1399 1164 1440 qui
1178 1398 1244 1437 leg.
1257 1397 1393 1427 credere.
1483 1399 1485 1402 '

938 1453 958 1481 2
984 1451 1055 1481 Non
1069 1449 1156 1485 mihi,
1182 1447 1251 1489 &ej
1278 1447 1356 1478 Non
1372 1455 1425 1476 me
1452 1444 1595 1485 decipis.

896 1501 1021 1531 Plauto
1049 1498 1179 1539 phrasis
1203 1496 1377 1537 frequens,
1403 1505 1435 1527 os
1456 1494 1598 1526 sublinis.

898 1550 992 1590 cujus
1009 1549 1095 1580 ratio
1111 1552 1247 1587 sumpta
1271 1546 1405 1576 videtur
1426 1545 1479 1575 vel
1496 1544 1538 1575 ab
1555 1544 1596 1574 iis

898 1601 955 1641 qui
977 1609 1037 1640 per
1051 1599 1167 1638 jocum
1183 1596 1430 1627 dormientibus
1447 1605 1503 1626 ora
1519 1594 1596 1626 fuli-

898 1650 974 1690 gine
992 1649 1046 1679 vel
1063 1648 1127 1678 alio
1143 1648 1256 1678 colore
1277 1646 1435 1686 pingunt,
1450 1649 1488 1675 ut
1499 1645 1597 1684 AEgle

897 1700 1060 1738 Silenum,
1083 1697 1173 1738 apud
1197 1696 1321 1736 Virgil.
1336 1698 1366 1726 6.
1385 1696 1492 1735 eclog.
1535 1695 1601 1725 Vel

898 1752 940 1782 ab
968 1750 1007 1780 iis
1033 1748 1089 1790 qui
1119 1756 1248 1778 amaras
1278 1746 1434 1786 potiones
1462 1744 1601 1785 aegrotis

899 1800 951 1831 vel
968 1799 1081 1840 pueris
1098 1797 1319 1838 propinantes
1346 1795 1442 1826 labra
1464 1795 1602 1834 poculo-

898 1860 971 1881 rum
1009 1848 1108 1880 melle
1139 1847 1287 1886 illinunt,
1323 1854 1389 1886 quo
1418 1843 1601 1875 dulcedine

900 1900 1044 1941 primum
1059 1897 1194 1937 decepti
1214 1896 1384 1937 potionem
1400 1895 1568 1926 hauriant.

941 1953 960 1981 3
985 1948 1190 1990 Simpliciter,
1212 1945 1283 1987 Esca]
1307 1945 1427 1986 Epigr.
1450 1948 1504 1977 88.
1526 1945 1549 1976 l.
1566 1947 1597 1976 l.

901 2001 969 2033 etl.
985 2004 1018 2032 (3.
1032 2000 1142 2040 epigr.
1157 2001 1190 2029 7.

942 2055 962 2083 4
988 2050 1170 2090 ραοιῑ,ᾅ”σ.]
1193 2046 1289 2079 Infra
1302 2046 1412 2088 epigr.
1427 2049 1480 2077 72.

943 2103 1049 2134 Eme..
1080 2108 1188 2131 xum.
1221 2101 1237 2129 1
1274 2096 1427 2129 Mentiris
1444 2096 1602 2137 juvenem,

900 2153 970 2194 δῖα]
984 2152 1186 2191 Tingentem
1198 2158 1299 2180 canos
1312 2147 1490 2178 Lentinnm
1498 2157 1606 2188 quen.

903 2205 979 2236 dam
995 2202 1128 2240 irridet,
1151 2199 1241 2241 quod
1257 2200 1320 2230 hoc
1340 2198 1419 2230 fuco
1437 2199 1603 2239 juvenem

903 2252 1140 2289 assimulabat3
1173 2250 1410 2281 interminatus
1438 2257 1502 2279 nou
1527 2258 1604 2280 eva-

904 2314 1018 2336 surum
1039 2303 1103 2333 hac
1118 2299 1257 2340 stropha
1273 2302 1428 2330 mortem.
1471 2298 1532 2329 Vis
1546 2308 1605 2340 ap-

904 2363 1025 2396 parere
1071 2350 1222 2392 juvenis,
1266 2348 1401 2379 simulas
1427 2347 1604 2387 juvenem.

905 2404 992 2436 Vide
1022 2400 1161 2433 Ausonii
1189 2409 1243 2440 ep.
1273 2401 1324 2429 16.
1352 2406 1417 2438 quo
1444 2398 1523 2429 Lais
1548 2408 1600 2430 re-

904 2454 1050 2496 spondet
1074 2450 1223 2491 Myroni,
1239 2447 1329 2489 quod
1345 2446 1514 2479 Adrianus
1530 2448 1601 2480 seni

904 2505 1027 2541 fucato,
1052 2500 1166 2531 ‘Patri
1185 2499 1256 2539 jam
1271 2496 1392 2537 negavi
1412 2495 1494 2527 tuo!

947 2558 966 2585 2
992 2554 1118 2589 Corvus,
1147 2548 1216 2589 gyon]
1252 2547 1370 2587 Niger.
1415 2546 1603 2588 Metonym.

906 2604 946 2636 Id
959 2607 1023 2639 est,
1039 2605 1108 2631 tam
1125 2598 1236 2629 subito
1249 2606 1350 2628 corvo
1364 2596 1491 2628 similis.
1517 2598 1601 2638 Cyg-

905 2664 962 2686 nus
971 2650 1054 2689 eras]
1079 2650 1204 2687 Canus,
1218 2646 1392 2678 candidus.

948 2707 967 2734 3
994 2703 1061 2733 Non
1087 2709 1198 2739 omncs,
1222 2697 1290 2739 fisa]
1313 2697 1386 2728 Etsi
1413 2696 1600 2731 hominibus
