1866 3131
269 185 382 226 1344

269 290 415 328 litteras,
430 289 586 320 nuntium
610 289 709 320 mitte
733 289 852 328 Musis,
869 298 971 330 quan-

271 341 314 372 do
333 342 407 382 plus
432 341 570 381 prodest
594 341 742 379 calceus,
759 350 857 381 quam
883 340 970 370 cala-

270 402 354 424 mus.
398 393 455 424 Sic
478 393 656 424 ,luvenalis
681 393 796 423 Sat.7.
814 401 899 422 vers.
916 394 967 422 27.

267 447 276 461 ⁶
297 444 431 483 Frange
442 444 545 474 miser
559 443 730 475 calamos!
750 443 888 482 Ὄργανα
898 454 969 480 μου·

269 494 362 531 σόων,
387 495 428 525 τὰ
451 493 630 526 πολύστονα
651 495 761 531 βίβλια
783 495 887 532 πωλῶ,
907 495 969 524 &c.

268 545 400 587 Πιερίδες
423 545 579 586 σώζοισθε.
611 546 749 577 Anthol.
766 546 822 578 lib.
842 548 870 576 1.
893 555 968 585 cap.

269 600 321 629 17.

316 647 416 679 Epm.
438 657 547 680 mxxv.
578 647 827 680 Defunctorum
852 645 966 685 imagi-

265 708 327 730 nes
343 700 517 731 charitatis
540 706 576 731 et
601 700 770 730 memoriae
795 708 878 738 ergo
902 697 966 728 sibi

264 749 339 781 fieri
360 751 525 782 curabant
548 751 795 790 servabantque
810 750 968 780 Veteres.

266 801 373 832 Pater
397 802 536 833 Camoni
564 801 791 832 adolescentis
817 801 965 832 vicennis

266 852 412 884 emortui
430 853 608 892 imaginem
622 851 803 892 expressit,
814 861 880 882 non
894 853 965 892 qui-

266 901 344 933 dem
361 902 394 932 in
410 903 466 933 illo
479 902 590 933 aetatis
603 901 696 938 flore,
712 912 754 932 ne
774 906 878 932 tantae
893 903 964 942 spei

259 952 398 993 juvenis
410 958 566 993 aspectus
583 953 762 983 immodico
774 952 891 984 dolore
908 963 966 994 pa-

266 1008 352 1033 trem
371 1001 536 1042 afficeret,
550 1003 608 1033 sed
631 1002 771 1034 infantis
793 1002 903 1034 forma
917 1003 967 1034 ef-

265 1051 378 1090 finxit,
392 1063 456 1093 quo
472 1053 663 1084 recordatio
686 1053 775 1084 foret
790 1055 898 1086 minus
917 1056 966 1086 in·

265 1109 375 1142 grata.
394 1103 481 1134 vide
494 1105 668 1144 Epigram.
680 1107 732 1136 77.
749 1105 967 1146 Subsequens

264 1155 339 1194 lege
352 1155 466 1195 Epissr.
482 1155 583 1192 Αὐτὴν
599 1155 752 1193 θειοδότην
767 1158 782 1186 ὁ
794 1155 967 1197 ζωγράφος,

265 1207 329 1236 See.
345 1206 403 1236 lib.
420 1209 450 1237 3.
469 1206 698 1247 Anthologiae,
713 1217 789 1248 cap.
807 1211 859 1239 12.

307 1259 326 1286 3
353 1257 528 1297 Florentes]
553 1258 685 1298 Viginti
703 1268 878 1289 annorum.

307 1310 328 1337 4
352 1307 464 1346 Muta]
488 1308 631 1339 Pictura
655 1307 742 1338 enim
771 1312 884 1345 muta;
913 1308 966 1338 vel

264 1357 340 1397 quia
357 1356 504 1387 infantes
521 1367 585 1387 nou
605 1358 797 1397 loquuntur.

317 1408 419 1438 Epio.
453 1417 581 1439 Lxxw.
638 1408 766 1439 Irridet
807 1407 964 1438 balneum

263 1460 387 1489 Tuccae
402 1459 564 1498 ligneum,
587 1464 621 1489 et
649 1459 796 1489 thermas
820 1468 963 1489 marmo-

264 1518 358 1547 reas3
390 1518 464 1539 cum
491 1508 574 1540 ordo
600 1509 752 1539 maten-ire
779 1508 962 1539 vertendus

263 1564 365 1590 esset.
403 1561 411 1575 ‘
432 1559 615 1590 Balnenm'
634 1561 720 1589 euim
737 1559 800 1589 hoc
818 1560 892 1590 loco
907 1569 961 1590 ac-

264 1612 359 1651 eepit
378 1621 437 1651 pro
454 1612 673 1652 receptaculo
690 1621 852 1652 aquarum
870 1611 964 1651 frigi-

263 1663 394 1700 darum,
425 1671 482 1692 sen
512 1663 598 1693 cella
622 1661 820 1701 frigidaria;
843 1663 852 1678 ⁴
871 1662 962 1692 ther-

263 1712 350 1743 tnas’
368 1723 430 1753 pro
448 1712 611 1751 caldaria,
626 1713 659 1743 in
675 1723 739 1753 qna
756 1718 855 1743 erant
872 1714 963 1743 cale-

263 1762 428 1794 faciendae
474 1773 593 1804 aquae:
653 1764 890 1803 conveniebar,
925 1769 963 1795 ut

262 1814 402 1844 thermae
419 1813 541 1844 fierent
568 1815 704 1854 ligneae,
720 1815 815 1855 aquis
838 1815 963 1846 calefa-

262 1863 391 1893 ciendis
420 1864 526 1894 multo
553 1866 716 1904 aptiores,
740 1870 776 1895 et
798 1875 964 1896 marmora

262 1913 396 1954 frigidae
413 1915 625 1955 excipiendae
641 1921 854 1955 pararentur.
892 1916 963 1947 Ha-

265 1966 389 1996 bebam
407 1966 508 2005 prisci
526 1966 789 2005 Romani,juxta
806 1967 963 2007 thermas,

262 2017 363 2047 etiam
381 2017 484 2047 cellas
506 2016 662 2056 frigidas,
687 2022 723 2047 ut
740 2026 781 2046 ex
804 2017 963 2056 Papinio,

262 2066 376 2097 Plinio
392 2067 547 2106 Juniore,
565 2068 681 2098 doceri
698 2071 825 2107 posset.
850 2067 934 2098 Rad.

306 2121 321 2148 1
348 2118 531 2148 Structilioe
551 2116 711 2156 coemento]
749 2116 823 2147 Nec
846 2116 960 2157 lapide

262 2176 350 2197 caeso
381 2167 422 2197 ad
461 2166 717 2197 fundamentum
749 2166 961 2207 jaciendum,

262 2219 316 2248 eui
334 2217 516 2248 aedificium
534 2221 802 2257 superstruatur.

303 2271 323 2298 2
346 2267 501 2307 Longam]
534 2267 691 2298 Ambitus
717 2267 874 2299 moenium
893 2269 959 2299 Ba-

263 2319 393 2358 bylonis
419 2325 493 2349 erat
516 2318 748 2349 milliariorum
766 2324 957 2349 nostrorum

264 2378 315 2400 xi.
338 2369 483 2400 altitudo
514 2369 639 2409 pedum
667 2378 720 2400 cc.
754 2369 900 2400 latitudo
925 2379 956 2400 L.

262 2419 408 2459 pedum:
427 2429 491 2458 quo
507 2419 641 2450 nomine
659 2420 845 2461 Antipater
857 2420 957 2459 dixit,

262 2471 420 2511 ἐπίδρομον
436 2469 545 2511 ἅρμασι
560 2472 677 2509 τεῖχος.

302 2526 322 2554 4
349 2522 466 2561 Strage
481 2531 648 2561 nemorum,
662 2521 727 2561 ὅτι]
753 2522 878 2561 Lignis,
893 2531 958 2552 ma-

262 2575 346 2604 teria
369 2575 509 2604 navibus
524 2575 643 2614 inagiS‚
659 2583 758 2615 quam
775 2573 958 2614 frigidariis

263 2625 392 2655 balneis
409 2625 647 2655 conveniente.

303 2675 449 2705 GBeatas
461 2674 610 2715 thermas]
619 2673 834 2714 Magnificas,
849 2684 959 2716 sump-

262 2728 389 2754 mosas„

304 2775 322 2802 7
350 2772 506 2803 Marmore
529 2773 627 2813 οηιηὶ]
653 2774 800 2804 Materia
829 2773 957 2815 frigidi-

716 193 860 224 NOTAE
893 193 1157 224 VARIORUM
1194 193 1244 223 IN

1021 288 1070 318 ori
1088 297 1187 328 quam
1204 287 1344 318 thermis
1364 290 1400 318 et
1423 285 1581 318 caldariis
1598 297 1719 319 couve-

1021 338 1149 370 niebat.
1195 338 1343 379 Carystos
1357 337 1491 376 invenit]
1514 337 1631 368 Insula
1648 348 1715 369 ma-

1021 389 1066 419 ris
1083 388 1201 428 AEgaei,
1216 387 1315 419 ferax
1332 388 1506 419 marmoris
1523 388 1655 428 optimi.

1063 441 1082 469 8
1109 440 1197 474 Quod
1213 439 1359 480 Phrygia
1375 439 1510 480 Synnas,
1523 438 1591 478 θα]
1627 439 1720 469 Mar-

1021 500 1094 521 mor
1109 490 1352 531 Synnadicum.
1387 491 1452 521 Vel
1467 492 1475 507 ‘
1488 490 1621 528 Synnas
1633 489 1641 501 '
1658 499 1719 529 pro

1022 542 1199 573 territorio
1216 541 1452 582 Synnadensi:
1477 541 1524 571 sic
1546 544 1554 556 ‘
1569 540 1696 571 Nomas
1709 539 1718 551 '

1019 603 1081 634 pro
1103 593 1276 624 Numidia.
1321 593 1330 609 ‘
1343 590 1557 632 Carystium’
1573 600 1720 621 marmor

1018 644 1129 675 viride
1143 650 1179 675 et
1195 643 1356 675 fluctibus
1374 643 1544 674 concolor.
1569 642 1716 673 Statius:

1018 696 1082 727 ‘Et
1098 696 1210 735 Chios,
1227 700 1262 726 et
1275 694 1427 735 gaudens
1443 693 1566 725 fluctus
1582 702 1717 734 aequare

1017 746 1202 788 Carystos?
1226 747 1321 778 Salm.

1059 802 1079 829 9
1097 798 1250 838 Eurotas]
1264 796 1482 829 Numidicum
1498 795 1717 827 Laconicum.

1017 849 1105 880 Vide
1129 849 1249 890 Epigr.
1272 852 1325 880 42.
1351 848 1409 879 lib.
1432 851 1463 879 6.
1488 856 1576 878 vers.
1607 849 1660 877 12.
1684 851 1719 877 et

1018 902 1071 931 13.

1062 953 1101 981 10
1125 950 1249 989 Sabine,
1285 950 1354 990 Qu]
1398 947 1454 979 Ad
1491 947 1719 980 calfaciendas

1020 1001 1180 1041 thermas,
1195 1001 1238 1032 ab
1251 1000 1410 1032 absurdo.

1060 1053 1316 1084 Eme-Lxxvn.
1333 1049 1587 1083 Defunctorum
1605 1055 1717 1080 autem

1019 1103 1083 1134 sibi
1123 1103 1300 1134 charorum
1332 1101 1496 1141 imagines
1524 1100 1719 1130 servabant.

1018 1155 1027 1170 ⁴
1040 1155 1128 1186 Nam
1144 1154 1278 1185 omnino
1292 1156 1300 1169 '
1314 1154 1369 1194 (ut
1385 1153 1432 1184 ait
1446 1151 1619 1188 Lactant.)
1634 1153 1643 1168 ⁴
1658 1150 1717 1182 fin-

1018 1205 1203 1245 gendarum
1220 1204 1479 1236 similitudinum
1505 1203 1590 1233 ratio
1615 1202 1718 1232 idcir-

1018 1264 1057 1285 co
1073 1255 1114 1285 ab
1130 1256 1318 1286 hominibus
1335 1256 1471 1286 inventa
1487 1259 1550 1292 est,
1565 1258 1601 1284 ut
1614 1253 1718 1293 possit

1017 1315 1135 1336 eorum
1173 1305 1334 1336 memoria
1372 1303 1525 1341 retineri,
1569 1304 1626 1344 qui
1663 1304 1716 1333 vel

1016 1362 1126 1386 morte
1140 1355 1324 1394 subtracti,
1341 1355 1394 1385 vel
1412 1354 1567 1384 absentia
1579 1353 1717 1384 fuerant

1017 1406 1191 1446 separati.'

1060 1461 1075 1488 1
1102 1457 1183 1487 Her-c
1207 1460 1292 1495 sunt,
1304 1455 1374 1496 δἐι]
1409 1455 1497 1485 Vide
1522 1455 1639 1496 Epigr.
1664 1459 1715 1487 75.

1015 1507 1181 1547 superius.

1057 1561 1077 1589 2
1102 1557 1323 1598 Puerisucies]
1347 1555 1501 1588 Infantis.

1057 1614 1074 1640 5
1102 1610 1144 1639 Et
1167 1609 1262 1639 libata
1284 1609 1387 1647 semel,
1409 1608 1476 1648 Esau]
1515 1609 1559 1638 Et
1590 1609 1714 1650 lanugo

1014 1661 1087 1700 ejus
1103 1660 1242 1691 subrufa
1258 1661 1362 1691 semel
1388 1665 1520 1691 resecta
1541 1667 1714 1701 sparserat

1015 1723 1162 1743 summos
1176 1713 1302 1750 cultus,
1318 1712 1349 1742 id
1363 1718 1427 1751 est,
1443 1717 1567 1751 vestes,
1583 1713 1635 1742 vel
1651 1714 1714 1743 cul-

1015 1767 1090 1800 tus;
1116 1764 1168 1793 vel
1187 1769 1221 1794 ut
1242 1763 1298 1793 alii
1315 1764 1436 1803 legunt
1451 1764 1577 1801 cultros,
1593 1763 1625 1792 id
1649 1769 1715 1801 est,

1015 1815 1208 1853 novae-uim,
1237 1821 1348 1844 ret-te:
1377 1813 1461 1844 dicit
1488 1813 1578 1844 enim
1608 1815 1713 1844 semel

1015 1869 1149 1895 tantum
1179 1865 1369 1904 lanuginem
1401 1864 1590 1895 detonsam.
1637 1864 1714 1894 Cul-

1016 1920 1084 1945 tros
1109 1915 1233 1955 (inquit
1247 1914 1320 1946 JOS.
1336 1914 1460 1954 Scalig.
1475 1914 1508 1944 in
1523 1914 1711 1954 Catullum)

1014 1966 1175 2005 intelligit
1205 1964 1400 2004 ‘sicilices,’
1434 1964 1469 1995 id
1496 1971 1560 2003 est,
1585 1966 1711 1996 cultros

1014 2015 1195 2046 tonsorios.

1056 2069 1076 2096 6
1099 2066 1210 2096 Tribus
1243 2075 1304 2096 una
1338 2065 1437 2105 soror]
1487 2064 1616 2096 Parcis.
1655 2065 1711 2096 Sic

1012 2115 1186 2155 Epigram.
1205 2118 1257 2146 54.
1284 2115 1342 2146 lib.
1369 2118 1400 2146 4.
1431 2114 1486 2145 ‘et
1506 2124 1640 2155 semper
1666 2115 1709 2146 de

1013 2166 1119 2196 tribus
1138 2176 1202 2196 una
1216 2166 1339 2197 necat.’

1054 2219 1074 2247 9
1097 2216 1160 2248 Sed
1176 2227 1211 2248 ne
1225 2218 1300 2256 sola,
1324 2215 1393 2256 Qu]
1432 2216 1575 2247 Pictura
1601 2215 1711 2246 infan-

1011 2272 1079 2298 teiu
1105 2267 1266 2305 ostendit,
1286 2267 1360 2307 ipsa
1377 2266 1486 2297 infans
1504 2272 1539 2298 et
1556 2267 1711 2297 interim-

1010 2327 1066 2348 ra:
1093 2318 1237 2349 Carmen
1256 2318 1318 2349 hoc
1344 2328 1455 2348 meum
1473 2316 1575 2348 fuisse
1597 2317 1708 2348 vicen-

1008 2377 1085 2398 nem
1116 2374 1272 2407 testatur,
1299 2374 1552 2399 monumentum
1576 2368 1711 2407 pictura

1009 2419 1133 2450 certius
1151 2425 1185 2451 et
1203 2420 1396 2459 perennius.
1432 2419 1488 2450 Sic
1510 2419 1630 2458 Epigr.
1654 2421 1708 2449 84.

1008 2469 1031 2500 l.
1045 2472 1076 2499 7.
1096 2479 1183 2500 vers.
1198 2474 1231 2501 6.

1051 2521 1157 2551 Eme.
1175 2530 1333 2552 Lxxvur.
1359 2521 1619 2552 Adhibebamur
1629 2521 1707 2551 olim

1009 2571 1050 2602 ad
1067 2573 1220 2602 convivia
1234 2573 1340 2603 omnis
1356 2573 1490 2613 generis
1502 2571 1573 2602 fere
1586 2571 1707 2601 iustru-

1009 2628 1125 2653 menta
1152 2624 1300 2653 musica:
1326 2622 1539 2660 cantabatur,
1564 2621 1706 2651 saltaba-

1009 2678 1077 2711 tur,
1091 2675 1153 2704 ἃς.
1199 2673 1306 2704 Poeta
1323 2673 1429 2713 igitur
1450 2673 1509 2711 ait,
1532 2670 1614 2701 illud
1631 2679 1704 2700 esse

1009 2723 1198 2754 convivium
1213 2723 1459 2759 suavissimum,
1477 2723 1509 2752 in
1528 2720 1615 2761 quod
1633 2721 1704 2751 nul-

1009 2774 1059 2805 lus
1075 2775 1189 2805 veniat
1213 2774 1398 2813 choraules,
1425 2774 1485 2804 hoc
1508 2776 1570 2812 est,
1595 2782 1614 2802 a
1638 2781 1703 2812 quo
