1866 3131
217 160 330 201 1294

213 265 309 296 edito
323 265 439 296 statim
451 269 606 297 resectae.
631 265 763 306 Mallos]
787 266 917 298 Pisces.

214 316 277 347 lib.
294 319 345 347 13.

257 369 277 396 4
304 366 366 395 Cor
379 364 507 405 Papite]
543 365 606 397 Cui
629 364 722 397 fatuo
738 371 775 398 et
792 366 916 398 insulso

215 416 299 447 viles
326 415 394 447 cibi
419 426 516 457 aeque
543 416 679 457 sapiunt
706 427 746 448 ac
763 418 914 458 pretiosi.

217 465 366 505 Genium]
410 466 474 496 Cui
508 475 575 496 non
613 466 781 507 indulges,
816 477 914 508 quem

211 516 365 556 fraudas,
383 516 461 547 dum
478 517 550 547 aliis
575 517 684 548 lautus
703 527 751 556 ες,
769 518 829 549 tibi
846 528 916 549 sor-

214 567 327 598 didus.

256 618 363 649 EPIG.
393 626 520 649 LXXIX.
553 621 569 648 1
599 619 767 650 Consulare
792 619 913 659 vinum]

212 669 358 701 Jocatur
373 669 406 699 in
424 670 526 700 verbo
543 673 550 686 ¹
566 669 750 700 Consulare
767 670 879 700 vinum
893 669 914 700 ς’

212 730 289 751 nam
315 721 447 752 videtur
470 721 585 752 dicere
615 721 759 758 ‘vetus,’
786 725 821 751 et
844 720 913 751 κατ’

211 771 322 810 ἐξοχὴν
336 771 551 812 Opimianum
575 771 634 812 (de
656 781 720 812 quo
737 771 914 811 Epigram-

209 827 302 853 mate
315 825 367 853 27.
385 822 471 853 libro
491 825 519 853 l.
538 831 636 852 versu
649 820 696 861 4.)
713 822 766 852 vel
784 820 917 852 Anitia-

211 883 303 904 num.
349 873 417 904 Sed
448 873 543 904 addit
565 871 668 902 fuisse
693 872 847 910 hornum,
880 877 915 904 et

211 924 299 964 ipso,
324 925 380 965 qui
407 923 551 954 Po'etam
579 923 754 961 invitarat,
777 923 915 954 consule

210 975 382 1014 diffusum,
394 980 495 1015 atque.
513 974 598 1005 adeo
609 974 813 1013 appositum.
827 974 915 1003 Vide

211 1025 366 1056 Turnebi
394 1024 602 1055 Adversaria
630 1024 715 1054 libro
730 1026 784 1054 25.
801 1024 915 1064 capite

214 1079 267 1107 24.

253 1129 273 1157 2
299 1127 399 1162 Quam
415 1125 593 1166 vetus,&c.]
632 1126 743 1158 Quam
773 1134 915 1165 genero-

212 1187 283 1207 sum
299 1182 334 1207 et
350 1176 484 1207 nobile?

253 1230 272 1258 3
298 1228 369 1267 Ipso
385 1228 506 1257 consule
522 1226 694 1266 conditum]
731 1225 915 1256 Pendebat

211 1286 229 1307 e
247 1277 334 1307 vasis
367 1277 505 1307 vinariis
532 1276 671 1314 tabella,
695 1276 728 1305 in
755 1285 821 1316 qua
846 1274 914 1305 vini

211 1333 295 1359 aetas
321 1328 452 1367 scripta
477 1331 571 1365 erat3
606 1327 639 1357 id
664 1332 729 1365 est,
749 1337 813 1367 quo
831 1332 914 1357 tem-

211 1388 307 1419 pore,
322 1378 508 1419 quibusque
523 1377 724 1408 Consulibus
740 1376 913 1408 conditum

210 1434 313 1460 esset.
361 1429 451 1459 Hinc
463 1429 563 1468 jocus
581 1427 762 1459 Martialis.

253 1481 345 1511 EPrG
374 1488 488 1510 Lxxx.
514 1482 529 1510 1
547 1478 722 1518 Quatenus]
747 1478 915 1511 Quoniam

210 1531 401 1571 composita
421 1530 495 1570 jam
513 1539 611 1570 pace,
637 1529 781 1560 Romani
807 1529 913 1569 quiin

210 1581 379 1612 Sarmatia
394 1585 430 1611 et
446 1581 556 1611 Dacia
573 1579 913 1618 vacantstudiis‚&‹·.

212 1631 363 1671 Odrysios
386 1630 466 1669 jam,
497 1629 564 1670 Esou]
596 1629 715 1669 Epigr.
747 1632 778 1660 7.
810 1639 914 1669 supra

208 1690 298 1712 νει-5.
327 1683 358 1712 2.
422 1680 565 1720 Triones]
610 1680 745 1718 Ursam,
788 1681 914 1720 polum,

208 1731 335 1771 ἅμαξαν,
359 1732 648 1772 Septentrionem.
692 1731 780 1762 Vide
796 1731 912 1772 Epigr.

207 1786 260 1815 58.
278 1782 337 1814 lib.
354 1785 385 1813 6.
399 1783 515 1822 Epigr.
532 1785 584 1813 11.
599 1781 657 1812 lib.
673 1784 704 1812 4.
723 1791 807 1812 vers.
822 1785 853 1812 3.

251 1835 269 1862 3
294 1832 479 1862 Marcellino
491 1832 621 1871 poteris,
638 1832 707 1872 cra]
747 1831 912 1863 Profecto

208 1883 250 1913 ad
268 1883 393 1913 bellum
411 1882 658 1913 Sarmaticum:
685 1887 723 1913 nt
739 1882 910 1922 Epigram.

209 1936 263 1964 25.
277 1933 336 1963 lib.
354 1936 385 1963 6.
403 1938 436 1962 et
452 1933 569 1972 Epigr.
586 1934 638 1962 40.
655 1932 713 1961 lib.
730 1935 761 1962 9.

252 1988 269 2014 5
296 1984 402 2014 Parva
418 1982 519 2021 ferat,
542 1982 611 2021 ἐγὼ]
651 1982 807 2013 Carmina
823 1992 841 2012 a
857 1991 910 2012 me

207 2033 254 2065 illi
268 2033 394 2064 donata
409 2032 498 2063 ferat
514 2033 651 2073 elegans
669 2042 686 2062 a
703 2037 737 2062 te
754 2042 847 2072 puer.

251 2087 270 2115 7
297 2084 369 2114 Non
384 2083 494 2123 qualis,
508 2083 577 2123 ‹is-cn]
616 2083 692 2113 Non
710 2081 876 2113 barbarus
893 2091 911 2112 e

209 2134 309 2166 Getis
322 2134 374 2164 vel
386 2133 525 2164 Gelonis
535 2131 799 2171 γαλακτοφάγοις.
824 2131 911 2163 Vide

210 2187 388 2226 Epigram.
405 2187 436 2215 3.
453 2183 514 2215 lib.
531 2185 649 2224 Spect.
669 2193 758 2214 νει-5.
775 2186 805 2214 4.

251 2237 270 2266 8
296 2235 426 2274 Εἱξὶιίο,
449 2234 517 2275 25⁴0]
561 2234 680 2265 Glacie
715 2238 751 2264 et
782 2232 910 2273 frigore

209 2291 370 2317 concreto
387 2296 499 2316 amne.
549 2285 646 2325 Rota]
671 2285 800 2316 Currus
816 2285 912 2325 rotis,

209 2338 262 2368 vel
281 2337 413 2368 trocho.
444 2336 619 2377 Epigram.
638 2338 709 2367 168.
727 2335 786 2367 lib.
805 2338 857 2367 14.

252 2391 272 2419 9
295 2387 490 2428 Mitylenoez']
527 2386 654 2418 Graeci.
700 2386 836 2417 Graecia
855 2395 911 2416 au-

209 2442 276 2469 tem
302 2437 526 2478 nequitiarum
552 2436 697 2468 officina.
745 2436 912 2477 Mitylene

211 2487 313 2519 Lesbi
344 2488 461 2519 insulae
496 2487 670 2528 oppidmn.
730 2486 914 2527 sslangonis]

210 2539 397 2580 Mangones
413 2539 584 2569 hominum
608 2547 712 2578 genus
736 2537 913 2578 improbis-

209 2589 342 2628 simum,
371 2589 427 2630 qui
467 2598 588 2629 pueros
629 2588 848 2627 exsecabant‚
878 2592 914 2619 et

210 2638 415 2678 frangebant
439 2639 473 2670 iu
497 2640 676 2671 Venerem.
722 2639 843 2680 Epigr.
859 2641 911 2669 59.

212 2688 271 2719 lib.
287 2692 316 2719 1.
332 2698 419 2720 vers.
433 2693 463 2720 1.

257 2742 296 2770 10
320 2740 393 2770 Non
422 2749 520 2770 coesus
546 2740 643 2771 adhuc
667 2744 764 2771 matre
785 2739 915 2779 jubente

683 169 825 200 NOTAE
858 169 1121 202 vARloRUM
1157 171 1206 200 IN

967 265 1086 305 Lacon]
1108 264 1211 306 Apud
1230 265 1504 296 Lacedaemonios
1522 265 1616 306 pueri
1634 265 1667 295 in

968 326 1027 347 ara
1046 317 1168 347 Dianae
1196 315 1339 357 flagellis
1363 318 1441 348 eaesi
1461 316 1669 347 exerceban-

969 372 1024 398 tur
1053 367 1095 397 ad
1123 367 1351 398 tolerantiam.
1407 367 1669 407 Adstabantque

968 423 1129 459 parentes
1147 424 1182 450 et
1200 418 1382 459 propinqui
1407 419 1464 458 qui
1487 417 1670 449 hortaban-

968 473 1023 499 tur
1039 467 1195 508 διακέρσαι
1210 467 1284 508 πρὸς
1297 467 1351 498 τὸν
1365 467 1468 507 πόνον,
1493 468 1542 498 καὶ
1560 468 1670 507 ἐγκαρ-

966 520 1091 558 τερῆσαι
1106 520 1170 550 τοῖς
1185 520 1300 550 δεινοῖς.
1325 519 1466 550 Luciam.
1480 518 1547 559 περὶ
1558 529 1670 557 ’γυμνα-

967 568 1052 599 σίων.

1010 622 1048 650 ll
1073 619 1118 651 At
1135 619 1194 651 tibi
1208 619 1423 660 capitit-ostra]
1462 619 1507 650 Et
1523 619 1670 651 Marcel-

965 669 1053 700 linus
1070 670 1186 702 mittet
1203 671 1264 702 tibi
1282 680 1299 701 e
1315 671 1422 701 Dacia
1438 670 1586 709 devicta,
1612 669 1669 709 qui

968 725 1087 760 pascat
1118 731 1198 752 oves
1227 722 1260 752 in
1284 722 1464 752 Tiburtina
1495 726 1553 751 tua
1579 720 1668 750 villa.

968 771 1087 812 Epigr.
1102 775 1155 803 57.
1175 773 1231 804 lib.
1246 776 1277 804 4.

1010 822 1114 852 EPm.
1147 831 1276 853 Lxxxr.
1322 822 1411 853 Vide
1442 822 1499 853 lib.
1531 824 1560 851 1.
1590 820 1671 861 Epi-

967 881 1116 912 gramma
1133 875 1183 903 17.
1200 878 1232 903 et
1249 873 1464 913 Epigramma
1479 875 1530 903 87.
1546 869 1646 902 infra.

1012 923 1119 954 Eric.
1137 931 1297 954 Lxxxm.
1321 926 1340 953 2
1365 924 1478 953 Altera
1491 921 1583 952 barba
1599 921 1667 951 suh-

964 973 1006 1013 it]
1043 974 1177 1005 Tardus
1205 980 1322 1005 tonsor
1346 983 1405 1004 seu
1441 974 1668 1013 circumspec-

968 1029 1021 1055 tus
1039 1028 1168 1056 tantam
1186 1025 1281 1064 operi
1299 1024 1464 1064 impendit
1488 1033 1613 1054 moram
1632 1029 1669 1053 ut

967 1074 1019 1104 vel
1037 1074 1169 1104 radenti
1199 1075 1307 1105 altera
1336 1078 1528 1105 succrescat
1553 1073 1667 1103 barba.

966 1124 1054 1154 Vide
1068 1125 1188 1165 Epigr.
1204 1128 1257 1156 52.
1275 1124 1332 1156 lib.
1351 1128 1381 1156 8.

1010 1177 1117 1208 Eme.
1146 1186 1299 1209 Lxxxw.
1340 1181 1354 1208 1
1389 1177 1473 1208 Dum
1499 1187 1576 1216 mea,
1601 1177 1670 1217 Sym]

966 1227 1053 1257 Dum
1073 1229 1231 1259 Caecilius
1248 1228 1427 1259 Secundus
1456 1227 1619 1269 (Plinius,
1633 1233 1670 1258 ut

964 1278 1079 1318 credo,
1094 1279 1227 1316 Junior,
1246 1289 1391 1320 namque
1417 1279 1443 1309 is
1471 1279 1667 1317 Bithyniam

965 1334 1000 1359 et
1028 1329 1175 1360 Pontum
1193 1329 1343 1360 obtinuit
1369 1329 1578 1369 provincias)
1605 1329 1669 1359 sibi

964 1377 1077 1418 effingi
1095 1384 1192 1410 curat
1216 1389 1323 1410 meam
1340 1379 1533 1419 imaginem.
1565 1379 1667 1411 Quod

964 1429 1147 1460 discessuri
1178 1430 1277 1460 amici
1308 1434 1424 1460 mutuo
1461 1429 1669 1460 factitabant

965 1479 1005 1510 ad
1020 1480 1215 1510 memoriam
1228 1479 1419 1510 absentium
1432 1480 1669 1511 revocandam.

1007 1532 1026 1560 2
1050 1530 1171 1570 Spirat,
1186 1530 1255 1570 4502]
1281 1530 1335 1561 Ad
1354 1531 1464 1561 vivum
1476 1529 1602 1562 efficta.

1007 1583 1026 1610 3
1050 1581 1186 1619 Peucen,
1214 1580 1406 1620 Istrnmque]
1444 1580 1593 1611 Insulam
1625 1580 1668 1611 ad

964 1630 1046 1661 Istri
1071 1631 1207 1661 ostium.
1253 1630 1430 1669 Tacentem]
1463 1629 1612 1661 Placidis
1633 1637 1669 1661 et

964 1682 1057 1721 quasi
1074 1681 1308 1721 stagnantibus
1325 1681 1441 1722 aquis:
1469 1681 1521 1711 vel
1539 1681 1616 1721 gelu
1634 1685 1669 1711 et

963 1730 1088 1771 frigore
1105 1737 1315 1762 concretum.

1006 1785 1025 1812 4
1052 1783 1132 1813 Hoec
1147 1783 1225 1821 loca,
1239 1782 1308 1822 θα]
1333 1783 1444 1822 Supra
1461 1791 1547 1813 vers.
1565 1786 1593 1813 l.

1006 1836 1026 1862 6
1051 1832 1187 1871 Certior,
1202 1834 1271 1872 8)τῆ
1308 1833 1564 1872 Epigrammata
1596 1832 1667 1863 Cae-

963 1881 1041 1912 cilio
1056 1887 1164 1922 grata,
1183 1890 1219 1912 et
1234 1892 1308 1922 quae
1327 1883 1453 1921 ingenii
1472 1883 1537 1912 mei
1552 1883 1668 1921 imagi-

963 1941 1038 1962 nem
1070 1932 1250 1962 certiorem
1277 1933 1512 1972 expresserint
1535 1939 1568 1963 et
1597 1933 1667 1963 diu-

963 1983 1145 2013 turniorem
1178 1983 1393 2022 retinuerint,
1423 1993 1522 2023 quam
1552 1983 1667 2014 tabula

962 2032 1090 2072 qnaevis
1102 2032 1143 2062 ab
1161 2033 1291 2063 artifice
1309 2032 1511 2072 peritissimo
1527 2032 1651 2065 efficta.

1005 2084 1110 2114 Eric.
1149 2093 1284 2114 Lxxxv.
1336 2085 1452 2116 Facile.
1490 2095 1564 2115 esse
1606 2085 1667 2123 ait,

963 2143 1066 2165 unum
1083 2135 1270 2164 alterumve
1288 2135 1505 2175 Epigramma
1518 2145 1669 2166 commo-

963 2184 1041 2214 dum
1059 2184 1229 2215 condere:
1253 2185 1313 2215 sed
1330 2186 1449 2216 librum
1467 2189 1587 2223 totum,
1604 2186 1666 2215 hoc

963 2234 1111 2272 difficile,
1136 2245 1199 2267 nec
1216 2237 1380 2277 cujusvis3
1404 2237 1617 2268 desideratur
1634 2238 1666 2267 in

965 2291 1061 2317 tanto
1079 2296 1219 2318 numero
1244 2288 1550 2328 Epigrammatnm,
1572 2298 1663 2327 mag-

963 2345 1007 2366 na
1021 2346 1130 2366 rerum
1150 2337 1309 2377 varietaf„
1334 2343 1369 2368 et
1387 2342 1438 2368 tot
1466 2341 1666 2378 argumenta

964 2392 1046 2427 quot
1070 2391 1148 2418 sunt
1166 2387 1441 2428 Epigrammata3
1465 2397 1528 2419 nec
1550 2388 1666 2429 quaeli-

963 2436 1022 2467 bet
1038 2442 1119 2477 apta
1134 2446 1187 2468 res
1204 2438 1465 2478 Epigrammati.
1506 2438 1622 2469 Rader.

1008 2489 1021 2517 1
1050 2487 1215 2526 Quaedam]
1240 2488 1365 2519 Pauca.
1471 2482 1476 2489 “

1005 2540 1025 2568 2
1048 2537 1149 2575 Belle,
1165 2536 1407 2578 Sabelle,sacis]
1441 2537 1529 2568 Vide
1546 2538 1664 2578 Epigr.

963 2589 1014 2618 39.
1027 2587 1084 2617 lib.
1102 2590 1151 2618 12.

1004 2640 1023 2668 4
1042 2637 1103 2668 Sed
1116 2638 1237 2673 librum,
1249 2638 1317 2678 ἐξα]
1335 2638 1562 2669 Desideratur
1575 2638 1663 2668 enim

963 2688 1004 2718 ad
1022 2688 1141 2718 librum
1157 2688 1397 2727 perficiendum
1413 2689 1567 2728 varietas,
1585 2698 1664 2719 acu-

963 2748 1053 2779 men,
1071 2743 1104 2783 et
1122 2739 1235 2779 largus
1254 2738 1376 2778 ingenii
1395 2737 1479 2769 fons.
