1866 3131
385 154 430 181 M.
462 152 571 182 vAl..

151 248 194 279 do
219 247 271 280 hic
296 248 360 279 iliis
386 257 465 278 usus
492 255 559 277 non
585 250 650 284 est,
673 254 748 276 cum
765 242 847 274 fcrae

152 308 240 329 novo
264 297 423 338 artificio,
441 297 551 328 avium
575 296 642 327 ritu
659 295 848 336 capiantur.

152 349 308 380 lt'aderus.

193 402 213 430 4
239 398 349 438 Torta]
374 398 515 429 Eurinus
528 406 650 437 nempe
662 396 798 433 emissa,
810 398 849 424 ut

150 448 189 480 fit
209 458 286 480 cum
304 449 458 489 jaculum
474 456 574 477 mauu
598 451 789 487 torquetur,
814 448 850 475 et

151 498 317 530 vibratur.

193 553 212 579 5
248 548 431 588 Deprendat
458 556 565 583 vacuo,
591 545 661 586 Sym]
717 544 848 585 Argute

151 598 282 630 claudit
297 598 406 638 epigr.
418 597 610 635 antithetis,
621 606 664 627 ex
680 601 850 636 permuta·

151 650 242 681 tione
255 649 434 689 utriusque
451 647 609 679 artificii:
632 652 639 664 ⁴
658 647 849 688 deprehen-

150 701 251 734 dere’
271 701 359 732 euim
378 700 513 740 proprie
529 700 714 737 venatoris,
743 702 752 716 ‘
770 707 850 739 cap-

152 753 244 784 tare’
262 752 401 793 aucupis
419 756 491 783 est:
518 752 569 782 vel
585 752 651 782 sic:
677 750 849 790 Quidjam

149 807 319 843 superest,
335 802 398 833 nisi
415 806 452 832 ut
468 801 553 832 ferae
570 802 672 832 etiam
691 800 848 840 volitent,

149 863 276 893 easque
301 853 417 893 capiat
443 856 607 889 venator;
632 860 775 891 namque
793 860 849 881 ea-

152 903 229 934 dem
249 907 322 933 arte
339 902 537 942 capiuntur,
551 912 617 942 qua
634 911 714 931 aves
729 901 740 930 ?

194 954 298 985 Eric.
312 962 378 984 xn.
414 956 429 983 l
451 953 602 983 Caesareoe
623 951 749 991 Diauoe]
775 950 852 981 Am·

150 1003 387 1044 phitheatralis
403 1002 606 1041 venationis,
630 1011 704 1043 quae
727 1002 851 1032 Diauae

147 1064 258 1086 sacra.
271 1054 280 1071 ‘
290 1052 424 1091 Diana‚'
435 1063 496 1093 pro
507 1057 643 1083 venatu.
657 1051 852 1082 Diam-imina

147 1104 246 1144 soeva]
282 1105 465 1136 Cruentam
495 1113 569 1134 cum
597 1102 679 1133 feris
703 1111 850 1143 pugnam

149 1160 249 1187 notat
261 1166 270 1194 ;
297 1165 362 1196 qua
377 1155 430 1185 vel
444 1164 464 1185 a
475 1153 639 1185 bestiario
650 1152 748 1192 ferae,
761 1152 815 1183 vel
833 1161 851 1182 a

153 1211 229 1244 fera
244 1211 426 1243 bestiarius
444 1210 701 1242 conficiebatur.

191 1267 211 1295 2
236 1264 390 1303 Pia—isset,
406 1263 476 1303 ἐγὼ]
516 1263 600 1294 Cum
617 1262 738 1293 emissa
752 1270 851 1292 manu

148 1315 269 1347 lancea
298 1315 430 1346 fixisset
458 1314 565 1345 feram
601 1323 695 1345 suem
720 1312 852 1354 fugien-

150 1371 232 1399 tem.

191 1419 210 1447 3
236 1415 371 1456 Exiliit]
395 1416 550 1447 Vulnere
562 1414 656 1446 facta
671 1424 809 1456 parens.

190 1469 210 1497 4
237 1467 266 1497 O
290 1467 410 1497 Lucina
428 1466 538 1505 ferox,
563 1465 634 1505 ἅμ]
670 1466 700 1497 Ο
726 1466 851 1504 Diana,

151 1517 296 1557 Lucina,
320 1517 457 1558 Ilythia‚
482 1517 556 1548 Dea
580 1515 852 1558 parturientibus

151 1567 331 1608 praefecta,
346 1568 532 1599 crudeliter
554 1577 632 1598 sane
649 1567 852 1598 obstetricio

149 1616 348 1657 defungeris
364 1617 487 1657 officio,
501 1618 527 1648 si
545 1627 608 1658 per
623 1617 742 1648 vulnus
765 1617 852 1658 pari-

152 1668 276 1699 endum
295 1669 350 1699 sit.

192 1721 211 1747 5
237 1718 388 1749 Pluribus
403 1718 469 1757 illa,
484 1716 555 1757 Qu]
589 1718 634 1747 Et
651 1721 764 1747 tamen
782 1716 853 1757 plu-

150 1768 243 1799 ribus
276 1769 438 1799 voluisset
467 1767 552 1798 mori
578 1766 787 1804 vulneribus,
816 1770 854 1796 ut

151 1828 212 1859 per
230 1818 369 1849 vulnera
382 1818 507 1849 suculis
521 1816 674 1858 pluribus
690 1816 854 1846 nascendi

152 1873 290 1909 pateret
305 1869 383 1900 iter.
430 1868 480 1898 Ex
499 1868 561 1898 hoc
581 1877 661 1907 ergo
680 1876 778 1896 versu
797 1868 854 1906 p‘a-

153 1924 316 1950 tetunum
334 1923 466 1950 tantum
482 1918 634 1948 suculum
649 1916 855 1958 prosiluisse,

149 1973 295 2000 caeteros
309 1968 425 1999 matris
441 1966 562 1998 funere
581 1968 777 1998 tumulatos.

191 2022 213 2050 6
240 2019 342 2050 Triste
368 2021 504 2059 pateret,
532 2018 600 2058 fisa]
633 2017 793 2048 Vulneris
818 2021 853 2048 et

148 2067 293 2100 funeris.

192 2121 213 2149 7
237 2118 348 2149 Satum
374 2122 526 2156 materno,
550 2118 619 2157 ἔξω]
662 2117 810 2148 Semeles
834 2127 851 2148 a

151 2169 240 2201 Jove
256 2167 444 2199 fulminatae
460 2173 556 2200 utero
573 2173 779 2206 extractum,
794 2168 852 2200 Jo-

152 2220 272 2260 visque
302 2218 423 2250 femori
461 2220 623 2258 insutum,
661 2219 852 2259 iterumque

152 2274 290 2307 natum;
317 2269 406 2300 uude
423 2268 670 2309 Dithyrambus
693 2273 729 2300 et
749 2268 853 2299 bima-

152 2327 228 2357 ter;
253 2320 349 2352 Jovis
365 2320 454 2351 enim
470 2319 581 2351 femur
598 2319 644 2350 illi
663 2329 724 2359 pro
746 2319 854 2350 altera

152 2375 263 2401 matre
281 2375 367 2401 erat.

195 2426 214 2452 8
241 2421 383 2461 Credite]
413 2420 443 2451 A
457 2421 587 2451 minori.
631 2421 666 2450 Si
684 2420 757 2451 fera
773 2426 853 2452 nata

154 2477 207 2503 est
231 2482 294 2513 per
318 2472 438 2502 vulnus
465 2477 499 2503 et
525 2471 625 2502 funus
648 2476 852 2509 maternum,

158 2532 224 2553 non
242 2526 358 2562 posset
374 2521 493 2551 codem
510 2521 611 2552 modo
628 2521 746 2552 Deus?

200 2572 304 2603 Eme.
321 2580 402 2602 xm.
440 2575 455 2603 1
489 2572 603 2611 Gravi,
629 2573 698 2612 εγω]
735 2571 854 2612 Epigr.

154 2622 365 2663 praecedenti
387 2623 397 2639 ⁴
414 2622 508 2661 levi,'
525 2623 601 2663 quia
619 2622 769 2654 volatili:
798 2623 852 2653 hic

157 2675 166 2689 ‘
185 2673 300 2713 gravi,’
317 2673 394 2713 quia
411 2673 537 2704 lethali.

606 149 880 181 MAR'rtAms

915 148 1009 178 [ΑΒ.
1044 148 1104 178 ms
1138 148 1367 177 suncini«.
1488 137 1597 178 1085

941 251 961 279 2
988 249 1114 279 Pariter
1128 249 1236 288 vitam,
1252 248 1321 288 δικ]
1354 248 1452 279 Suam
1476 248 1598 285 amisit,

899 300 1017 330 suculo
1033 298 1139 330 dedit.

941 350 960 379 4
987 348 1115 378 Lucince
1143 349 1245 387 credo,
1271 348 1342 389 Era]
1387 348 1473 380 Quae
1502 352 1597 379 certo

892 399 1078 440 jaculatur,
1112 408 1227 430 errare
1254 400 1376 439 nescit,
1403 398 1600 439 εὐστοχωτά-

897 461 966 487 της.

941 504 959 531 5
988 500 1159 539 Utriusque
1172 500 1381 542 Dianoe‚⁸‚·c.]
1406 501 1598 533 Venatricis

899 554 934 582 et
953 550 1160 582 obstetricis.
1204 551 1358 591 Ipsemet
1379 552 1521 593 exponit
1544 562 1601 582 ex-

900 606 1010 634 tremo
1042 611 1155 641 versu,
1191 606 1230 632 ut
1267 600 1343 632 fera
1377 601 1421 632 sit
1458 607 1601 643 experta

904 657 1081 693 utramque
1107 651 1267 691 Dianam,
1296 651 1434 683 vulnere
1465 662 1600 693 nempe,

901 712 967 744 quo
998 707 1190 743 perempta,
1216 701 1452 741 venatricem,
1495 712 1600 734 onere

901 752 1042 790 ventris,
1062 761 1128 793 quo
1146 752 1269 790 levata,
1283 750 1516 782 obstetricem.

944 803 1048 833 Fpm.
1082 811 1158 833 xiv.
1201 804 1217 832 1
1249 802 1337 841 Jam,
1368 800 1438 841 lym]
1478 802 1599 833 Partui

901 855 1067 895 proxima.

943 908 962 936 3
990 903 1154 944 Cucurrit]
1179 903 1283 936 Quasi
1308 903 1497 944 periculum
1523 913 1599 934 sen-

901 955 1012 995 sisset,
1026 955 1115 996 quod
1132 954 1214 995 fuga
1226 958 1370 996 cuperet
1380 953 1600 985 declinatum.

899 1006 1010 1046 Supra
1024 1004 1124 1044 dixit,
1139 1005 1148 1020 ‘
1164 1005 1285 1036 Exiliit
1301 1003 1445 1045 partus)

945 1059 965 1086 4
991 1056 1180 1096 Oquanlum
1189 1059 1237 1086 est
1251 1055 1374 1094 subitis,
1384 1053 1454 1095 Sym]
1474 1054 1601 1086 ‘Casus

902 1106 1027 1147 ubique
1046 1105 1158 1137 valet!
1190 1106 1236 1137 Et
1259 1110 1296 1137 ut
1318 1104 1534 1147 Thucydides
1552 1105 1602 1136 in-

902 1157 988 1198 quit,
1011 1157 1021 1173 ‘
1038 1156 1157 1187 Subita
1183 1156 1408 1197 experiuntur
1430 1155 1601 1196 ingenium

904 1211 939 1238 et
956 1206 1132 1238 indicant.'

901 1258 1007 1289 Eme.
1024 1266 1084 1288 xv.
1123 1256 1382 1298 Carpophorum
1400 1265 1508 1297 prope
1525 1256 1604 1287 ado-

945 1309 1144 1347 lescentem,
1158 1308 1354 1339 Domitiano
1371 1307 1523 1346 charum,
1539 1307 1602 1338 vir-

946 1360 1029 1390 tutis
1053 1359 1240 1400 gloriaeque
1271 1357 1385 1389 studio
1411 1357 1443 1388 in
1467 1360 1605 1398 θηριομα-

944 1409 1016 1450 χίας
1047 1409 1361 1450 Amphitheatrales
1392 1407 1603 1439 descenden-

944 1466 1026 1500 tem,
1042 1461 1221 1501 Meleagro
1231 1465 1266 1491 et
1280 1459 1423 1491 Herculi
1439 1458 1601 1500 praefert:

946 1516 985 1542 ut
1008 1509 1097 1542 infra
1120 1510 1231 1551 epigr.
1248 1513 1302 1543 27.
1323 1509 1440 1543 Jasoni
1464 1514 1500 1541 et
1515 1510 1603 1542 The-

946 1572 1017 1593 seo.
1053 1561 1142 1593 Vide
1159 1567 1194 1592 et
1211 1562 1319 1602 epigr.
1335 1565 1388 1593 23.

947 1615 964 1642 l
990 1612 1119 1643 Summa
1131 1615 1195 1642 tua>
1209 1611 1434 1651 gloriafamoe]
1459 1610 1603 1650 Calydo-

904 1662 978 1693 nius
995 1672 1078 1703 aper
1094 1663 1261 1702 neglectae
1277 1663 1401 1693 Dianae
1427 1661 1567 1699 vindex,
1583 1671 1603 1691 a

903 1712 1082 1752 Meleagro
1109 1712 1180 1752 (vel
1210 1716 1248 1742 ut
1274 1712 1329 1742 alii
1355 1711 1398 1742 ab
1426 1711 1603 1752 Atalanta)

903 1771 1022 1793 caesus.
1050 1761 1225 1801 Meleagre]
1274 1763 1341 1795 Qui
1358 1762 1458 1793 OEnei
1475 1762 1603 1793 AEtolo-

904 1821 978 1842 rum
1006 1812 1094 1852 regis
1120 1811 1223 1852 filius,
1239 1812 1424 1843 immissum
1450 1811 1493 1842 ab
1516 1812 1603 1842 irata

903 1862 1029 1901 Diana,
1057 1862 1100 1892 ob
1131 1862 1288 1902 neglecta
1321 1871 1430 1900 sacra,
1454 1871 1495 1892 ex
1523 1862 1603 1892 (lita

902 1918 1018 1944 monte
1030 1913 1063 1943 in
1077 1913 1213 1943 AEtoliae
1230 1917 1316 1950 sata,
1333 1917 1369 1942 et
1384 1912 1484 1943 OEnei
1513 1913 1600 1952 regis

902 1963 1122 1993 cultissimam
1140 1963 1274 1993 vineam
1295 1972 1428 2003 aprum,
1449 1972 1525 1993 curn
1546 1963 1602 1993 he-

902 2013 1013 2044 roibus
1033 2013 1101 2044 suis
1120 2011 1282 2044 confecit.

942 2066 962 2094 2
988 2064 1148 2099 Quantula
1166 2063 1373 2104 Carpophori]
1396 2063 1510 2097 Quota
1524 2073 1601 2104 pars

900 2119 953 2146 est
968 2113 1067 2146 famae
1082 2115 1294 2154 Carpophori
1311 2115 1321 2144 ἓ
1347 2114 1441 2156 quasi
1457 2113 1601 2153 diceret,

903 2165 1058 2196 Minima.

944 2220 962 2247 3
987 2215 1167 2256 Proecipiti]
1190 2215 1360 2255 Impetum
1376 2214 1504 2245 ruentis
1517 2213 1599 2245 ferae

901 2267 1066 2307 explicat.
1101 2266 1188 2297 Vide
1202 2276 1291 2297 verS.
1309 2269 1339 2297 1.
1360 2266 1393 2296 in
1413 2275 1467 2306 ep.
1485 2268 1601 2296 ll.su-

901 2328 975 2358 pra,
991 2320 1055 2348 &cu

942 2372 962 2400 4
989 2370 1115 2400 Primus
1138 2368 1171 2399 in
1198 2369 1320 2406 Arctoi,
1339 2367 1406 2408 δῖα]
1429 2368 1600 2398 Maximus

900 2420 933 2451 in
949 2421 1009 2459 eis,
1025 2420 1081 2461 qui
1107 2419 1169 2450 sub
1196 2420 1294 2460 plaga
1321 2418 1426 2450 Arcto
1442 2418 1601 2459 subjecta

899 2475 958 2502 aut
971 2471 1094 2502 vicina.
1127 2469 1215 2500 Vide
1231 2479 1334 2510 supra
1348 2479 1435 2500 vers.
1447 2472 1478 2501 3.
1491 2469 1600 2510 epigr.

900 2524 930 2553 7.
960 2520 1028 2551 Alii
1053 2519 1094 2550 ad
1118 2519 1264 2550 Helicen
1289 2529 1400 2551 ursam
1426 2520 1599 2551 coelestem

901 2570 1072 2610 respicere
1087 2569 1222 2609 poetam
1236 2569 1363 2601 volunt.
1410 2569 1552 2601 Affauiae
1565 2575 1600 2600 et

900 2621 984 2651 lirae.
1032 2619 1151 2650 Arctoi
1178 2628 1259 2660 ergo
1286 2620 1404 2661 populi
1428 2620 1600 2657 dicuntur,

901 2676 1067 2712 quotquot
1079 2670 1119 2701 ad
1131 2671 1405 2711 Septentrionem
1416 2672 1597 2713 pertinent.
