1866 3131
255 185 374 228 1398

252 300 310 321 seu
323 291 469 321 Dianam
487 290 691 329 gaudentem
717 290 897 321 venatione
918 295 952 320 et

253 341 401 372 canibus.
446 337 524 379 Vel',
547 340 637 371 inter
652 344 743 371 astra
758 341 883 371 relatus
899 346 951 371 est

253 403 271 424 a
287 393 384 425 Jove.

294 447 312 474 7
340 445 410 474 Non
427 453 473 473 me
488 444 579 482 longa
595 442 674 482 dies]
706 442 828 483 Neque
858 452 949 472 eram

252 503 379 524 annosa
403 499 440 524 ut
464 494 520 524 ille
549 494 676 534 Ulyssis
707 494 800 523 cauis
830 492 952 532 Argus,

251 546 306 585 qui
333 553 502 575 reversum
532 548 607 583 post
635 543 751 582 viginti
775 553 878 573 annos
895 553 951 582 ag-

250 594 344 625 novit
359 595 486 625 herum.
514 593 704 634 Odyss.17.
722 598 758 624 et
783 592 950 624 Aristote-

249 645 297 676 les
311 645 369 675 lib.
382 647 414 675 6,
431 644 563 675 Histor.
579 644 724 674 Animal.

293 697 312 725 8
339 695 482 725 Dulichio
511 695 594 734 cani]
620 694 814 725 Dulichium
843 694 953 724 insula

251 744 364 784 Ulyssi
381 745 548 786 quondam
574 745 729 785 subjecta
741 754 815 776 cum
832 745 952 775 Ithaco

251 800 378 826 monte.

292 849 312 876 9
336 847 496 877 Fulmineo
511 846 696 887 spumantis,
715 847 780 887 ἐξα]
804 845 953 887 Oblique

256 896 394 928 ferienti
410 898 515 928 instar
527 897 688 935 fulminis,
702 898 756 927 vel
774 896 895 927 urenti.

296 951 334 978 10
360 948 514 988 Calydon]
554 948 670 978 Inesse
686 949 774 979 enim
794 957 953 987 aprorum

250 998 409 1029 dentibus
427 999 557 1038 igneam
585 1000 652 1029 vim
670 1004 815 1030 testatur
838 999 953 1029 Xeno-

248 1047 339 1088 phon
354 1048 386 1078 in
403 1052 560 1086 Κυνηγητ.
577 1056 611 1079 et
623 1049 772 1088 Oppian.
785 1051 816 1079 3.
835 1053 952 1087 Κυνηγ.

248 1099 360 1130 λευκὸν
384 1099 494 1130 ὀδόντα
518 1098 643 1139 Λάθριον
671 1099 774 1131 ἐντός.·
798 1099 882 1138 ἔχειν
895 1112 951 1138 μα-

249 1150 340 1189 λερὴν
350 1149 524 1190 πυρόεσ-σαν
538 1151 641 1187 ἐνιπήν
654 1162 662 1181 2
687 1152 695 1167 ‘
713 1161 775 1182 nec
789 1152 876 1182 vires
890 1151 951 1182 ful—

250 1201 348 1231 minis
366 1210 460 1241 apro.
474 1201 482 1214 '
507 1201 611 1232 Ovid.
644 1201 847 1242 Erymanthe,
867 1203 952 1243 tuus]

249 1252 311 1282 Sus
342 1251 596 1292 Erymanthius,
637 1261 737 1291 quem
778 1252 951 1283 interemit

251 1301 431 1332 Hercules.
456 1301 686 1341 Apostrophe.

292 1354 331 1382 12
357 1351 515 1382 Nobiliore
527 1352 619 1391 mori]
644 1352 753 1384 Quam
771 1353 950 1384 venatione

248 1406 283 1432 et
297 1411 410 1442 pugna
428 1402 460 1431 in
480 1401 756 1441 Amphitheatro.

291 1453 396 1483 Epic.
416 1461 502 1483 Lxx.
528 1455 543 1482 l
564 1453 673 1493 Potes]
699 1453 864 1484 Sustines.

290 1505 310 1532 2
336 1503 498 1533 plorantes
526 1504 674 1541 donziaos,
705 1503 775 1543 512]
821 1504 950 1535 Pueros

248 1553 406 1592 amasios,
431 1557 468 1584 ut
491 1554 608 1585 amicae
638 1553 739 1584 dictae
764 1560 842 1585 sunt
868 1556 877 1571 ‘
893 1554 950 1585 do-

247 1605 345 1634 minae
359 1603 380 1634 :'
406 1605 456 1634 vel
474 1614 596 1644 pueros
613 1605 785 1644 plorantes
799 1609 949 1635 orantes-

247 1665 312 1696 que
330 1660 364 1685 te
381 1664 422 1685 ne
440 1660 587 1686 veneant
602 1655 744 1685 dominis
760 1655 844 1686 aliis.

291 1707 308 1735 3
333 1705 496 1745 Rudesque
510 1704 655 1745 quereloe]
694 1706 860 1744 Pueriles,
881 1714 949 1736 non

248 1754 352 1786 flctae.

289 1808 308 1836 4
326 1806 430 1836 Dente
445 1810 496 1836 tuo
509 1807 626 1844 saucia,
637 1805 706 1845 isca]
730 1807 822 1837 Dum
837 1816 948 1838 amore

246 1854 362 1886 furens
387 1856 587 1895 impressisti
615 1866 729 1886 eorum
759 1857 948 1887 cervicibus

247 1914 429 1936 memorem
447 1906 548 1936 (lente
565 1911 692 1937 notam.

290 1959 308 1986 S
333 1956 513 1995 Myrrhina,
551 1957 618 1996 Era]
661 1957 837 1997 Epigram.
877 1960 947 1988 113.

245 2006 331 2037 libro
351 2010 400 2038 14.

289 2060 327 2087 12
352 2057 413 2088 Sed
439 2059 545 2097 multo,
571 2059 640 2098 δῖα]
681 2059 736 2089 Sic
764 2059 862 2098 Epig.
893 2062 946 2090 63.

244 2108 303 2138 lib.
318 2112 347 2139 2.
366 2110 374 2124 ‘
389 2109 461 2140 haee
479 2119 576 2150 mage
598 2110 728 2140 luxuria
745 2110 820 2141 est.’

289 2159 393 2190 EP1G.
407 2169 505 2190 LXXI.
526 2163 540 2191 1
555 2161 845 2202 Hystericam,&c.]
863 2162 945 2192 L‘te-

245 2209 273 2239 ri
314 2211 581 2249 strangulatione
623 2212 846 2247 laborantem,
891 2213 945 2243 cui

244 2260 362 2290 morbo
380 2261 606 2300 praescribunt
624 2262 809 2293 remedium
825 2263 945 2293 medici

244 2310 390 2341 validam
408 2321 608 2351 congressus
625 2315 923 2345 succussationem.

287 2363 304 2390 3
330 2360 571 2402 Sedflens,&c.]
604 2363 671 2394 Sed
700 2369 812 2394 tamen
841 2365 947 2404 lacry-

244 2421 349 2451 mans,
369 2413 558 2446 dissimulat
582 2417 664 2446 niori
679 2427 713 2447 se
730 2417 830 2447 malle
847 2427 944 2457 quam

242 2462 434 2502 hujusmodi
454 2466 694 2497 convalescere
713 2468 875 2498 remedio.

287 2516 304 2542 5
335 2513 470 2554 Virideg
484 2515 550 2555 Fra]
578 2516 650 2547 Nec
667 2518 777 2548 aetatis
793 2516 877 2548 flore
891 2526 945 2548 ve-

245 2563 284 2593 lit
302 2563 395 2594 mori.

287 2614 304 2641 7
331 2613 461 2653 Medici,
485 2616 555 2656 &ej
605 2616 861 2658 Supra—Epigr.
893 2620 944 2649 61.

249 2670 334 2691 vers.
351 2665 383 2693 ὃ.

288 2716 305 2740 o'
334 2712 567 2754 Tollunturque,
585 2716 652 2755 lya]
690 2717 729 2748 Iu
762 2719 941 2750 Veneri-m.

716 195 858 226 NOTAE
888 194 1152 226 xARloRUM
1188 195 1237 225 IN

1004 289 1120 329 Epigr.
1146 292 1198 320 Sl.
1223 289 1282 320 lib.
1308 291 1357 320 10.
1390 298 1476 321 vers.
1493 292 1522 320 4.

1002 343 1174 381 Scoptice.

1046 393 1150 423 Epio.
1167 401 1295 423 Lxxw.
1320 393 1395 425 Quo
1407 398 1518 424 amata
1534 392 1701 424 frueretur

1001 444 1072 474 sine
1096 443 1205 480 rivali,
1223 444 1430 474 Baecliaram
1449 443 1612 474 castravit
1634 454 1700 474 me-

1001 493 1109 529 dicus,
1139 494 1147 509 ‘
1165 493 1345 524 Chironica
1383 492 1439 534 (ut
1466 494 1514 524 ait
1542 493 1700 524 Sidonius

1003 544 1208 583 Apollinaris
1225 545 1288 584 Ep.
1308 547 1358 574 12.
1374 544 1395 574 1.
1412 543 1461 581 2.)
1475 544 1581 583 magis
1608 543 1703 574 insti-

1003 599 1094 625 tutus
1112 600 1198 633 arte,
1215 604 1312 635 quam
1330 593 1576 624 Machaonica.’
1610 594 1700 626 Qua·

1001 645 1041 675 lis
1066 651 1100 676 et
1125 645 1182 676 ille
1209 644 1275 676 fuit
1296 645 1550 685 Epigrammate
1565 648 1617 676 08.
1643 644 1701 675 lib.

1002 698 1032 726 9.
1050 705 1161 735 supra.

1047 747 1151 777 Epm.
1167 755 1290 777 cxxvi.
1326 749 1344 776 3
1368 747 1411 777 Tu
1428 745 1497 786 qui]
1534 745 1563 776 A
1581 746 1699 786 majori

1002 796 1117 834 lepide
1135 796 1271 836 jocatus
1289 801 1385 836 rogat
1407 802 1444 826 ut
1463 797 1631 836 jactui-am
1652 799 1701 827 10.

1004 846 1075 876 Hs.
1089 845 1178 877 ferat
1195 847 1228 877 in
1240 857 1288 883 se,
1306 847 1360 887 qui
1377 847 1454 877 tulit
1467 849 1539 877 200.
1555 847 1589 877 in
1604 847 1677 878 alio.

1048 896 1149 927 Emc..
1165 906 1304 928 Lxxvu.
1327 900 1345 927 3
1363 898 1537 928 Coenaturit
1557 897 1702 933 Vacerra,

1003 946 1068 986 Esau]
1117 947 1194 978 Non
1234 948 1333 979 sedet
1367 947 1605 988 compescendi
1635 948 1700 978 alvi

1004 997 1127 1036 gratia,
1147 998 1206 1028 sed
1224 1003 1260 1028 ut
1278 999 1439 1029 invitetur
1462 998 1503 1028 ab
1517 999 1628 1037 aliquo
1644 997 1702 1027 do-

1004 1048 1093 1078 mino
1110 1058 1225 1079 earum
1241 1049 1465 1080 coenationum
1491 1058 1551 1079 seu
1568 1048 1701 1079 concla-

1001 1099 1091 1128 vium
1109 1098 1142 1129 in
1159 1099 1278 1139 quibus
1292 1099 1400 1130 sedet.

1046 1150 1147 1180 Eme.
1165 1158 1295 1180 Lxxn'.
1322 1150 1411 1180 Paeti
1428 1150 1534 1180 mulas
1549 1148 1700 1179 tardissi⁴

1001 1208 1070 1229 mas
1087 1199 1230 1237 irridet3
1257 1205 1293 1230 ut
1310 1210 1385 1241 quae
1405 1201 1522 1231 decem
1540 1199 1629 1229 horis
1647 1199 1699 1229 vix

1002 1250 1177 1289 potuerint
1191 1251 1283 1281 mille
1300 1260 1417 1289 passus
1434 1250 1613 1280 conficere.

1045 1304 1056 1330 l
1084 1301 1136 1332 Ad
1147 1303 1291 1341 primurn,
1308 1301 1376 1341 lira]
1403 1302 1454 1331 Ad
1470 1301 1699 1332 suburbanum

999 1357 1091 1381 tuum
1106 1352 1193 1392 quod
1205 1353 1293 1382 mille
1304 1362 1422 1392 passus
1437 1352 1570 1382 aburbe
1582 1352 1701 1382 distat.

1041 1404 1059 1431 4
1086 1402 1182 1441 Tuas]
1205 1403 1287 1432 Tam
1304 1403 1416 1442 pigras
1434 1408 1469 1432 et
1488 1402 1613 1433 tardas.

1041 1454 1146 1483 Eme.
1163 1461 1275 1483 Lxxx.
1300 1453 1470 1484 Laudarat
1482 1453 1624 1482 Flaccus
1641 1452 1700 1482 im-

1000 1503 1130 1533 modice
1145 1503 1266 1540 Baias3
1291 1509 1324 1533 et
1338 1512 1403 1533 non
1418 1508 1520 1542 negat
1531 1502 1701 1533 Martialis

1001 1554 1121 1593 dignas
1146 1554 1268 1591 laude;
1303 1563 1414 1594 neque
1442 1563 1504 1593 pro
1533 1554 1699 1593 dignitate

999 1613 1145 1644 unquam
1173 1605 1255 1635 satis
1285 1605 1417 1635 laudari
1448 1614 1567 1645 posse:
1602 1605 1701 1636 malle

999 1660 1115 1685 tamen
1146 1664 1181 1685 se
1220 1656 1426 1693 Martialem,
1466 1665 1565 1696 quam
1597 1656 1699 1686 Baias

1001 1703 1168 1743 affirmat3
1206 1705 1266 1736 hoc
1298 1710 1360 1743 est,
1389 1715 1593 1746 componere
1621 1707 1701 1747 Epi-

1001 1762 1201 1795 grammata,
1227 1762 1261 1787 et
1285 1757 1442 1787 volumen
1474 1757 1588 1795 edere,
1610 1757 1698 1797 quod

1000 1807 1170 1837 Martialis
1185 1807 1373 1838 immortale
1386 1817 1507 1838 nomen
1525 1807 1699 1848 praeferat,

1001 1867 1099 1898 quam
1114 1868 1243 1888 menses
1256 1863 1289 1888 et
1302 1867 1419 1897 annos,
1432 1859 1464 1888 in
1478 1859 1610 1889 Baiano
1624 1859 1699 1889 sinu

1000 1907 1126 1938 delitiis
1138 1909 1436 1950 voluptatibusque
1446 1910 1614 1947 deterere,
1623 1920 1702 1940 uua-

1001 1969 1065 1999 que
1082 1969 1158 1989 cum
1176 1960 1238 1989 illis
1253 1959 1365 1990 deteri
1382 1965 1417 1990 et
1435 1961 1559 1999 perire.
1585 1961 1668 1991 le.

1041 2012 1056 2039 1
1082 2010 1175 2040 Litus
1189 2011 1297 2049 henne,
1319 2011 1388 2050 Bra]
1413 2012 1538 2042 Locum
1552 2017 1696 2051 gratum,

998 2065 1190 2098 venustum,
1221 2060 1392 2100 blandum,
1414 2062 1608 2098 delicatum,
1634 2063 1697 2094 las-

999 2110 1096 2141 civiae
1115 2111 1180 2141 imo
1198 2112 1354 2142 vitiorum
1371 2111 1605 2143 diversorium.

1041 2164 1059 2190 5
1077 2160 1138 2191 Sed
1154 2161 1334 2192 Martialem
1348 2163 1438 2200 malo,
1453 2163 1520 2203 [yffi]
1544 2163 1612 2193 Sed
1629 2173 1697 2193 ma-

998 2211 1029 2241 lo
1047 2211 1232 2242 valetudini
1250 2219 1284 2243 et
1301 2213 1534 2252 voluptatibus
1550 2214 1631 2244 meis
1650 2214 1697 2243 iu-

997 2261 1150 2302 dulgere,
1176 2273 1288 2303 quam,
1313 2263 1393 2294 dum
1419 2264 1570 2294 salubres
1595 2264 1696 2294 Baias

998 2312 1089 2342 mille
1117 2314 1270 2344 versibus
1287 2314 1400 2353 laudo,
1415 2315 1516 2345 saluti
1536 2324 1620 2346 meae
1639 2325 1697 2356 pa-

998 2371 1069 2393 rum
1088 2364 1295 2395 consuluisse
1313 2365 1431 2396 videri.

1040 2416 1060 2444 6
1087 2414 1203 2453 Optare
1227 2415 1403 2455 utrumqne]
1443 2414 1574 2456 Optare
1591 2415 1697 2446 otium

998 2464 1174 2504 Baianum,
1189 2471 1224 2496 et
1245 2466 1341 2495 simul
1370 2467 1540 2506 negotium
1566 2467 1697 2497 littera-

998 2515 1081 2544 rium
1096 2525 1102 2545 :
1142 2515 1206 2546 hoc
1223 2520 1286 2556 est,
1310 2516 1445 2548 delitias
1461 2526 1500 2547 ac
1516 2516 1695 2556 sapientia:

997 2565 1148 2598 divitias.

1039 2621 1058 2647 8
1085 2618 1168 2652 Quid
1181 2620 1378 2657 gaudiorum,
1392 2619 1461 2659 Syna]
1485 2619 1695 2652 Quantulum

997 2668 1111 2708 gaudii
1129 2669 1195 2700 erit
1220 2680 1261 2701 ex
1284 2671 1377 2702 Baiis
1395 2682 1414 2701 a
1439 2669 1600 2701 Martiale
1627 2670 1696 2700 lau-

998 2719 1098 2750 datis.

1571 291 1701 331 Gravis}
