1866 3131
417 185 464 214 M.
501 186 612 214 tAt..

146 282 254 308 turam
273 279 418 314 leonum,
435 279 491 310 ‹tui
511 278 666 318 unguium
685 288 844 310 mucrone

146 328 178 358 in
199 329 324 369 pedum
341 330 435 370 quasi
451 331 589 370 vaginas
607 329 783 360 recondito
799 330 847 360 iu-

145 380 284 417 cedunt,
318 390 359 411 ue
401 380 566 411 hebetent
597 379 845 420 refringantve.

147 432 236 463 Plin.
256 435 304 463 15.
322 435 353 462 8.
374 432 507 462 Solinus
524 440 601 470 cap.
616 433 668 461 30.
715 432 846 470 Magnis

142 482 325 522 cervicibus]
350 482 396 512 Ut
413 482 533 519 tauris,
549 481 670 520 cervis,
687 482 788 521 apris.

188 536 207 563 4
233 533 300 563 Nec
312 534 441 572 gaudet,
467 532 536 572 ἐγω]
567 533 704 573 Spernit
733 534 845 574 aquila

144 592 294 623 muscas,
305 584 357 614 leo
374 583 764 623 leporem,Dotnitianus
777 584 845 614 Da-

146 643 214 673 cos,
230 635 285 675 qui
303 634 365 664 hac
383 638 593 674 tempestate
610 644 629 664 a
646 634 844 665 Domitiano

144 689 320 725 coeperant
336 683 493 715 deficere.

188 739 205 766 5
238 736 437 776 Vastos,e5-c.]
459 737 594 767 Leonis,

185 791 205 819 6
229 787 437 828 Dacuspuer]
462 787 580 819 Hostis
596 797 692 828 puer.
740 788 843 820 Quasi

143 838 250 878 dicat,
274 839 306 869 in
337 839 449 870 hostes
474 838 604 870 debiles
634 839 751 870 Caesar
776 849 843 870 non

144 889 252 919 saevit.

188 939 291 969 Eme.
310 947 413 970 xxrv.
444 942 461 970 1
482 938 603 970 Invitas
621 939 752 980 nullum]
775 939 843 971 Sub

144 998 289 1028 persona
301 989 428 1028 Cottae,
445 990 561 1020 molles
575 995 607 1020 et
622 989 844 1021 effoeminatos

144 1039 194 1070 sui
213 1039 375 1080 temporis
388 1039 538 1071 homines
559 1045 667 1079 taxat,
683 1041 740 1082 qui
754 1041 842 1072 bene

143 1094 276 1120 vasatos
289 1099 306 1119 e
324 1089 452 1121 balneis
466 1090 507 1120 ad
519 1091 686 1129 convivia,
698 1101 715 1122 e
729 1092 843 1122 convi-

143 1140 204 1170 viis
222 1140 264 1170 ad
287 1140 413 1171 lectum
439 1140 645 1180 educebant,
669 1141 843 1183 fiebatque

143 1196 354 1221 strenuorum
379 1191 616 1231 hujuscemodi
640 1192 784 1223 militum
810 1193 842 1223 in

142 1240 271 1271 balneis
294 1240 458 1272 delectus.
485 1241 639 1273 Ramires.
668 1243 747 1273 Cum
773 1254 843 1284 quo,

141 1295 208 1336 Cra]
227 1296 334 1329 Quem
345 1296 378 1326 in
388 1294 517 1326 balneis
527 1295 751 1326 mutoniatum
764 1305 844 1327 con-

141 1347 303 1387 spexeris.

183 1400 203 1428 4
230 1398 366 1434 Nudum,
388 1395 457 1436 &NJ
480 1396 557 1428 Non
574 1396 659 1427 bene
676 1401 842 1428 vasatum.

142 1448 164 1477 l.
182 1450 212 1478 3.
231 1447 400 1488 epigr.50.
419 1453 454 1478 et
466 1449 519 1478 73.
534 1453 568 1478 et
583 1448 604 1478 l.
617 1450 648 1478 7.
665 1447 774 1487 epigr.
788 1449 842 1478 54.

185 1499 292 1529 EPIG.
313 1507 401 1529 xxv.
441 1501 457 1529 1
480 1498 618 1538 Aspicis,
642 1497 709 1537 tra]
734 1498 842 1529 Notat

142 1548 204 1580 hoc
217 1550 464 1589 epigrammate
478 1549 648 1579 Martialis
664 1549 841 1579 nonnullos

142 1599 191 1629 sui
217 1599 378 1639 temporis
409 1597 577 1638 ἀλάζονας,
603 1599 718 1639 quales
745 1604 842 1628 erant

143 1649 290 1689 plurimi,
316 1650 372 1689 qui
400 1649 569 1688 sordibus,
588 1648 771 1688 incomptis
788 1657 842 1678 ca-

143 1700 243 1739 pillis,
260 1700 372 1730 vultus
400 1709 438 1729 ac
465 1698 589 1729 frontis
605 1699 790 1729 severitate
807 1703 842 1729 et

143 1750 296 1786 tristitia,
313 1760 351 1780 ac
366 1750 546 1780 verborum
564 1749 762 1789 asperitate,
776 1758 842 1779 non

143 1800 241 1830 modo
259 1800 464 1840 philosophi,
486 1799 545 1829 sed
563 1799 841 1840 philosophorum

141 1851 345 1882 sanctissimi
365 1850 469 1881 videri
489 1850 660 1887 volebant,
681 1859 757 1880 cum
786 1859 842 1880 eo-

143 1912 214 1933 rum
242 1903 310 1933 vita
339 1901 492 1940 interior,
520 1901 610 1931 omni
634 1899 841 1942 flagitiorum

141 1961 179 1983 ac
197 1952 359 1993 nequitiae
378 1960 504 1992 genere
520 1957 609 1982 esset
625 1951 748 1991 saepius
765 1960 842 1981 con-

141 2004 410 2036 taminatissima.
460 2003 534 2034 Hoc
551 2012 655 2043 genus
672 2002 842 2034 hominum

141 2055 296 2086 traduxit
321 2054 497 2086 Juvenalis
514 2054 586 2085 Sat.
604 2056 657 2084 11.
703 2053 842 2093 Incomp-

142 2107 196 2145 tis,
212 2105 280 2146 Sym]
305 2105 405 2136 Illum
429 2105 605 2143 hirsutum,
630 2106 639 2121 ‘
652 2104 748 2144 cujus
765 2105 843 2135 His-

143 2156 220 2197 pida
246 2156 397 2187 membra
426 2156 564 2196 quidem
592 2161 627 2186 et
654 2154 748 2186 durae
781 2165 843 2195 per

143 2207 279 2237 brachia
316 2213 397 2237 setae
437 2207 651 2237 Promittant
688 2215 842 2236 severum

142 2259 310 2291 animum!

185 2314 204 2341 2
239 2311 349 2349 Cujus,
375 2310 445 2350 Sym]
484 2310 589 2350 Cujus
629 2310 843 2353 gravitatem²

144 2371 217 2402 quae
237 2361 269 2391 iu
295 2361 487 2401 superciliis
517 2365 674 2400 apparet,
690 2365 724 2390 et
742 2365 778 2391 tu
795 2360 843 2401 ip·

143 2421 192 2449 se,
209 2421 228 2442 o
246 2411 413 2450 Dectane,
430 2412 488 2452 qui
512 2411 646 2441 Stoicus
676 2420 724 2447 es,
751 2420 842 2441 reve·

142 2462 263 2492 rearis.
312 2461 416 2491 Triste
430 2460 645 2501 supercilium]
662 2460 843 2501 Σκύθρωπον

142 2512 226 2549 ὄντα,
243 2511 295 2543 καῖ
308 2513 363 2543 τὰς
378 2512 468 2552 ὀφρῦς
487 2511 600 2551 ἔχοντα
612 2511 709 2543 ἐπάνω
724 2514 778 2549 τῆς
793 2525 842 2544 κο-

142 2563 250 2602 ρυψῆς·

184 2615 202 2642 3
231 2613 353 2651 Curios,
373 2613 441 2653 ἐξα]
465 2613 719 2644 Continentiam
748 2614 841 2645 Curii

141 2668 177 2693 et
193 2662 334 2703 rigidam
351 2664 386 2694 F.
404 2665 533 2695 Camilli
550 2663 840 2703 t'01·titudinem‚itt

142 2718 206 2750 est,
223 2714 279 2754 qui
298 2713 413 2744 laudat
436 2715 578 2754 priscam
597 2715 839 2746 continentiam

142 2768 176 2793 et
190 2764 435 2794 austeritatem.

186 2817 203 2845 4
231 2814 338 2844 Nolito
352 2814 468 2853 fronti,
486 2814 553 2854 ssa]
581 2819 588 2832 ‘
607 2814 723 2845 Frouti
751 2815 841 2845 nulla

649 185 926 215 MAR'FtALls
963 188 1122 217 tvzt‘lGR.
1162 189 1252 217 [AB.
1286 190 1316 217 Ι.

1484 179 1587 220 [tol

896 279 1005 312 fides)
1045 282 1162 321 Nupsit
1173 282 1256 323 lteri]
1282 282 1597 322 Muliebriapassus

897 336 962 362 est.
1021 332 1029 347 ‘
1056 331 1153 362 Inter
1188 334 1384 365 Socraticos
1424 335 1598 365 notissima

896 378 986 410 fossa
1002 380 1176 412 ciuaedos.’
1221 383 1284 413 Vel
1301 383 1402 414 etiam
1420 384 1547 424 nupsit,
1562 389 1598 415 ut

897 430 991 460 Nero
1007 430 1215 471 Pythagorae
1233 433 1378 465 cuidam.
1423 435 1553 474 Sulpic.
1567 439 1597 466 2.

896 480 1014 511 histor.
1037 490 1155 512 sacra-3.
1183 482 1248 522 ipsi
1273 483 1412 522 Sporus.
1456 484 1598 515 Sueton.

897 540 973 570 cap.
1001 533 1055 562 28.
1089 532 1172 562 Ner.
1204 532 1382 564 Gracchus
1410 534 1593 566 Cornicini.

895 582 1019 614 Juveu.
1037 583 1110 614 Sat.
1126 586 1158 615 2.

940 632 1044 663 EPIG.
1060 642 1162 665 xxm.
1187 637 1203 664 1
1223 635 1291 665 Ede
1302 636 1462 676 euagon]
1498 637 1596 670 Quod

897 682 1044 722 probent
1060 683 1175 715 Graeci
1192 694 1231 715 ac
1253 685 1379 717 Latini.
1426 687 1493 717 Ede
1515 689 1597 728 tuos]

898 733 1067 765 Hortatur
1091 735 1303 775 Faustinum,
1319 735 1360 766 ad
1377 746 1474 776 quem
1491 739 1597 769 multa

897 790 973 815 sunt
990 784 1079 816 infra
1095 787 1354 827 epigrammata,
1368 792 1405 818 ut
1417 798 1477 818 sua
1493 790 1597 830 scrip-

896 840 931 865 ta
949 835 1076 874 publici
1105 837 1243 869 tandein
1266 838 1357 878 juris
1375 837 1494 877 faciat,
1512 850 1597 879 pra>-

895 885 1067 927 ntiumque
1093 888 1261 928 laborum,
1287 889 1429 920 nominis
1457 891 1598 921 celebri-

896 941 999 967 tatem
1018 942 1213 977 exspectet.

938 989 957 1017 4
983 987 1111 1028 Nostri]
1142 989 1268 1020 Latini.
1303 991 1456 1032 Cecrops
1485 995 1596 1023 autem

896 1036 1106 1070 Athenarum
1118 1040 1288 1072 eonditor:
1303 1041 1598 1074 Pandioninstau-

895 1093 1009 1120 rator:
1035 1100 1132 1121 arces
1148 1091 1180 1121 in
1200 1092 1309 1123 tutela
1321 1092 1473 1124 Palladis
1490 1092 1596 1125 Athe-

894 1148 1012 1170 narum
1029 1141 1197 1180 praesidis.
1230 1143 1498 1184 Proetereuntque]
1516 1145 1594 1175 Non

895 1196 1116 1231 praetereant,
1128 1192 1162 1222 id
1178 1197 1244 1232 est,
1257 1203 1355 1224 omne
1373 1194 1478 1224 landis
1494 1204 1597 1234 punc-

894 1246 966 1272 tum
988 1241 1036 1272 illi
1053 1243 1218 1274 tribuant.
1265 1244 1472 1284 Metaphora
1496 1254 1514 1275 a
1530 1245 1597 1275 suf-

893 1291 1008 1332 fragiis
1025 1303 1098 1334 quae
1127 1293 1161 1323 in
1180 1293 1312 1325 tabulas
1330 1304 1446 1325 cereas
1472 1294 1598 1325 refere-

894 1342 1018 1374 bantur
1040 1353 1102 1384 per
1128 1349 1273 1384 puncta:
1299 1354 1318 1376 e
1346 1344 1467 1386 quibus
1493 1345 1597 1386 pluri-

893 1402 1023 1424 morum
1050 1403 1153 1424 censu
1180 1394 1401 1434 magistratus
1433 1396 1600 1433 ‘creari3’

894 1446 1103 1485 pauciorum,
1127 1455 1145 1475 a
1171 1446 1298 1486 populo
1319 1448 1327 1463 ‘
1342 1447 1464 1486 agitari
1480 1447 1502 1478 :'
1525 1450 1597 1478 nul-

892 1496 1015 1534 lorum,
1038 1496 1251 1536 ‘praeteriri'
1275 1496 1480 1528 candidatus
1506 1497 1597 1528 dice-

893 1547 1006 1578 batur.
1053 1547 1177 1578 Horat.
1195 1547 1236 1577 ad
1258 1547 1420 1586 Pisones;
1443 1549 1452 1565 ‘
1468 1548 1597 1580 Centu-

894 1598 951 1628 riae
982 1598 1151 1629 seniorum
1181 1598 1334 1638 agitant‚’
1363 1601 1427 1630 διο.
1484 1599 1593 1640 Senes]

895 1648 963 1680 Qui
981 1648 1323 1688 maturiorisjudicii:
1349 1649 1401 1679 vel
1415 1649 1535 1680 alludit
1551 1651 1592 1681 ad

890 1698 1072 1730 Centurias
1089 1699 1272 1735 seniorum,
1289 1703 1326 1729 ut
1341 1699 1451 1731 modo.

936 1753 956 1780 6
982 1751 1079 1791 Teque
1090 1752 1194 1791 piget,
1209 1751 1279 1792 tifex]
1304 1752 1384 1782 Noli
1409 1756 1443 1783 te
1466 1753 1594 1785 dulcis-

893 1801 976 1831 simo
987 1802 1174 1832 studiorum
1185 1801 1299 1833 fructu
1312 1802 1531 1843 defraudare,
1542 1814 1599 1836 no·

892 1852 989 1883 minis
1006 1853 1138 1883 scilicet
1156 1853 1427 1893 immortalitate,
1442 1859 1477 1886 et
1495 1854 1595 1887 famae

892 1903 926 1933 in
944 1902 1029 1932 vivis
1043 1902 1238 1934 dulcedine.

936 1955 955 1984 7
986 1953 1060 1984 Post
1078 1953 1259 1992 revictum,
1281 1954 1350 1994 ἅμ]
1386 1955 1518 1995 Ingenii
1547 1956 1596 1987 tui

893 2002 1008 2043 foetus,
1025 2009 1058 2034 te
1076 2004 1188 2044 potius
1203 2005 1236 2034 iu
1251 2005 1351 2043 vivis,
1366 2009 1401 2035 et
1416 2007 1489 2045 ipse
1501 2005 1595 2036 vivus

893 2054 1114 2094 ingrediatur,
1134 2064 1230 2095 quam
1249 2055 1444 2094 posthumus
1461 2055 1596 2087 edatur.

937 2108 956 2136 8
982 2104 1183 2145 Cineri‚25·c.]
1217 2105 1325 2135 Vivus
1350 2105 1465 2146 itaque
1482 2105 1595 2137 fruere

893 2154 991 2186 famae
1018 2155 1220 2186 dulcedine:
1246 2165 1350 2196 supra
1375 2157 1482 2195 epigr.
1500 2159 1531 2187 2.
1561 2163 1595 2187 et

894 2206 1003 2246 epigr.
1019 2208 1070 2236 13.
1094 2206 1114 2236 l.
1131 2210 1162 2236 5.
1211 2206 1321 2236 Gloria
1345 2205 1429 2245 sera]
1456 2205 1522 2237 Alii
1550 2207 1595 2237 le-

895 2263 990 2297 gunt,
1016 2268 1102 2296 rara,
1130 2257 1240 2296 tarda,
1265 2258 1369 2297 nulla,
1400 2259 1457 2289 sed
1484 2265 1594 2291 totum

893 2319 1032 2339 acumen
1059 2314 1111 2339 est
1139 2309 1173 2339 in
1205 2309 1355 2340 dictione
1381 2319 1460 2340 sera.
1506 2311 1593 2342 Nam

893 2369 968 2400 quae
985 2363 1140 2400 optamus
1157 2359 1257 2390 alicui
1284 2364 1363 2400 post
1378 2366 1521 2391 mortem
1537 2371 1595 2402 op-

894 2412 976 2440 tima
992 2415 1027 2440 et
1052 2410 1342 2450 praestantissima,
1367 2419 1408 2440 ea
1427 2416 1538 2442 tamen
1557 2417 1595 2443 ut

893 2470 968 2492 sero
992 2460 1195 2500 contingant
1227 2469 1416 2500 precamur.
1459 2461 1515 2492 Sic
1531 2461 1592 2492 im-

892 2512 1136 2542 mortalitatem
1151 2520 1260 2542 seram
1284 2510 1436 2551 Augusto
1453 2519 1594 2552 exopta-

894 2562 951 2592 bat
968 2561 1152 2592 Horatius:
1176 2560 1297 2592 ‘Serns
1312 2561 1344 2591 in
1361 2562 1480 2593 caelutn
1498 2562 1594 2594 rede-

891 2621 939 2650 as,
955 2612 1080 2651 diuque
1097 2612 1211 2642 Laetus
1223 2611 1359 2642 intersis
1373 2613 1500 2653 populo
1514 2613 1595 2646 Qui-

892 2662 1052 2700 rini,'&c.
1077 2663 1208 2694 Herald.

936 2714 1038 2744 Emo-
1054 2721 1176 2743 xxvn.
1193 2714 1244 2744 Act
1258 2713 1479 2754 Sextilianum]
1503 2713 1593 2745 Vide

893 2763 999 2803 epigr.
1017 2766 1065 2794 12.
1082 2773 1192 2804 supra.

937 2817 951 2844 l
974 2814 1220 2854 Quwttmrz,3)·c.]
1243 2815 1476 2855 synecdoche.
1491 2825 1592 2856 quaut-s
