1866 3131
227 160 340 201 1243

228 264 315 296 servi
333 274 351 294 a
369 263 479 303 poetis
496 260 769 292 introducuntur.

271 318 286 346 1
313 314 467 352 Infusum,
483 312 552 352 δῖα]
579 312 766 343 Donatum.

269 370 289 396 2
314 366 456 403 Plenum,
480 363 551 404 gra]
583 363 733 402 Justum‚
757 362 929 402 integrum

227 416 370 448 centies.
395 416 515 455 Epigr.
530 417 582 446 37.
599 413 657 444 lib.
673 415 703 444 4.
718 422 805 444 verS.
821 415 852 443 4.

271 473 290 500 3
314 467 583 508 Sellariolis‚.33·c.]
607 466 737 498 Ganeis
759 470 794 496 et
818 466 929 496 taber-

226 521 291 559 nis,
321 520 378 550 ubi
405 529 470 550 non
498 519 640 549 honeste
671 516 929 554 accumbebant,

227 571 286 601 sed
304 571 415 601 ventri
431 569 655 609 indulgebant
671 568 842 599 sedentes.
873 567 928 597 Do

226 622 364 653 sellaria
393 622 476 652 item
513 620 590 651 vide
623 629 698 661 quae
729 618 929 649 Torrentius

225 674 268 705 ad
282 676 335 704 43.
353 683 429 714 cap.
447 674 541 703 Suet.
557 671 637 703 Tib.
661 670 716 701 Sic
732 667 929 700 ‘senariam'

223 724 413 765 appellavit
429 723 551 754 cellam
568 732 674 760 suam,
694 725 730 751 et
744 719 858 750 sedem
877 728 928 748 ar-

224 785 384 805 canarum
398 774 577 805 libidinum
593 771 769 803 Tiberius:
786 771 926 801 Sueton.

224 827 258 857 in
283 825 360 857 Tib.
408 825 500 856 Hine
525 822 743 855 illustrandus
769 821 927 853 Juvenal.

223 877 335 917 Satyr.
355 879 406 907 10.
454 877 463 892 ‘
479 875 587 905 Tutor
604 872 723 903 haberi
742 870 926 911 Principis,

224 927 382 967 Angusta
397 927 605 965 Caprearum
620 924 652 954 in
667 932 750 963 rupe
763 922 926 962 sedentis,

225 980 307 1009 Cum
325 987 428 1018 grege
446 975 642 1009 Chaldaeo?
673 975 767 1007 Nota
786 974 927 1005 ‘seden-

222 1028 290 1067 ti<,’
315 1032 458 1068 propter
477 1027 658 1058 sellariam.
684 1026 819 1057 Herald.
870 1026 928 1056 Va-

221 1089 280 1115 gus
294 1077 430 1118 popinis]
448 1078 523 1110 Quo
537 1077 669 1107 honesti
684 1077 847 1113 homines,
861 1076 928 1106 imo

224 1133 259 1159 et
276 1129 375 1169 panio
392 1128 584 1159 honestiora
599 1128 771 1168 mancipia
785 1137 861 1157 raro
878 1127 927 1157 in-

222 1179 376 1219 trabant,
392 1179 565 1219 praecipue
575 1179 731 1210 Athenis.
757 1178 824 1210 Sed
839 1188 927 1208 nunc

223 1231 313 1272 apud
332 1241 405 1269 nos,
429 1230 460 1261 O
479 1231 608 1261 mores!

265 1285 284 1313 4
310 1281 456 1321 Peregit]
482 1280 712 1320 Consumpsit,
729 1279 878 1310 decoxit.

265 1335 282 1362 5
325 1331 480 1371 Comesse]
519 1330 831 1362 Comessationibus
869 1330 928 1362 ab·

222 1383 422 1423 sumpsisse.

264 1438 284 1466 6
310 1436 434 1470 Quanto
456 1433 564 1474 major,
585 1431 655 1473 &0ss
681 1431 787 1473 Atqui
810 1432 843 1463 id
860 1441 926 1463 non

217 1486 322 1525 justis
337 1485 502 1516 conviviis
517 1489 551 1515 et
564 1484 681 1521 coenis,
696 1483 754 1513 sed
767 1483 926 1523 jentacu-

221 1537 277 1574 lis,
303 1535 503 1576 prandiolis‚
533 1535 687 1574 repotiis,
709 1537 773 1564 ἃς.
798 1533 832 1563 in
855 1533 928 1573 qni·

222 1586 285 1616 bns
323 1596 388 1616 non
428 1585 599 1616 accubnit.
659 1584 767 1616 Quasi
804 1583 899 1613 dicat
918 1595 924 1613 :

222 1640 397 1670 Quantum
413 1636 696 1675 consumpsisset,
709 1635 736 1665 si
750 1633 927 1665 accubuis-

221 1693 285 1727 set,
309 1688 341 1718 id
371 1691 435 1728 est,
459 1687 485 1718 si
510 1686 849 1727 conviviumjustum
869 1695 928 1726 ap-

221 1744 385 1780 parasset.

266 1791 372 1821 Eme.
410 1797 514 1820 Lxxr.

221 1845 306 1871 aestu
323 1839 480 1870 fervente
497 1839 529 1868 in
545 1838 774 1868 Trebulanum
797 1848 927 1877 agrum,

220 1891 294 1932 ipso
306 1891 432 1920 Tibure
447 1888 670 1929 frigidiorem.

266 1945 280 1972 l
310 1941 441 1971 Trebula
467 1940 574 1980 valles]
599 1939 774 1980 Oppidum
797 1949 856 1970 seu
881 1939 927 1970 vi-

222 1991 330 2022 cusin
346 1990 461 2021 Sabin.

263 2045 284 2073 2
310 2043 425 2072 Cancri
449 2041 617 2078 mensibus,
635 2039 702 2080 Sym]
725 2039 817 2072 Julio
832 2049 925 2070 men-

223 2103 271 2129 se,
300 2101 366 2133 qno
393 2091 525 2122 Cancer
554 2091 659 2121 solem
689 2089 859 2124 accendit,
890 2094 926 2120 et

222 2143 392 2182 Angusto,
408 2151 474 2182 qno
484 2141 606 2172 Leonis
621 2139 755 2171 fervent
768 2145 923 2180 pectora.

222 2194 341 2234 Epigr.
356 2196 409 2224 57.
428 2192 487 2223 lib.
502 2195 533 2223 4.
548 2202 633 2223 vers.
651 2195 683 2222 5.
699 2194 731 2222 6.
747 2193 780 2222 7.

264 2247 282 2274 3
312 2243 399 2273 Rura
416 2242 570 2282 Cleonoeo]
597 2243 690 2273 Rura
712 2242 870 2272 Trcbnlae
889 2246 922 2273 te

222 2295 380 2325 invitant.
414 2294 502 2324 Rura
520 2292 674 2332 Cleonoeo]
693 2293 784 2323 Rura
797 2292 922 2322 Trebu-

221 2345 300 2376 lana
316 2354 483 2385 nunquam
502 2349 578 2374 usta
594 2348 673 2373 sunt
689 2343 802 2372 calore
817 2342 924 2380 Solis3

221 2396 378 2436 Angusto
395 2405 522 2433 mense,
547 2404 613 2434 quo
630 2394 684 2424 leo
701 2393 812 2430 ardet,
837 2400 923 2423 sem-

220 2445 416 2486 perfrigida
430 2451 521 2482 sunt,
533 2445 636 2475 etiam
648 2454 778 2474 summa
791 2448 924 2474 aestate.

263 2499 282 2526 4
308 2495 426 2526 Domus
452 2496 566 2534 AEolio,
589 2494 659 2535 ἔγω]
683 2494 773 2523 vina
795 2493 924 2524 Austro

221 2547 389 2586 exposita.
429 2546 533 2576 Venti
552 2546 584 2575 iu
599 2545 687 2575 AEoli
704 2544 834 2575 ditione
851 2553 923 2575 esse

222 2596 455 2635 perhibentur.
509 2596 620 2626 Notus
645 2601 760 2626 autem
787 2596 923 2636 proprie

223 2647 264 2675 ab
283 2646 389 2676 AEolia
404 2646 539 2677 Italiam
557 2645 678 2676 adflat:
699 2651 733 2676 et
750 2655 769 2676 a
785 2646 924 2677 meridie

221 2695 327 2734 spirat
348 2701 466 2726 ventus
478 2696 648 2733 humidus,
664 2696 753 2727 unde
766 2701 859 2727 recte
873 2706 925 2727 su-

223 2755 285 2785 pra
312 2746 419 2777 Poeta
442 2746 613 2778 humidam
629 2747 808 2778 Trebulam
826 2757 924 2779 voca-

224 2802 282 2826 xit.

562 1788 691 1818 Invitat
726 1787 926 1818 Faustinum

695 165 838 195 NOTAE
873 164 1091 194 vAffloRU
1105 165 1136 193 M
1175 164 1223 193 ΙΝ

1023 263 1041 290 5
1072 259 1198 298 Longas
1227 260 1290 298 lzz's,
1315 259 1384 299 tiro]
1418 259 1582 290 AEstatem
1614 260 1683 290 lon·

980 319 1069 349 gam,
1084 310 1158 340 (lies
1176 310 1314 341 aestivos
1328 311 1459 350 longOS.

1022 363 1043 390 6
1067 360 1244 391 Hiberniam
1256 361 1326 400 jam
1340 361 1400 391 tibi
1419 360 1516 391 Tibur
1532 360 1608 400 crit]
1630 361 1684 390 Ti-

981 410 1046 441 bur
1061 410 1315 450 frigidissimum
1332 412 1500 451 habitum,
1516 412 1544 443 si
1555 412 1684 442 Trebu-

981 463 1021 493 1ae
1043 462 1255 502 conferatur,
1280 462 1452 493 videbitur
1476 463 1597 503 hyeme
1615 462 1683 493 fer-

981 521 1073 543 vere.
1117 513 1234 553 Epigr.
1251 516 1304 544 57.
1318 516 1370 544 60.
1389 517 1425 543 et
1440 516 1493 544 62.
1511 512 1569 544 lib.
1585 516 1617 544 4.

1023 563 1131 595 Epio.
1163 572 1281 594 Lxxu.
1325 564 1431 596 J0‹·us
1468 574 1510 594 ex
1547 563 1683 594 nomine,

979 615 1108 646 Bacchi
1134 620 1307 656 sumptus:
1333 616 1466 648 Graecis
1490 616 1579 646 enim
1600 614 1684 654 διμή-

977 679 1049 707 τωρ,
1071 678 1129 698 seu
1156 668 1302 699 bimater
1328 668 1461 699 dictus:
1486 668 1584 709 quasi
1600 668 1682 698 duas

978 718 1137 749 habuerit
1162 723 1314 750 matres:
1350 719 1485 759 Jovem,
1514 729 1556 749 ex
1587 719 1684 759 cnjus

978 768 1107 800 femore
1124 775 1240 801 natum
1258 771 1366 811 aiunt,
1380 775 1416 802 et
1429 771 1582 801 Semelen
1595 770 1684 801 Cad-

978 820 1023 850 mi
1037 819 1203 860 filiarn,ex
1215 831 1281 861 qua
1298 820 1411 852 denuo
1428 820 1613 859 flammata,
1631 830 1685 851 ve-

977 870 1029 902 lut
1052 871 1143 911 igne,
1171 871 1308 912 prodiit.
1352 871 1421 904 Qui
1443 872 1477 902 in
1495 876 1684 902 monstroso

978 923 1108 954 Bacchi
1125 922 1284 964 διμήτορος
1300 922 1350 953 καὶ
1365 921 1492 963 διθύρου,
1506 923 1602 955 Jovis
1619 923 1685 954 Sei-

977 974 1059 1006 licet
1074 974 1203 1006 femore
1222 974 1368 1015 perfecti
1382 978 1418 1005 et
1431 973 1553 1011 renati,
1568 978 1683 1013 partu,

977 1032 1167 1056 monstroso
1185 1026 1273 1056 ludit
1288 1025 1436 1065 ingenio,
1461 1024 1585 1056 Jovem
1600 1024 1684 1055 Bac-

977 1076 1030 1106 chi
1048 1081 1188 1107 matrem
1212 1085 1352 1115 vocans,
1378 1084 1438 1106 cur
1454 1084 1519 1105 non
1536 1084 1632 1115 ae-que
1649 1074 1683 1104 ἀ-

976 1128 1078 1158 τοπῶς
1107 1133 1143 1158 et
1177 1127 1334 1158 Semelen
1364 1127 1518 1167 appellat
1549 1130 1682 1165 patrem

977 1178 1125 1208 Bacchi?
1148 1178 1276 1208 Verum
1291 1187 1356 1208 non
1372 1182 1440 1208 tam
1459 1176 1628 1207 rationem
1647 1181 1684 1206 et

977 1229 1164 1268 analogiam
1189 1226 1241 1259 hic
1266 1229 1319 1259 vel
1345 1228 1516 1268 ignoravit
1539 1228 1592 1258 vel
1618 1236 1683 1257 non

976 1279 1186 1309 examinavit
1200 1278 1382 1317 Martialis,
1394 1278 1620 1319 quarnjocum
1635 1277 1683 1309 af-

976 1328 1137 1361 fectavit.
1175 1329 1265 1360 Vide
1282 1329 1411 1360 Mureti
1428 1329 1509 1360 Var.
1528 1329 1680 1360 Lection.

979 1383 1029 1411 19.
1044 1390 1119 1420 cap.
1135 1383 1164 1411 1.

1022 1432 1128 1462 Epio.
1153 1440 1289 1462 Lxxur.
1329 1430 1419 1461 Vide
1447 1430 1506 1462 lib.
1536 1433 1565 1461 7.
1600 1430 1681 1471 Epi-

978 1491 1121 1522 gramm.
1137 1484 1169 1512 2.
1185 1481 1274 1522 qnod
1292 1481 1368 1512 huic
1384 1486 1560 1512 consonat.

1017 1532 1122 1563 Eme.
1134 1541 1260 1563 Lxxrv.
1280 1534 1296 1562 1
1311 1531 1488 1571 Pompeios,
1496 1531 1565 1571 ἔξω]
1581 1531 1681 1563 Cnei-

978 1591 1030 1622 us,
1056 1582 1220 1623 Pompeii
1240 1582 1360 1622 Magni
1378 1581 1480 1620 filius,
1502 1581 1634 1612 interiit
1650 1583 1682 1612 in

978 1633 1129 1673 Europa,
1141 1632 1254 1664 victus
1271 1643 1290 1663 a
1305 1632 1443 1663 Caesare
1457 1632 1499 1663 ad
1516 1632 1680 1663 Mundam

978 1683 1011 1714 in
1026 1684 1216 1724 Hispania:
1235 1684 1361 1715 Sextus
1375 1684 1682 1724 periitamilitibus

977 1734 1579 1775 Antonianis‚interceptusMiletiin
1590 1733 1681 1765 Asia.

977 1786 1040 1816 Sed
1070 1786 1181 1826 ipsum,
1206 1785 1277 1826 ζα]
1314 1786 1499 1826 Pompeius
1534 1786 1681 1826 Magnus

977 1837 1124 1876 occisus,
1139 1842 1177 1866 ut
1196 1837 1313 1876 Epigr.
1330 1840 1383 1867 65.
1408 1837 1466 1867 lib.
1490 1839 1521 1868 3.
1547 1846 1635 1868 vers.
1651 1839 1680 1867 l.

976 1886 1009 1916 in
1044 1886 1166 1926 Libya,
1202 1895 1262 1916 seu
1286 1886 1418 1925 Africa,
1443 1887 1484 1917 ad
1505 1888 1680 1918 Pelusium

978 1935 1049 1966 Nili
1066 1936 1188 1966 ostium
1205 1937 1360 1975 sepultus
1375 1941 1438 1967 est.
1483 1937 1608 1967 Strabo
1623 1937 1681 1968 lib.

978 1987 1029 2015 16.
1048 1985 1080 2015 in
1094 1990 1208 2015 monte
1226 1985 1344 2016 Cassio
1361 1986 1530 2026 sepultum
1549 1985 1666 2018 refert.

1021 2038 1040 2065 2
1065 2035 1295 2073 Sitamenulla
1313 2037 1409 2076 tegit]
1444 2036 1567 2078 Neque
1590 2037 1680 2067 enim

976 2090 1114 2117 constat
1145 2096 1186 2117 an
1211 2087 1366 2127 sepultus
1388 2086 1501 2119 fuerit.
1554 2089 1681 2121 ‘Jacet

976 2137 1097 2177 ingens
1123 2137 1224 2168 litore
1255 2137 1420 2178 truncus,'
1444 2139 1533 2170 dixit
1560 2140 1681 2180 virgil.

977 2188 1020 2219 de
1043 2188 1194 2228 Priamo,
1215 2189 1273 2219 sed
1290 2189 1443 2229 respexit
1466 2191 1683 2230 Pompeium,

976 2243 1008 2270 2.
1026 2239 1159 2271 AEneid.
1176 2246 1211 2271 et
1227 2241 1324 2279 illud,
1346 2242 1356 2257 ‘
1370 2241 1563 2272 Marmoreo
1579 2242 1609 2272 in
1628 2247 1681 2273 tn-

977 2292 1066 2321 mulo
1092 2292 1231 2322 Licinus
1248 2292 1359 2332 jacet,
1382 2298 1418 2323 at
1449 2293 1536 2324 Cato
1564 2302 1683 2334 parvo,

977 2341 1166 2382 Pompeius
1204 2343 1308 2374 nullo.
1354 2343 1438 2376 Quis
1470 2348 1572 2385 putat
1607 2353 1680 2375 esse

977 2393 1070 2423 Deos
1083 2392 1106 2421 ?'

1020 2446 1038 2473 3
1064 2443 1140 2473 Toto
1156 2444 1184 2473 si
1209 2444 1370 2484 spargitur
1393 2444 1479 2485 orbe]
1515 2444 1585 2475 Per
1610 2449 1679 2476 tres

976 2493 1068 2524 orbis
1086 2500 1216 2534 partes,
1239 2505 1314 2536 qnae
1333 2501 1402 2526 tum
1417 2502 1517 2536 nota»,
1530 2496 1679 2527 nondum

976 2544 1115 2574 inventa
1142 2544 1312 2576 America.
1358 2547 1410 2577 De
1435 2546 1485 2577 his
1510 2552 1622 2577 autem
1648 2548 1678 2577 3.

977 2595 1129 2635 partibus
1144 2595 1325 2636 Pompeius
1338 2597 1578 2637 triumpharat:
1603 2597 1678 2633 ‘Et,

975 2645 1069 2687 quasi
1086 2656 1151 2676 non
1179 2652 1294 2686 posset
1323 2647 1421 2677 tellus
1448 2651 1499 2677 tot
1523 2645 1614 2676 ferre
1628 2656 1678 2676 se-

976 2696 1130 2736 pulchra,
1147 2696 1271 2727 Divisit
1288 2697 1445 2728 cineres!
1490 2696 1675 2727 Petronius

974 2751 1088 2786 antea,
1105 2747 1146 2778 de
1163 2747 1298 2786 Crasso,
1319 2748 1494 2788 Pompeio,
1517 2747 1588 2778 Jnl.
1603 2748 1676 2778 Cae-

974 2807 1059 2829 sare.
