1866 3131
404 138 452 167 M.
486 139 598 167 VAL-
632 135 906 166 MAR'rlAhls
945 134 1104 164 ttt‘IGR.
1138 133 1230 164 1113.
1267 134 1295 164 l.

176 235 215 263 10
237 232 352 273 Ansere]
383 232 458 263 Vox
482 231 626 262 solennis
651 230 829 261 matutinae

131 282 353 313 salutationis.

176 332 347 364 Emacx.
359 336 372 363 l
381 333 446 363 Issa
453 331 513 371 est]
525 331 654 362 Laudat
663 330 828 362 Catellam

132 383 260 422 Publii,
300 389 433 424 tamque
465 382 646 412 artificiose
676 380 829 420 depingit

132 433 241 463 Musae
253 433 422 473 penicillo3
432 438 468 462 ut
479 432 562 462 hanc
574 430 742 469 catellam,
752 439 830 460 vera

132 484 260 523 Publii,
281 485 441 525 pictaque
474 483 638 514 veriorem
663 482 830 522 pulchrio-

132 534 452 576 remquejndicem3
472 539 505 564 et
520 542 594 564 cum
611 532 736 563 Catulli
754 541 830 571 pas-

131 594 218 625 sere,
233 591 268 616 et
278 585 393 616 Stellae
408 584 576 623 columba,
591 584 652 614 hoc
663 584 829 624 epigram-

131 646 199 675 ma,
224 646 291 677 qua
313 636 457 676 argutia,
473 645 537 676 qua
549 635 716 665 suavitate
731 638 766 664 et
779 643 831 664 ve-

132 692 269 718 nustate
281 686 668 726 contendipotest.Rad.
697 686 830 716 Nomen

132 738 267 769 catellae
283 737 408 768 Publii.
459 738 588 768 Passerc
606 735 738 775 Catulli]
754 736 832 766 Les-

133 789 199 821 biae
229 799 317 829 pass.
345 790 442 829 cujus
473 789 662 830 nequitiam
688 794 723 819 ct
748 797 831 818 mor·

132 844 200 870 tem
224 839 319 870 canit
334 839 499 870 Catullus.
547 837 703 879 Νεῳιίον]
719 838 831 870 Lasci-

132 890 217 921 vior.

174 942 194 970 2
219 940 339 970 Purior
360 940 474 980 osculo]
500 940 705 971 Ramiresius
728 938 833 970 artifi-

133 988 221 1020 cium
239 989 358 1020 Poetae
375 990 407 1020 in
424 990 486 1020 hoc
502 989 648 1029 subolet,
671 989 759 1030 quod
777 999 832 1020 vo-

131 1039 236 1070 luerit
251 1039 437 1079 insinuare,
453 1040 568 1080 purius
583 1049 657 1070 esse
673 1040 736 1071 hoc
752 1040 834 1080 Epi-

134 1099 296 1130 gramma,
312 1090 426 1120 Stellae
444 1091 628 1130 poematio,
650 1101 724 1133 quae
741 1091 833 1132 puel-

132 1140 199 1170 lam
213 1140 432 1180 depingebat.

177 1193 196 1221 7
230 1190 349 1229 Sentit,
374 1191 440 1231 δῖα]
461 1191 573 1222 Sentit
601 1192 661 1222 lios
689 1190 834 1222 affectus

133 1241 169 1272 in
186 1241 346 1281 Domino,
362 1247 466 1282 atque
489 1241 538 1273 illi
555 1242 646 1273 tristi
663 1241 835 1282 condolet,

131 1292 229 1322 hilari
241 1292 369 1323 lasciva
384 1293 654 1332 congratulatur.

175 1344 195 1372 8
222 1342 308 1373 Collo
322 1343 412 1381 nima,
427 1343 497 1384 ἔξω]
515 1344 611 1375 Collo
629 1343 834 1375 Dominiseu

133 1392 262 1431 gremio
276 1392 392 1423 innixa
408 1393 545 1424 dormit.

178 1445 198 1473 9
220 1442 374 1483 διιερίνὶα,
388 1443 458 1483 8)·ε.]
475 1444 743 1484 Respirationes,
759 1455 834 1486 quae

136 1493 163 1524 si
188 1495 370 1526 crassiores
397 1497 466 1527 sint
493 1502 527 1528 et
553 1497 834 1536 vehementiores,

136 1545 252 1575 ronchi
269 1547 494 1585 appellantur.

181 1598 220 1626 10
249 1597 388 1636 Ventris]
405 1597 584 1637 Ejiciendi.

182 1649 219 1676 ll
241 1647 359 1686 Gutta]
378 1647 541 1677 Praestitit
555 1647 752 1677 munditiem
771 1648 837 1679 lec-

140 1701 188 1735 to,
211 1706 322 1736 neque
349 1697 422 1737 ejus
448 1697 693 1727 contaminavit
709 1703 838 1735 stragu-

140 1747 182 1777 la.
228 1746 346 1786 Pallia]
369 1747 515 1777 Pallinm
536 1748 602 1779 hoc
618 1749 706 1783 loco,
723 1749 787 1778 tori
804 1754 839 1779 et

139 1798 220 1828 lecti
259 1798 505 1838 operimentum
536 1808 610 1829 esse
648 1799 838 1829 contendit.

142 1848 294 1878 Raderus.
328 1847 396 1878 Sed
426 1847 591 1879 Brodaeus
621 1848 719 1887 dicit,
749 1849 838 1889 quod

140 1899 283 1929 Romani
301 1899 373 1929 liaec
389 1899 422 1929 in
439 1899 738 1930 lectoinduebant.

184 1951 221 1978 13
245 1948 374 1988 Levari]
399 1948 477 1979 Alvi
500 1959 559 1980 seu
587 1950 706 1980 vesicae
735 1959 839 1981 onere

137 1998 255 2029 levari.

184 2051 224 2079 16
252 2048 358 2079 Virum
372 2049 489 2089 puella]
512 2049 739 2080 Catarhresis.

183 2103 221 2131 17
240 2100 333 2131 Hanc
347 2110 385 2131 ue
400 2101 468 2139 lux,
482 2100 552 2141 cisen]
568 2101 614 2131 Ut
631 2105 772 2131 mortuae
786 2111 839 2131 su-

140 2152 248 2192 persit
276 2153 451 2193 memoria,
476 2153 611 2184 curavit
634 2153 778 2184 Publius
802 2154 839 2184 il·

140 2202 204 2232 lam
223 2201 328 2242 pingi.

185 2252 292 2282 Eme.
308 2260 380 2283 cm.
404 2255 420 2282 1
438 2251 590 2292 Scribere,
602 2253 669 2293 Ira]
690 2254 718 2284 E
735 2254 839 2284 virtu-

142 2301 233 2333 tibus
255 2302 533 2342 epigrammatum
557 2304 665 2335 altera
687 2309 738 2334 est
765 2305 841 2334 bre·

141 2353 242 2383 vitas.
287 2352 387 2383 Hanc
401 2353 434 2383 in
451 2353 612 2385 Martiale
631 2364 706 2385 cum
729 2360 841 2385 essent

142 2404 198 2444 qui
223 2408 419 2443 carperent,
439 2404 623 2445 respondet
650 2405 763 2436 nescio
786 2404 841 2436 cui

143 2455 261 2485 Veloci
286 2455 420 2492 Poetae,
446 2455 562 2486 brevia
590 2466 650 2486 sua
674 2456 840 2496 epigram-

144 2510 236 2536 mata
251 2515 325 2536 esse
342 2506 476 2546 potiora
491 2506 579 2537 illius
595 2507 706 2537 nullis.

187 2558 206 2586 2
232 2555 401 2595 Βι·ευὶονα]
438 2558 522 2589 Quae
561 2557 650 2587 enim
686 2557 843 2589 breviora

144 2605 245 2637 scribi
263 2612 417 2645 possunt,
435 2616 533 2647 quam
550 2607 662 2637 nulla?

191 2656 295 2686 Erro,
312 2664 400 2687 cxix.
426 2660 440 2687 1
463 2658 540 2687 Cum
557 2657 709 2698 tibist-0]
725 2658 844 2689 Mitte-

1467 125 1579 166 11:33

881 226 939 257 bat
960 227 1131 258 Martialis
1159 227 1435 267 Epigrammaton
1461 228 1581 259 librum

881 277 924 307 ad
941 277 1108 317 Regulum
1135 285 1171 309 et
1193 278 1291 309 simul
1309 278 1416 308 thuris
1433 277 1522 309 forte
1544 280 1581 309 li-

880 326 1017 357 bellam.
1041 333 1158 367 posset
1175 329 1248 369 quis
1274 328 1362 359 dona
1381 328 1495 359 mirari
1513 334 1581 359 tani

880 378 1031 417 humilia,
1054 384 1122 409 tam
1147 381 1312 419 opulento
1340 380 1423 411 viro.
1469 381 1581 411 Excu-

881 433 934 459 sat
964 429 1134 459 Martialis
1163 440 1338 461 munernm
1367 430 1584 471 tenuitatem,

881 478 1066 509 eorundem
1090 478 1355 519 significatione:
1381 480 1466 511 liber
1489 490 1583 512 nam-

881 539 948 570 que
977 529 1154 570 sapientiae
1176 530 1328 561 studioso
1352 531 1441 561 mitti
1467 531 1586 570 debet,

882 581 959 612 thus
976 590 1055 612 vere
1071 581 1127 621 pio
1144 587 1180 612 et
1204 581 1296 612 Deos
1311 583 1448 621 colenti,
1463 582 1582 623 quibus

880 641 971 671 saepe
988 632 1086 662 thure
1103 630 1296 662 faciendum
1315 638 1376 663 est.
1401 633 1485 663 Cum
1501 642 1583 672 ergo

882 682 1034 721 Regulus
1063 682 1241 722 sapientiae
1266 681 1355 713 fama
1381 688 1417 713 et
1443 683 1585 722 pietatis

882 733 1041 773 opinione
1057 734 1168 764 clarus
1184 739 1286 771 esset,
1301 734 1505 764 conveniens
1522 734 1587 765 t'uit

882 785 955 815 liaec
984 795 1124 816 munera
1152 795 1193 816 ea
1222 785 1325 816 mitti.
1359 786 1483 817 Ramir.
1530 787 1584 817 Ne

883 844 964 874 ergo
981 845 1121 866 munera
1136 836 1251 867 mittas
1265 845 1532 876 supervacanea,
1550 842 1587 866 ut

884 884 1029 916 foeminae
1069 895 1176 924 arma,
1216 886 1345 917 rustico
1374 886 1490 923 libros,
1519 889 1585 918 &c-

884 939 1054 978 pr'aecepit
1076 938 1217 970 Seneca.
1252 938 1319 969 Hic
1336 939 1445 970 Poe'ta
1460 938 1587 980 (missis

885 988 927 1020 ad
966 989 1085 1028 Regul.
1122 989 1393 1029 epigrammaton
1431 988 1520 1020 libro
1553 993 1588 1020 et

885 1039 991 1070 thuris
1004 1038 1092 1070 forte
1105 1038 1209 1080 libra)
1223 1039 1417 1071 muneribus
1432 1049 1588 1080 pompam

884 1089 981 1120 addit
1016 1089 1254 1120 convenientia
1297 1099 1475 1120 munerum
1512 1099 1588 1120 cum

884 1139 971 1179 ejus,
987 1140 1040 1169 cui
1056 1139 1179 1170 dantur
1191 1140 1383 1171 eruditione
1397 1145 1431 1171 et
1444 1140 1588 1181 pietate.

885 1189 944 1220 sed
968 1190 1010 1219 de
1036 1190 1099 1221 hoc
1121 1191 1252 1231 Regulo
1280 1190 1356 1221 vide
1380 1190 1472 1221 Ptin.
1488 1191 1590 1231 epist.

886 1241 1004 1272 ultima
1022 1241 1044 1273 l.
1058 1244 1090 1274 2.
1102 1243 1173 1274 etl.
1188 1245 1220 1274 6.
1242 1242 1342 1283 epist.
1356 1245 1388 1273 2.
1423 1242 1589 1279 Parfama

885 1295 916 1322 et
931 1302 1005 1322 cura
1018 1292 1171 1332 Deorum]
1187 1293 1300 1324 Velim
1315 1293 1416 1331 scire,
1431 1292 1488 1323 ubi
1500 1293 1588 1323 Scri-

886 1342 1084 1382 verius,par
1097 1353 1172 1373 curu
1187 1342 1326 1381 etfama
1349 1343 1496 1375 laborum.
1519 1343 1588 1375 Ne-

886 1402 952 1433 que
971 1393 1059 1424 enim
1075 1394 1109 1424 in
1123 1393 1241 1424 ordine
1259 1394 1427 1425 Notarum
1443 1393 1485 1424 ad
1502 1393 1589 1423 hunc

887 1443 995 1473 locum
1013 1443 1141 1475 inveni.
1185 1444 1251 1475 Sed
1269 1444 1298 1475 si
1315 1448 1471 1475 auctores
1488 1444 1592 1474 habet

887 1495 1034 1533 scriptos
1049 1495 1184 1525 codices
1200 1504 1240 1525 ea
1255 1495 1373 1534 lectio,
1385 1494 1474 1525 haud
1485 1494 1589 1524 dubie

888 1545 1066 1584 probanda
1081 1552 1144 1577 est.
1193 1547 1280 1577 Nam
1305 1546 1458 1587 Regulus
1474 1546 1539 1576 iste
1554 1551 1590 1576 et

888 1596 1058 1626 scribebat
1074 1598 1180 1627 multa
1196 1603 1230 1628 et
1245 1597 1415 1627 faventem
1432 1597 1590 1636 eloquen-

891 1647 946 1677 tiae
963 1657 1033 1677 suae
1046 1646 1168 1677 faniam
1183 1648 1340 1678 habebat.
1383 1647 1521 1678 Justnm
1538 1650 1590 1676 est

890 1702 1001 1728 autem
1032 1704 1068 1728 ut
1098 1698 1215 1728 ‘cura'
1248 1697 1434 1737 praecedat,
1455 1696 1463 1712 ‘
1480 1695 1590 1726 fama'

890 1754 1062 1788 sequatur.
1121 1750 1130 1765 ‘
1152 1749 1283 1787 Sopliiae
1327 1746 1481 1778 labores’
1513 1751 1593 1777 sunt

891 1802 1110 1828 monumenta
1126 1798 1263 1838 ingenii.
1289 1799 1388 1829 Gron.

932 1850 952 1878 2
977 1848 1044 1878 Nec
1069 1849 1168 1878 minor
1197 1849 1263 1888 *ipsu
1288 1848 1355 1887 tuo]
1378 1848 1547 1879 Gruterus
1572 1857 1590 1878 e

892 1898 1023 1928 duobus
1044 1899 1181 1938 scriptis
1200 1903 1308 1937 notat,
1323 1908 1390 1937 suo,
1412 1905 1448 1929 et
1471 1898 1592 1928 merito

891 1948 1021 1988 probat.
1065 1949 1132 1979 Sed
1151 1949 1390 1989 explicandum
1416 1953 1480 1979 est.
1527 1948 1592 1981 Re-

890 1999 1002 2030 fertur
1018 1999 1059 2030 ad
1079 2001 1253 2040 pietatem,
1268 2009 1333 2030 non
1349 1999 1391 2029 ad
1412 1999 1591 2038 Regulum.

894 2050 1054 2089 ‘Ingenio
1078 2050 1159 2089 suo,’
1185 2049 1273 2090 quod
1300 2051 1371 2089 ipsa
1397 2050 1592 2088 occupavit,

891 2100 1103 2141 obtinetque.
1148 2101 1205 2131 Sic
1231 2101 1264 2130 in
1290 2100 1380 2130 libro
1404 2100 1590 2139 Spectacu-

891 2151 998 2181 lorum
1014 2161 1021 2181 :
1046 2152 1055 2167 ⁵
1070 2151 1170 2180 Nunc
1193 2160 1254 2181 sua
1280 2150 1454 2180 Caesareos
1471 2154 1592 2179 exorat

893 2200 1010 2241 praeda
1036 2199 1176 2230 leones!
1218 2201 1264 2231 Et
1286 2200 1348 2230 hoc
1374 2199 1460 2229 libro
1475 2199 1592 2238 Epigr.

891 2254 944 2282 79.
967 2251 1097 2292 ‘Inque
1121 2260 1196 2280 suos
1212 2250 1324 2281 vultus
1344 2253 1499 2288 serperet
1519 2255 1593 2279 atra

891 2301 1000 2333 lues:'
1039 2302 1072 2332 id
1101 2307 1166 2339 est,
1196 2301 1271 2341 ejus
1305 2300 1459 2338 hominis,
1497 2300 1592 2340 cujus

891 2361 1013 2392 corpus
1029 2352 1209 2381 invaserat.
1256 2351 1395 2381 Frustra
1411 2349 1489 2380 ille:
1513 2351 1522 2366 ‘
1537 2350 1592 2380 In-

891 2413 957 2445 que
980 2401 1093 2442 ipsos!
1138 2403 1191 2432 Sic
1209 2401 1297 2441 apud
1316 2399 1498 2431 Ovidium:
1526 2401 1593 2431 ‘Et

892 2454 1019 2484 crimen
1048 2462 1110 2481 vox
1138 2458 1189 2483 est
1217 2450 1364 2482 inficiata
1386 2452 1505 2482 sunm.’
1549 2451 1594 2481 Et

893 2504 1037 2534 Statium
1055 2514 1062 2532 :
1099 2504 1269 2533 ‘mentem
1302 2512 1361 2532 sua
1397 2511 1462 2532 non
1501 2503 1593 2542 capit

892 2553 1003 2585 aetas!
1029 2554 1126 2584 Idem.

938 2606 1041 2636 Epic.
1059 2613 1164 2635 cxm.
1189 2608 1205 2635 1
1222 2605 1299 2635 Cum
1313 2607 1343 2635 te
1359 2614 1428 2643 non,
1442 2603 1511 2644 fisa]
1529 2605 1591 2635 Ur-

896 2656 982 2687 bana
1017 2654 1189 2694 cujusdam
1229 2655 1337 2685 1²12th
1376 2655 1589 2695 reprehensiv-
