1866 3131
414 194 462 224 M.
500 192 611 222 VAL.
645 188 918 220 MARTIALIS
956 188 1116 217 EPIGR.
1153 188 1243 217 LIB.
1278 188 1339 216 lv.

155 287 256 327 (lixit,
273 287 359 329 quod
371 288 441 329 jam
458 296 543 328 pene
557 287 710 319 extincto
723 289 853 317 naturae.

154 340 267 370 calore
281 340 417 377 algeant
433 348 533 369 anus:
558 342 597 369 nt
613 346 714 377 supra
729 336 771 366 de
787 336 855 366 Ve-

154 389 284 420 tustina
311 389 369 420 lib.
386 391 415 419 3.
445 388 561 430 Epigr.
577 390 630 419 92.
664 386 854 427 ‘Regelare

153 449 216 470 nec
235 445 268 471 te
286 440 482 481 pestilentia
498 439 628 479 possita

197 492 216 521 7
246 490 380 521 Vendere
394 499 448 521 nec
462 499 564 529 vanos,
578 488 646 529 Era]
679 486 854 527 Prinpris

156 539 407 571 bcnevolentiae
435 548 527 580 spem
553 539 666 579 pretio
694 537 856 576 vendere,

155 591 242 632 quod
267 590 397 621 faciunt
424 589 523 621 aulici
551 587 855 620 commendationis

155 640 269 672 officia
298 640 463 671 ementiti.
508 639 598 670 Vide
624 638 798 679 Lamprid.
820 637 854 668 in

155 690 239 722 Vita
256 690 460 730 Heliogabili
476 689 517 721 de
526 689 646 720 Zotico
666 693 701 720 et
727 689 759 719 in
773 688 856 719 Vita

156 740 256 772 Alex.
272 742 387 773 Severi
399 742 441 772 de
456 740 596 772 Thurini
613 740 758 771 Voconii
775 749 853 780 snp-

153 792 267 833 plicio.
311 792 395 823 Tum
409 792 522 830 etiam,
545 801 598 823 res
619 792 748 831 inanes,
763 800 855 822 men-

154 843 265 882 dacia,
279 853 408 883 gerras,
420 843 526 884 logos,
538 852 644 882 nugas
657 846 808 874 tractare
820 845 856 872 et

155 902 307 932 narrare,
331 897 384 924 est
407 892 539 923 ‘fumos
555 891 727 923 vendere)

198 946 217 974 8
243 943 410 983 Plaudere]
433 942 617 975 Citharoedi
639 942 742 982 enim,
755 951 856 983 quum

154 993 350 1034 placebant,
366 993 487 1034 plausu
503 992 774 1033 excipiebantur.
795 991 856 1022 Ca-

154 1055 205 1084 ηο,
218 1044 396 1085 Glaphyro]
411 1044 602 1084 Choraulae,
612 1053 674 1075 nec
688 1043 855 1074 Citharoe-

155 1094 213 1135 do,
226 1095 283 1136 qui
297 1099 366 1126 tum
380 1095 412 1126 in
427 1095 560 1135 preti03
576 1095 738 1135 Epigr.4.
752 1093 809 1124 lib.
821 1096 855 1124 3.

198 1149 218 1176 9
246 1146 334 1177 Unde
364 1146 458 1177 miser
491 1145 591 1185 cives]
630 1146 694 1176 His
724 1144 854 1176 artibus

154 1196 316 1236 honestis,
332 1197 450 1238 quibus
467 1197 500 1227 in
521 1196 606 1227 urbe
623 1196 716 1226 locus
732 1196 855 1234 nullus,

155 1247 211 1277 liic
227 1256 293 1278 non
305 1247 419 1279 vives:
439 1247 503 1278 nisi
518 1256 597 1278 casu
608 1246 724 1277 vivere
735 1250 832 1286 potes
845 1256 855 1285 3

156 1302 195 1329 ut
216 1297 305 1329 dixit
329 1308 432 1339 supra
459 1297 502 1329 de
529 1298 653 1329 Sexto:
680 1296 733 1328 ‘Si
749 1296 855 1328 bonus

155 1358 202 1388 eS,
220 1358 302 1380 casu
317 1349 444 1389 vivere,
456 1349 574 1388 Sexte,
587 1347 707 1389 potes?
752 1347 856 1378 Homo

145 1398 247 1440 fidus,
272 1399 342 1440 lisa]
373 1400 425 1431 Ex
453 1409 599 1440 persona
625 1398 779 1438 Fabiani,
807 1398 855 1429 di-

154 1450 277 1491 centis,
299 1450 411 1481 Homo
428 1450 515 1481 fidus
532 1460 617 1491 sum,
632 1454 749 1482 certus
776 1449 855 1480 ami-

156 1509 229 1539 cus,
248 1500 388 1531 amabor
404 1500 446 1531 ab
463 1500 630 1532 omnibus.

201 1553 242 1581 10
266 1551 338 1582 Hoc
351 1550 431 1581 nihil
445 1550 507 1590 est]
531 1551 643 1582 Poeta
661 1549 860 1592 respondet.

159 1602 337 1642 Nunquam,
361 1602 430 1641 δμκ]
469 1602 521 1631 Ex
547 1601 698 1632 honestis
726 1600 857 1631 artibus

157 1661 328 1693 nunquam
357 1652 506 1692 attinges
523 1660 640 1682 census
663 1650 788 1690 Glaph.
811 1649 858 1680 ci·

158 1703 301 1734 tharoedi
315 1712 323 1733 :
338 1702 458 1743 Epigr.
473 1704 504 1732 4.
520 1701 578 1732 lib.
589 1704 619 1733 3.
632 1701 857 1732 Philomelum

155 1762 237 1793 ergo
254 1752 369 1794 posuit
383 1762 445 1793 pro
461 1751 650 1783 citharoedo
667 1750 856 1783 ditissimo:

157 1805 200 1834 de
219 1814 286 1845 quo
301 1813 404 1844 supra
419 1802 476 1834 lib.
494 1805 525 1834 3.
544 1802 727 1842 Epigr.3l.
751 1801 857 1832 ‘Plus

157 1854 276 1886 habuit
291 1853 473 1894 Didymus,
489 1852 564 1893 plus
576 1851 785 1882 Philomelus
800 1851 856 1882 ha-

155 1903 240 1936 bet.'

199 1955 305 1986 Erro.
320 1963 369 1985 vr.
403 1954 444 1985 In
460 1952 682 1992 Malisianum]
709 1951 857 1983 Malisia-

155 2015 248 2046 num,
263 2006 330 2046 vel,
344 2009 383 2037 ut
396 2005 453 2037 alii
470 2005 602 2044 volunt,
613 2004 858 2040 Masfflianum,

155 2057 214 2098 qui
228 2057 411 2088 simulabat
432 2055 632 2097 pudicitiam
659 2059 696 2086 et
717 2055 858 2086 castita·

158 2112 240 2149 tem,
262 2118 364 2150 quum
395 2106 568 2148 improbus
596 2106 732 2139 omnino
756 2110 859 2146 esset,

157 2159 282 2199 carpit,
316 2163 352 2190 et
388 2161 567 2198 comparat
604 2166 681 2188 cum
716 2155 860 2197 quodam

159 2210 356 2250 Elegiarum
380 2209 567 2241 recitatore
596 2208 858 2249 improbissimo.

157 2260 315 2292 Ramires.

201 2315 222 2342 2
249 2311 389 2350 Tenent,
403 2310 473 2350 35¹2]
498 2310 577 2341 Non
594 2308 859 2350 perfrictae‚sed

157 2362 264 2403 qualis
276 2366 403 2392 tenerae
416 2366 470 2392 est
486 2360 609 2401 aetatis,
624 2360 779 2401 integrae,
790 2369 860 2392 cas·

159 2419 216 2452 tae,
229 2411 379 2453 pudicae.

201 2467 222 2495 4
248 2465 350 2499 Quam
379 2462 432 2504 qui
460 2461 653 2503 compositos]
677 2462 787 2495 Quam
802 2471 859 2493 ne-

158 2515 227 2547 scio
255 2515 330 2556 quis
354 2514 521 2545 recitator
532 2513 728 2553 elegiarum.
773 2513 859 2544 Sunt

162 2566 219 2607 qui
245 2565 300 2596 hic
316 2563 501 2605 perstringi
527 2567 651 2603 putant
681 2563 859 2603 Argiuum,

156 2616 274 2648 Stellae
289 2625 449 2656 puerum:
469 2614 510 2645 de
525 2624 591 2655 quo
605 2614 722 2654 Epigr.
734 2617 786 2644 14.
799 2613 857 2645 lib.

157 2670 191 2698 7.
208 2667 267 2698 sed
282 2676 349 2697 non
363 2665 556 2696 verisimile.
599 2665 706 2695 Metro
727 2663 858 2704 Tibulli]

163 2717 326 2757 Elegiaro
341 2724 350 2746 t
373 2717 425 2746 vel
441 2725 526 2756 puro
542 2715 706 2755 Iamblco,
718 2726 784 2756 quo
800 2716 856 2746 Ti-

159 2768 270 2799 bullus
286 2768 446 2809 Priapeia
460 2767 614 2808 quaedam
626 2767 771 2808 scripsit.

1492 177 1606 219 1195

946 286 964 312 5
991 283 1028 312 In
1045 283 1153 314 Stellae
1174 283 1301 322 recitat,
1316 281 1386 322 ἔξω]
1412 281 1488 313 Hoc
1506 282 1605 313 intel-

904 333 963 372 ligi
987 333 1104 363 volunt
1132 333 1174 364 de
1199 335 1316 365 Stellae
1339 342 1446 374 puero
1462 332 1607 373 quodam

904 382 1063 423 formoso,
1089 383 1144 424 qui
1171 383 1296 415 domini
1320 394 1437 414 versus
1460 384 1607 415 recitare

905 439 940 465 et
958 434 1089 465 assidue
1103 434 1279 465 cantillare
1292 436 1429 466 soleret.
1464 434 1531 465 Sed
1543 444 1609 474 ego

905 485 1063 516 existimo
1092 484 1247 525 Poe'tam,
1271 485 1418 526 aliquem
1444 489 1532 516 notae
1549 486 1610 516 im-

905 534 1099 576 probitatis,
1134 534 1189 566 hic
1219 535 1461 575 perstringere.
1507 534 1610 566 Reci-

906 585 973 616 tari
1002 585 1035 616 in
1066 585 1182 616 alienis
1208 585 1338 616 aedibus
1361 585 1540 618 conductis
1556 586 1610 617 vel

906 636 1128 668 commodatis
1143 635 1281 667 solitum
1295 639 1358 666 est.
1386 636 1608 667 ‘Maculonus

906 688 1097 720 commodat
1113 687 1239 719 aedes:‘
1266 687 1350 719 Juv.
1373 687 1492 719 Sat.7.
1532 688 1610 719 Nee

907 742 998 774 aedes
1013 743 1142 773 alienas
1155 741 1398 774 mutuabantur
1415 740 1534 779 solum,
1555 748 1611 772 ve·

907 804 981 825 rum
1007 797 1044 824 et
1073 792 1278 825 auditorium
1319 791 1543 823 exstruebant
1575 795 1610 823 et

905 844 1133 884 instruebant,
1148 843 1325 876 conductis
1348 842 1529 874 subselliis.
1551 841 1613 874 Ju-

905 896 1018 928 venai.
1033 895 1115 927 ibid.
1153 895 1290 926 Herald.

950 947 1055 977 Erre.
1082 954 1165 978 vm.
1201 945 1255 976 Ad
1285 943 1491 985 Euphemiam]
1516 942 1613 975 Petit

908 998 951 1029 ab
969 997 1147 1039 Euphemo
1163 1001 1379 1028 exstructore
1396 1003 1520 1026 meusae
1539 994 1613 1025 Do-

906 1049 1050 1089 mitiani,
1075 1053 1114 1080 ut
1140 1058 1204 1080 sua
1225 1048 1376 1079 carmina
1401 1046 1469 1087 legi
1489 1046 1613 1088 jubeat

905 1098 1126 1140 Imperatori,
1149 1098 1418 1130 commodissimo
1447 1103 1615 1138 tempore,

906 1148 939 1179 id
956 1154 1021 1189 est,
1043 1150 1124 1181 hora
1137 1160 1256 1189 coenae,
1271 1148 1457 1191 quumjam
1469 1148 1614 1189 coeperit

904 1198 1113 1232 incalescere
1150 1210 1270 1231 mero:
1308 1199 1397 1241 quod
1428 1203 1467 1230 ut
1496 1197 1614 1238 faciat,

905 1250 1088 1290 praemittit
1112 1250 1269 1282 horarum
1294 1254 1374 1280 ante
1403 1258 1534 1280 coenam
1561 1253 1614 1280 to-

906 1299 971 1331 tius
987 1300 1055 1331 diei
1072 1300 1364 1332 distributionem.
1410 1299 1567 1330 Ramz‘res.

948 1353 964 1381 1
978 1351 1105 1392 Prima]
1130 1351 1250 1382 Prima
1265 1360 1342 1391 quae
1356 1349 1612 1381 illucescentem

908 1401 1040 1442 excipit
1053 1401 1143 1432 diem
1156 1400 1371 1433 artificialem
1383 1411 1392 1439 ;
1407 1403 1443 1431 et
1451 1398 1612 1438 secunda,

908 1462 975 1493 qua
993 1453 1198 1493 portabatur
1214 1451 1395 1482 molestum
1417 1450 1500 1481 illud
1516 1450 1612 1488 Ave,

907 1503 950 1534 de
966 1514 1032 1545 quo
1056 1503 1090 1534 in
1113 1502 1228 1534 multis
1250 1511 1326 1543 sup.
1343 1500 1611 1542 Epigrammatis

908 1553 1052 1593 dictum,
1083 1558 1119 1584 et
1150 1553 1275 1593 saepius
1307 1551 1502 1583 dicendum.
1556 1552 1613 1582 De

909 1604 1125 1645 antiquorum
1155 1604 1246 1634 horis
1273 1602 1352 1633 vide
1376 1602 1547 1633 Radcrum
1577 1601 1612 1632 in

908 1653 972 1685 hoc
990 1654 1216 1695 Epigramma.
1253 1651 1446 1692 Salutantes]
1460 1652 1611 1682 Clientes

909 1705 1098 1736 salutantes
1134 1707 1308 1744 patronos.
1371 1701 1452 1734 Juv.
1483 1702 1554 1732 Sat.
1581 1703 1612 1733 1.

908 1765 993 1786 verS.
1021 1757 1097 1786 127.
1131 1753 1238 1794 Hora]
1275 1751 1471 1793 Inaequalis,
1497 1751 1613 1792 plane-

907 1805 1005 1837 tan-ia.

949 1858 969 1886 2
1004 1855 1157 1895 Exercet,
1189 1852 1261 1894 ἅμ]
1308 1853 1427 1884 Tertia
1463 1856 1612 1894 aguntur

907 1914 1054 1936 caussae.

950 1960 969 1988 3
997 1957 1110 1989 Varios
1125 1956 1257 1997 labores]
1279 1956 1364 1988 Suas
1390 1955 1533 1999 quisque
1557 1965 1614 1988 oc-

907 2008 1121 2049 cupationes.

949 2061 970 2090 4
992 2059 1092 2090 Sexta
1106 2057 1191 2099 quies
1216 2058 1317 2098 lassis,
1342 2058 1412 2099 ἐξα]
1436 2056 1608 2098 Interjun·

909 2114 992 2151 gunt
1022 2109 1081 2150 qui
1107 2109 1187 2140 lassi
1214 2113 1292 2140 sunt
1322 2113 1432 2148 sexta,
1457 2117 1542 2149 opus
1559 2117 1611 2138 re·

907 2160 1076 2201 sumpturi
1091 2160 1239 2200 septima
1263 2159 1462 2191 finiendum.
1506 2158 1608 2190 Quie-

908 2217 978 2243 tem
1002 2220 1085 2251 ergo
1110 2220 1129 2241 a
1158 2209 1275 2241 labore
1306 2210 1515 2250 usurpabant
1544 2216 1610 2238 uon

909 2261 1122 2293 omneshora
1148 2265 1267 2299 sexta3
1292 2260 1351 2291 sed
1377 2264 1507 2290 tantum
1520 2258 1610 2297 lassi,

908 2313 966 2354 qui
976 2312 1072 2343 velut
1080 2310 1355 2352 interjungebaut
1367 2319 1471 2351 usque
1479 2308 1523 2339 ad
1534 2318 1609 2349 sep-

909 2365 1046 2402 timam3
1064 2373 1083 2393 a
1099 2362 1287 2402 septimain
1300 2366 1456 2392 octavam
1473 2361 1505 2391 hi
1519 2361 1610 2392 lava-

907 2415 1052 2446 bantur:
1070 2413 1221 2455 quamvis
1231 2413 1263 2442 in
1277 2413 1339 2443 hoc
1354 2411 1612 2452 Epigrammate

906 2466 1000 2496 nulla
1024 2463 1158 2495 lotionis
1180 2462 1320 2493 mentio.
1365 2461 1419 2493 Ab
1438 2467 1558 2493 octava
1575 2463 1608 2493 in

908 2525 1028 2546 nonam
1063 2513 1260 2554 palaestritae
1303 2522 1339 2544 se
1385 2513 1608 2553 exercebant,

908 2575 1049 2607 quorum
1086 2563 1325 2595 exercitationi
1363 2562 1507 2594 aderant
1544 2562 1605 2594 fre·

906 2619 1050 2658 quentes
1065 2618 1278 2655 spectatores
1294 2623 1400 2654 usque
1413 2612 1455 2643 ad
1471 2622 1608 2653 nonam,

907 2677 972 2709 qua
986 2666 1209 2697 monebantur
1235 2669 1403 2696 coenatum
1433 2665 1495 2695 ire.
1541 2665 1608 2696 Ra-

908 2718 1010 2749 mirem

951 2772 967 2799 5
996 2768 1130 2807 Naidis,
1148 2766 1216 2806 fisa]
1242 2765 1554 2798 Exercitationibus
1572 2772 1606 2798 ct
