1866 3131
266 160 377 202 1370·

265 266 419 297 ciri-atos.
454 265 541 297 Vide
558 267 678 308 Epigr.
692 270 746 300 57.
760 268 817 300 lib.
833 271 865 300 3.
882 278 969 299 vers.

263 320 316 348 31.

308 370 326 398 3
345 369 389 399 Et
403 369 557 409 (leucaten,
571 369 641 410 Esca]
667 370 712 400 Et
730 371 852 401 ameris
871 381 888 400 a
904 370 969 401 dis-

265 418 389 458 cipulis
422 419 500 457 tuis,
538 420 608 460 qui,
637 430 763 452 corona
793 422 969 462 cingentes

264 478 425 508 mensam,
442 470 503 500 tibi
520 470 683 502 assident.

305 523 325 550 4
352 521 544 562 Calculator]
583 523 649 554 Qui
667 524 813 554 rationes
829 533 966 563 compu-

264 570 359 600 tandi
386 581 446 612 per
469 573 616 604 calculos
644 579 680 605 et
707 574 968 605 Arithmeticam

264 621 378 652 docet.
407 623 566 660 Notarius,
583 624 650 664 Sym]
691 625 757 656 Qui
774 625 877 655 docet
895 625 969 655 lite-

264 671 311 701 ris
329 681 388 703 seu
415 673 507 704 notis
524 675 684 714 excipere
701 675 796 706 dicta
820 675 967 706 alterius.

262 722 468 762 Epigramm.
484 727 558 756 208.
577 726 633 756 lib.
651 729 701 756 14.

305 777 322 804 5
351 774 474 805 Circalo
498 777 674 816 coronetur]
711 776 845 807 Corona
870 775 969 807 disci-

262 823 429 864 pulorum.
476 826 540 856 Vel
558 827 670 866 plnres
694 832 848 858 numeret
869 827 969 858 disci-

262 875 359 915 pulos
376 885 525 906 mensam
548 883 761 908 coronantes.

304 928 324 956 6
346 926 436 957 Alboe
459 928 553 967 leone,
579 928 648 968 Sym]
683 929 857 960 Describit
884 933 969 960 tem-

262 985 343 1015 pora
360 977 488 1016 aestiva,
515 978 636 1018 quibus
664 980 801 1010 maximi
824 981 968 1019 calores,

262 1031 415 1057 extremo
446 1027 552 1067 Jahn,
583 1034 619 1059 et
658 1030 764 1069 primo
801 1029 969 1069 Augusto,

262 1086 362 1117 quum
382 1078 451 1107 Leo
476 1077 567 1108 sidus
593 1079 706 1110 nobile
721 1080 969 1120 Solijungitur‚

263 1128 482 1169 geminatque
521 1135 637 1169 aestus,
667 1131 855 1172 eodemque
886 1136 969 1162 tem-

263 1188 346 1218 pore
373 1179 476 1209 Canis
494 1181 559 1211 urit
576 1181 698 1212 omnia.
745 1183 850 1222 Alboe]
883 1183 968 1213 Dies

262 1229 396 1260 scilicet
424 1230 514 1270 longi
540 1235 575 1260 et
599 1232 667 1262 sole
692 1237 860 1272 perpetuo
876 1233 970 1263 clari.

264 1279 420 1309 Raderus.
457 1280 558 1309 Leone
573 1280 736 1322 flammeo]
775 1282 893 1321 Epigr.
917 1285 968 1314 57.

263 1329 322 1360 lib.
348 1333 378 1361 4.
406 1339 493 1362 verS.
519 1335 551 1362 5.
574 1337 609 1362 et
633 1332 752 1372 Epigr.
779 1335 831 1363 72.
857 1333 913 1364 lib.
936 1336 968 1364 5.

265 1389 353 1410 vers.
369 1383 400 1411 2.

305 1434 323 1461 7
351 1431 614 1471 Coquitmessem]
639 1432 794 1464 Maturat
807 1438 969 1474 segetem.

307 1484 326 1512 8
352 1482 536 1522 Senticaque
577 1483 652 1513 loris
691 1482 841 1523 horridis]
887 1485 968 1517 Mss.

267 1531 401 1562 Cirrata
421 1532 507 1563 loris.
552 1532 619 1563 Sed
637 1533 810 1573 asperiora
826 1534 885 1565 illa
901 1536 971 1566 lora

268 1582 359 1612 aluta
379 1582 580 1623 quandoque
598 1582 862 1623 obtegebantur.
900 1584 969 1615 Au-

261 1641 331 1662 sou.
345 1632 565 1672 Protreptico
577 1632 618 1662 ad
635 1633 805 1673 Nepotem
822 1644 830 1664 τ
847 1636 856 1651 ⁴
868 1635 969 1668 Quod

262 1682 366 1713 fallax
379 1683 544 1713 scuticam
563 1684 725 1723 praetexit
740 1683 856 1715 aluta)
897 1685 967 1716 Cir-

259 1737 331 1764 rata
345 1734 448 1774 pellis,
465 1734 534 1774 Qu]
570 1734 652 1774 Ipsa
669 1741 720 1765 est
737 1735 870 1766 scutica
886 1737 969 1766 mul-

260 1789 370 1815 torum
386 1785 544 1816 lox-orum.
576 1785 627 1816 Ea
645 1786 767 1816 dicitur
779 1787 875 1826 pellis
889 1788 968 1827 Scy-

262 1836 332 1874 tha,
357 1835 435 1876 quia
458 1836 598 1866 multum
626 1836 692 1867 illis
716 1838 912 1876 utebantur,
932 1844 968 1868 ut

262 1895 304 1916 ex
331 1886 508 1916 Herodoto
536 1892 571 1916 et
598 1886 734 1918 Justlno
758 1894 966 1918 annotatum.

269 1937 409 1974 Cirrata,
426 1937 504 1976 quia
520 1946 596 1976 pars
615 1937 700 1976 ejus,
723 1948 790 1978 qua
803 1947 900 1968 manu
920 1945 968 1969 te-

262 1993 375 2025 netur,
393 1987 504 2017 omnia
528 1988 598 2017 lora
620 1987 725 2017 habet
747 1988 919 2027 implicata
935 1994 969 2020 et

262 2037 449 2066 constricta
461 2036 493 2066 in
511 2046 644 2066 ansam:
673 2046 748 2076 pars
764 2038 884 2075 altera,
902 2049 969 2078 qua

262 2085 355 2124 ferit,
372 2086 488 2116 endem
503 2086 629 2117 liabent
643 2087 762 2123 soluta,
775 2088 969 2127 pendentia,

266 2143 301 2168 et
316 2136 530 2175 fluctuantia,
546 2137 653 2167 instar
669 2137 841 2167 cirrorum.
869 2139 968 2170 Gran.

308 2190 327 2217 9
354 2187 526 2226 Celenoeus]
563 2186 616 2217 Ad
635 2187 790 2224 Celenas,
805 2188 967 2227 oppidum

265 2238 437 2278 Phrygiae,
460 2237 515 2268 ubi
544 2237 692 2268 certavit
719 2238 874 2278 Marsyas
891 2248 966 2269 eum

264 2288 433 2328 Apolline.

312 2342 348 2369 ll
378 2340 518 2380 Cessent]
556 2339 674 2380 Usque
693 2339 770 2370 dum
788 2339 967 2371 deferbue-

263 2390 308 2420 rit
334 2390 463 2420 aestatis
492 2390 596 2427 calor,
623 2389 802 2421 deserbeat
825 2392 966 2421 scuticae

261 2440 446 2481 ferulaeque
473 2441 614 2471 saevitia.
658 2441 733 2471 Idus
758 2442 789 2471 in
809 2441 968 2482 Octobres]

263 2492 472 2531 Quibusjam
488 2491 619 2523 fractus
633 2493 737 2532 calor,
751 2497 786 2522 et
801 2498 968 2533 tempera-

268 2547 338 2572 tum
357 2543 488 2572 caelum.

305 2592 412 2623 Eme.
430 2601 537 2623 ani.
582 2593 731 2633 Elegans
749 2594 968 2634 epitaphium,

265 2652 329 2682 quo
358 2642 467 2673 Poeta
506 2653 644 2673 uxorem
679 2644 864 2684 cujusdam,
894 2644 967 2674 feli-

265 2702 336 2722 cem
355 2704 373 2723 a
388 2694 514 2731 liberis,
533 2701 685 2733 tempore
703 2696 864 2736 conjugii,
879 2707 966 2733 μονο-

265 2745 372 2782 -γειμὶᾳ,
389 2751 510 2783 morte,
525 2746 687 2776 celebrat.

738 172 878 201 No'rAE
912 172 1175 202 VARIORUM
1212 173 1261 202 IN

1067 271 1082 298 1
1110 268 1284 306 Marmora,
1309 267 1376 308 effa]
1419 268 1594 299 Tumulum
1635 279 1722 302 mar-

1021 328 1183 350 moreum.

1063 372 1083 400 2
1110 370 1245 400 Mausoli
1277 369 1378 409 saxis]
1404 368 1498 400 Lib.
1527 369 1724 409 Spectacul.

1022 421 1228 461 Epigramm.
1249 424 1278 452 l.
1310 431 1396 452 vers.
1412 425 1443 452 5.
1505 421 1722 461 Pyramidum-

1020 483 1075 512 que
1090 472 1182 512 legis]
1208 472 1280 502 Lib.
1298 472 1494 512 Spectacul.
1513 472 1723 512 Epigramm.

1022 526 1051 554 1.
1069 533 1156 553 vers.
1174 524 1206 552 1.

1063 577 1080 604 3
1106 574 1166 604 Bis
1182 583 1247 604 mea
1265 574 1414 613 Romano,
1430 573 1499 613 ἐγὼ]
1526 573 1610 604 Ludi
1628 583 1722 604 secu-

1020 624 1124 661 lares,
1165 624 1360 663 pestilitatis
1389 624 1586 654 avertendae
1616 624 1724 664 gratia

1022 675 1184 712 instituti,
1206 679 1241 704 ut
1265 674 1430 712 creditur,
1447 684 1465 704 a
1481 674 1596 705 Valer.
1632 675 1723 705 Pub-

1020 724 1131 763 licola,
1148 724 1411 755 celebrabantur
1432 725 1618 755 centesimo
1644 735 1724 766 quo-

1020 785 1085 816 que
1098 785 1205 813 anno;
1240 775 1337 806 caesis
1355 780 1429 805 atro
1444 774 1530 806 bove
1544 775 1633 814 Diti,
1648 785 1725 806 con·

1020 826 1123 856 colori
1141 826 1292 866 juvenca
1317 825 1601 865 Proserpinae‚ad
1631 835 1724 856 aram

1020 876 1114 907 Ditis
1142 877 1174 906 in
1197 875 1351 906 Tarento
1378 876 1410 906 in
1439 885 1558 916 campo
1584 877 1724 908 Martio.

1019 926 1248 966 Spectabatur
1265 927 1379 967 itaque
1394 927 1468 958 haec
1495 931 1650 957 matrona
1675 938 1726 958 se-

1021 977 1139 1008 cundis
1155 977 1376 1008 secularibus.
1401 977 1523 1017 Neque
1539 977 1628 1008 enim
1644 978 1722 1009 Car-

1021 1027 1118 1057 minis
1134 1027 1232 1068 hujus
1256 1027 1354 1058 laude
1382 1032 1417 1058 et
1444 1028 1606 1059 miraculo
1622 1027 1725 1068 digna

1019 1076 1138 1108 fuisset
1152 1082 1303 1109 matrona
1314 1078 1388 1108 haec
1401 1078 1609 1109 secularibus
1626 1078 1722 1109 Clau-

1021 1127 1067 1158 dii
1084 1133 1119 1159 et
1134 1128 1334 1167 Domitiani,
1356 1128 1445 1158 inter
1463 1138 1544 1169 quos
1557 1128 1723 1159 interfue-

1021 1183 1100 1209 runt
1125 1179 1204 1209 anni
1229 1181 1281 1210 41.
1312 1178 1405 1219 (vide
1431 1178 1572 1210 Sueten.
1601 1179 1723 1210 Claud.

1021 1240 1096 1270 cap.
1117 1230 1189 1270 21.)
1227 1235 1264 1261 ut
1289 1230 1377 1261 hunc
1406 1231 1516 1261 locum
1547 1237 1723 1271 exponunt

1021 1280 1107 1321 Ang.
1138 1280 1342 1319 Pontianus,
1374 1280 1577 1321 Beroaldus,
1603 1281 1725 1311 Heral-

1020 1330 1093 1369 dus⁷
1110 1336 1145 1362 et
1160 1331 1328 1361 Raderus.
1374 1330 1450 1370 Bis]
1488 1331 1574 1363 Quia
1597 1331 1647 1362 bis
1665 1342 1723 1372 po-

1021 1385 1134 1412 tuerat
1162 1381 1280 1412 videre
1302 1380 1399 1411 ludos
1427 1382 1608 1419 seculares,
1634 1382 1722 1412 cele-

1020 1431 1137 1462 bratos
1165 1431 1237 1464 scil.
1259 1443 1276 1462 a
1293 1432 1435 1463 Claudio
1459 1437 1493 1463 et
1514 1433 1721 1464 Domitiano.

1019 1482 1108 1512 Nam
1126 1483 1170 1512 D.
1186 1481 1346 1512 Claudius
1365 1481 1461 1512 ludos
1484 1483 1654 1513 seculares
1667 1492 1722 1513 ce-

1021 1531 1178 1570 lebravit,
1194 1541 1259 1561 non
1287 1536 1488 1571 exspectato
1511 1534 1723 1573 temporele-

1022 1581 1151 1621 gitimo.
1197 1582 1380 1622 Duplicem
1399 1583 1501 1623 igitur
1519 1583 1620 1614 vitam
1638 1584 1725 1615 vixit

1022 1633 1092 1663 liaec
1107 1640 1273 1664 matrona.
1309 1633 1484 1674 Siquidem
1501 1644 1565 1665 una
1581 1635 1723 1666 hominis

1022 1690 1104 1714 zetas
1121 1685 1180 1715 hos
1194 1685 1291 1716 ludos
1305 1685 1407 1715 semel
1419 1690 1549 1716 tantum
1565 1692 1723 1726 spectare

1021 1739 1170 1774 poterat.
1216 1735 1314 1766 Unde
1338 1736 1472 1774 Praeco,
1490 1746 1589 1776 quum
1607 1737 1648 1767 ad
1665 1747 1722 1767 eos

1020 1785 1180 1825 populum
1196 1785 1367 1825 invitaret,
1378 1786 1474 1816 ludos
1489 1797 1562 1817 esse
1573 1787 1725 1827 dicebat,

1018 1837 1027 1852 ‘
1047 1845 1128 1876 quos
1156 1845 1218 1866 uec
1244 1842 1435 1876 spectasset
1458 1838 1643 1879 quisquam,
1662 1849 1724 1870 nec

1019 1892 1235 1924 spectaturus
1258 1887 1370 1918 esset)
1403 1887 1537 1919 Herm'd.
1584 1889 1722 1920 Romano

1024 1936 1166 1976 Ter-ento]
1191 1938 1269 1968 Nou
1287 1944 1412 1968 temere
1429 1939 1555 1978 adjecit
1572 1940 1580 1956 ‘
1601 1941 1722 1971 Roma-

1021 1996 1063 2016 no
1078 1987 1097 2017 2’
1122 1993 1173 2017 est
1191 1988 1278 2018 euim
1301 1989 1484 2018 Tarentum
1514 1989 1596 2019 alias
1615 1990 1647 2020 in
1665 2000 1721 2020 ex-

1020 2042 1130 2067 trema
1158 2038 1303 2077 Iapygia
1330 2038 1450 2068 nobilis
1476 2039 1608 2070 civitas.
1654 2039 1720 2070 Hic

1021 2095 1133 2119 autem
1159 2089 1249 2119 locus
1274 2090 1304 2119 in
1335 2089 1463 2129 Campo
1495 2090 1632 2130 Martio,
1664 2092 1720 2122 ubi

1020 2149 1078 2170 ara
1094 2140 1186 2169 Ditis
1204 2144 1292 2178 erat,
1317 2141 1499 2170 Tarentum
1528 2141 1581 2171 vei
1596 2142 1721 2172 Teren-

1020 2196 1090 2220 tum
1130 2190 1378 2228 nominabatur,
1417 2191 1506 2231 quod
1539 2201 1598 2221 ara
1627 2193 1721 2223 Ditis

1018 2239 1123 2280 patris
1141 2239 1173 2269 in
1193 2245 1284 2271 terra
1299 2241 1543 2279 occultaretur,
1556 2247 1614 2273 aut
1631 2244 1721 2283 quod

1018 2289 1060 2320 ad
1086 2291 1190 2329 ripam
1209 2291 1342 2321 Tiberis
1370 2289 1402 2321 fl.
1431 2297 1556 2322 terram
1583 2302 1622 2323 eo
1647 2294 1720 2325 loco

1019 2344 1158 2370 tereret.
1211 2340 1297 2380 Visa]
1337 2341 1470 2381 Lipsius
1508 2343 1593 2383 legit
1627 2344 1719 2383 vitto,

1018 2394 1070 2422 26.
1087 2393 1152 2431 Ep.
1169 2395 1198 2424 3.
1226 2394 1366 2425 Centur.
1389 2400 1425 2425 et
1450 2394 1557 2425 refert
1585 2395 1626 2425 ad
1642 2405 1720 2426 con-

1014 2442 1156 2483 jugium.
1204 2444 1307 2475 Binos
1323 2446 1518 2485 saeculares,
1533 2445 1655 2485 inquit,
1674 2446 1719 2476 vi-

1019 2494 1053 2524 di
1072 2500 1191 2534 nupta,
1205 2501 1238 2525 et
1254 2506 1376 2535 pueros
1395 2497 1523 2537 peperi.
1548 2498 1718 2529 Matronae

1018 2545 1106 2576 enim
1126 2546 1227 2576 vittas
1245 2548 1422 2587 gerebant.

1061 2599 1080 2626 4
1109 2597 1151 2626 Et
1168 2597 1340 2638 uilzz‘l,3sc.]
1378 2599 1421 2629 Et
1449 2598 1520 2629 vita
1546 2599 1625 2630 mihi
1644 2609 1715 2639 per-

1019 2646 1142 2676 mansit
1155 2646 1285 2678 sincere
1299 2647 1382 2678 felix
1397 2648 1438 2678 ad
1457 2648 1583 2679 exitum
1602 2659 1719 2690 usque.

1062 2701 1078 2726 5
1103 2697 1201 2737 szo]
1240 2698 1325 2730 Quae
1342 2698 1507 2738 praesidet
1520 2700 1720 2739 puerperiis,

1021 2746 1162 2778 Lucina.
