1866 3131
433 171 482 199 M.
518 170 624 199 VAL.
660 169 932 199 MAR'ri'AiAs
969 171 1128 201 ffl’iGR.
1163 170 1258 200 LIB.
1283 171 1334 200 11.

202 266 239 294 17
263 263 379 303 Lepida
403 263 606 303 procacitate]
635 262 849 296 Jocularibus

157 314 267 353 dictis,
278 313 424 351 facetiis,
436 315 637 345 scommatis·

201 368 239 395 18
263 364 383 404 Laxat]
408 364 547 395 Pandit.
576 365 755 404 Perspicuo,
781 363 850 404 ξω]

156 416 205 446 Ut
221 420 407 456 appareant
420 415 551 446 dentes.

201 468 239 497 19
252 466 386 503 Moestoe,
399 464 468 504 Sym]
480 465 696 496 Generaliter
706 465 853 505 lugenti-

155 517 216 547 bus
233 516 394 555 assidere,
410 517 462 547 vel
478 521 649 556 spectare,
668 515 851 558 audireque

156 577 221 599 non
238 567 404 608 jocularia
434 571 469 598 et
484 567 627 598 ridicula
641 571 852 607 argumenta,

156 619 213 649 sed
227 618 344 658 gravia
357 622 457 658 atque
472 617 596 655 tristia,
609 622 647 647 ut
659 617 852 657 tragoedias,

155 669 188 699 in
216 669 335 709 quibus
362 667 503 698 Hecuba
530 668 584 697 vel
620 667 731 698 Niobe
757 668 851 707 luget

153 717 252 757 filios,
261 717 495 750 Andromache
505 718 625 755 virum,
634 717 772 749 Electra
783 716 850 748 fra-

157 774 256 807 trem,
277 770 339 799 δερ.

197 821 237 849 23
262 819 369 858 Plora,
393 817 461 858 Esou]
485 818 597 849 Multo
625 817 714 849 enim
745 818 849 857 magis

157 878 190 902 te
208 871 332 902 decent
355 871 512 912 lacrymae
533 880 631 911 quam
649 872 748 901 risus.
794 870 849 900 In-

155 922 257 952 vertit
296 931 429 952 versum
467 921 610 961 primum
644 921 743 960 hujus
778 920 849 960 epi-

153 971 362 1011 grammatis.

194 1022 298 1052 Eme.
330 1031 418 1053 xnu.
456 1022 495 1052 In
533 1021 672 1061 Zoilum]
716 1021 848 1052 Zoilum

151 1082 308 1112 spurcum
339 1071 532 1103 fellatorem
561 1076 670 1112 notat,
698 1072 787 1113 quod
814 1073 848 1103 in

151 1122 232 1153 solio
250 1122 404 1162 podicem
416 1122 643 1162 demergeret,
656 1123 757 1164 idque
770 1133 848 1154 con-

152 1174 241 1204 sulto
272 1179 307 1204 et
337 1179 598 1213 conspurcaret3
622 1173 849 1214 admonetque

151 1229 188 1254 ut
199 1228 303 1264 caput
319 1229 461 1263 mergat,
475 1234 540 1264 quo
554 1223 627 1263 fiat,
640 1228 678 1255 ut
693 1225 848 1264 spurcius

152 1274 318 1305 reddatur
335 1275 466 1306 solium.
513 1275 667 1306 Ramires.

193 1328 209 1356 1
234 1325 364 1364 Solium,
378 1325 447 1365 θα]
464 1325 533 1356 Vas
547 1325 581 1356 in
594 1335 658 1366 quo
671 1324 849 1356 lavabatur

153 1375 294 1416 genibus
322 1374 420 1406 flexis
450 1379 486 1406 et
513 1376 547 1406 in
578 1374 684 1407 fundo
715 1376 846 1416 positis,

150 1435 237 1466 aqua
281 1425 325 1456 ad
372 1425 568 1457 umbilicum
614 1425 845 1466 pertingente.

150 1476 279 1516 Perdis]
303 1476 538 1517 Conspurcas;
569 1476 648 1508 vide
671 1478 777 1517 epigr.
793 1480 846 1509 81.

150 1526 171 1556 1.
191 1529 223 1557 6.

192 1580 212 1607 2
236 1576 395 1617 Spurcius,
420 1576 489 1616 Esau]
521 1577 675 1618 Namque
703 1577 766 1609 tibi
794 1579 844 1609 ori

148 1627 370 1667 morigeranti
407 1633 442 1658 et
477 1627 685 1668 φοινικίζοντι,
721 1637 757 1660 os
794 1634 846 1660 est

149 1677 302 1717 spurcius
318 1686 426 1717 quam,
441 1679 505 1708 διο.

193 1728 297 1759 EPIG.
313 1737 418 1759 xmu.
441 1729 481 1759 In
508 1729 696 1769 Candidum]
721 1729 844 1760 Candi-

149 1777 228 1808 dum
252 1778 430 1819 quemdam
456 1779 630 1819 magnifice
660 1780 843 1811 liberalita-

150 1834 217 1859 tem
252 1839 346 1861 suam
374 1829 580 1869 laudantem,
617 1831 696 1860 nihil
730 1836 844 1861 autem

148 1878 262 1910 amicis
275 1878 588 1919 largientem‚taxat
599 1880 820 1911 urbanissime
834 1890 843 1919 ;

147 1933 183 1959 et
211 1929 313 1960 docet
338 1929 574 1962 distributione
600 1931 763 1972 eleganti,
778 1941 843 1962 non

147 1988 218 2010 esse
235 1979 321 2010 bona
337 1980 483 2011 Candidi
498 1981 611 2012 amicis
633 1981 844 2019 communia3

148 2035 184 2061 et
213 2032 432 2062 contentione
458 2031 551 2062 facta
581 2032 670 2063 inter
699 2032 843 2064 Candidi

147 2082 357 2121 opulentiam
371 2088 406 2113 et
420 2092 510 2113 suam
525 2087 775 2122 paupertatem,
791 2093 841 2114 os-

147 2131 258 2162 tendit
274 2142 349 2163 eum
372 2133 474 2164 verbo
498 2138 608 2171 tenus,
631 2142 697 2164 non
722 2142 841 2173 reapse

147 2191 222 2213 esse
239 2183 422 2214 liberalem.
470 2183 671 2214 Ramiresius.

192 2236 208 2263 1
234 2234 340 2272 Κοινὰ,
356 2235 436 2276 &c.]
456 2235 541 2267 Haec
559 2241 636 2267 sunt
654 2241 712 2267 tua
726 2237 842 2277 verba,

147 2283 210 2314 tibi
227 2294 359 2325 semper
383 2286 417 2316 in
435 2295 504 2317 ore.
551 2288 559 2304 ‘
578 2286 701 2318 Omnia
722 2288 842 2318 amico-

147 2344 219 2365 rum
232 2336 443 2376 communia‚’
461 2346 480 2367 a
495 2336 693 2378 Pythagora
709 2347 767 2369 seu
781 2338 840 2370 So-

150 2390 244 2416 crate
266 2386 417 2417 authore.

190 2439 208 2467 3
222 2437 300 2467 Loca
316 2436 442 2477 Galeso]
455 2436 485 2468 A
501 2436 627 2469 fullone
641 2439 733 2470 eluta
747 2438 841 2479 (vide

144 2488 238 2528 Lips.
262 2487 370 2518 Elect.
396 2488 417 2517 l.
438 2490 464 2519 1.
494 2488 605 2529 c.13.)
629 2493 708 2529 toga
724 2498 766 2520 ex
782 2498 842 2530 op-

146 2541 228 2571 tima
244 2541 320 2571 lana
333 2540 534 2581 Tarentina,
550 2543 602 2573 vel
618 2552 637 2573 e
662 2543 841 2575 velleribus

146 2591 236 2628 lotis,
248 2596 307 2621 aut
323 2591 432 2621 ovium
443 2593 587 2623 lotarum
601 2598 841 2635 pastarumque

143 2640 185 2670 ad
204 2640 364 2671 Galesum
380 2640 414 2672 fl.
429 2652 534 2682 prope
549 2644 730 2675 Tarentum
746 2653 766 2674 a
778 2645 840 2675 La-

146 2691 284 2722 conibus
303 2690 388 2722 duce
404 2691 570 2724 Phalanto
587 2694 760 2726 conditum
782 2704 840 2725 seu

148 2748 306 2772 auctum:
332 2743 385 2774 cui
412 2741 446 2773 fl.
474 2744 591 2774 eadem
619 2750 740 2775 natura
764 2755 838 2785 quat

1489 161 1600 203 1149

900 263 992 293 Baeti
1003 272 1062 293 seu
1074 263 1256 296 Clitumno.
1268 264 1599 297 Juven.12.Sat.41.

901 318 936 343 et
952 316 1003 343 13.

943 366 962 394 4
987 364 1107 394 Parma
1132 364 1232 404 dedit]
1266 366 1315 396 Fl.
1343 365 1432 396 unde
1463 370 1499 396 et
1526 366 1599 396 urbi

902 422 1023 444 nomen
1037 413 1070 443 in
1086 413 1198 444 Gallia
1213 415 1405 455 Cispadane.
1421 416 1600 448 velleribus

902 469 937 494 et
953 472 1053 494 caseo
1068 463 1182 504 clarae,
1198 465 1305 505 epigr.
1316 468 1366 497 31.
1383 466 1405 499 l.
1418 470 1450 497 6.

944 516 961 543 5
985 513 1031 544 At
1051 523 1098 544 me
1117 524 1197 554 quoe,
1220 514 1289 554 Ssc.]
1313 514 1361 546 At
1383 515 1463 546 mihi
1490 520 1601 546 vestes

901 563 986 595 viles
1009 569 1045 594 et
1077 573 1250 604 pannosae,
1267 565 1385 605 quales
1416 570 1495 597 sunt
1517 566 1600 606 pila-

902 626 974 647 rum
987 615 1178 647 furibundis
1192 614 1408 657 efferatisque
1426 618 1532 648 tauris
1544 617 1602 648 ob-

897 666 1095 706 jectarum:
1126 666 1169 697 de
1197 666 1318 707 quibus
1351 666 1429 697 vide
1452 677 1529 708 quae
1558 668 1597 698 ad

902 718 1102 759 epigramm.
1120 721 1171 749 19.
1196 719 1253 749 lib.
1270 719 1387 759 Spect.

921 771 942 799 6
965 769 1127 808 Noluerit,
1148 769 1217 809 ξω]
1242 770 1388 801 Viliores
1414 781 1493 803 sane
1522 778 1601 804 sunt

902 829 1013 850 vesies
1039 829 1251 861 meae,quam
1265 821 1386 861 quibus
1413 822 1600 854 induuntur

900 870 976 910 pilae
1007 870 1220 910 compitales,
1238 881 1313 911 quae
1331 872 1373 903 ad
1385 871 1529 913 effigiem
1546 874 1603 904 liu-

901 930 1033 951 manam
1056 920 1159 952 factae
1175 922 1427 961 suspenduntur
1459 923 1533 954 Diis
1551 925 1601 954 in-

900 969 984 1001 feris
1022 971 1145 1002 votivae
1181 972 1214 1002 iu
1246 973 1417 1013 compitis.
1468 974 1599 1007 Quibus

901 1021 988 1060 Diis,
1009 1025 1060 1051 tot
1081 1021 1154 1062 pili,
1175 1027 1257 1062 quot
1272 1023 1385 1063 capita
1406 1023 1603 1064 liberorum,

900 1080 1086 1110 servorum,
1116 1072 1294 1103 mulierum
1324 1073 1419 1105 circa
1454 1076 1603 1116 compita

900 1120 1113 1162 habitabant,
1130 1123 1365 1163 ponebantur3
1382 1129 1418 1155 ut
1431 1131 1545 1156 essent
1559 1127 1601 1156 iis

901 1172 978 1212 pilis
1005 1178 1039 1203 et
1056 1174 1246 1205 simulacris
1264 1176 1433 1215 contenti,
1447 1177 1599 1218 vivisque

900 1229 1094 1263 parcerent.
1155 1225 1262 1256 Hisce
1296 1236 1375 1257 vero
1402 1227 1601 1268 imaginibus

900 1274 1023 1305 nullius
1037 1275 1172 1306 omnino
1190 1277 1292 1316 pretii
1317 1282 1430 1309 vestes
1454 1278 1599 1309 circum-

900 1324 1138 1364 ponebantur3
1177 1335 1239 1366 pro
1276 1326 1356 1358 inde
1390 1327 1599 1367 ‘pannosas’

899 1375 1003 1406 etiam
1036 1376 1239 1418 quandoque
1276 1377 1447 1410 Martialis
1470 1378 1599 1418 ‘pilas'

899 1431 1014 1458 vocat.
1060 1427 1174 1458 Prima
1188 1427 1291 1469 suam]
1316 1428 1517 1469 Compitalis
1543 1429 1601 1460 illa

898 1476 1059 1508 theatrali
1073 1477 1186 1517 prior;
1202 1479 1255 1509 vel
1272 1479 1306 1509 in
1318 1479 1437 1510 ordine
1454 1480 1599 1520 pilarum

896 1527 1019 1567 prima,
1045 1528 1098 1559 vel
1115 1538 1157 1560 ex
1173 1529 1213 1560 iis
1227 1529 1368 1570 optima.
1412 1529 1468 1562 Ab
1481 1531 1597 1562 harum

897 1577 986 1608 enim
1010 1578 1153 1618 pilarum
1181 1580 1417 1620 compitalium
1444 1581 1600 1613 similitu-

896 1627 988 1666 dine,
1011 1629 1106 1668 quasi
1127 1630 1286 1661 secundae
1303 1630 1504 1670 prodierunt
1518 1631 1598 1663 feris

895 1679 1050 1719 objectae.
1094 1681 1177 1712 Tum
1196 1681 1313 1721 primae
1330 1682 1444 1723 dietae,
1468 1684 1546 1723 quia
1563 1685 1597 1714 in

895 1729 1072 1769 principiis
1097 1731 1237 1769 viarum,
1261 1731 1324 1762 hoc
1350 1737 1415 1772 est,
1440 1733 1598 1774 compitis

896 1779 1120 1818 ponebantur.
1143 1781 1410 1823 Secundae‚quae
1435 1782 1516 1814 feris
1535 1784 1596 1815 ob-

889 1828 1198 1872 jiciebantnr‚quae
1210 1832 1393 1873 primulum
1406 1836 1593 1867 estramine

894 1878 1034 1911 fiebant.
1061 1880 1145 1913 Rad.

937 1932 956 1960 7
982 1930 1076 1961 Misit
1102 1931 1293 1971 Agenoreas,
1322 1934 1391 1974 isc]
1415 1935 1494 1968 Tibi
1517 1946 1593 1976 pur-

895 1989 1012 2020 pureae
1039 1981 1184 2014 lacernae
1212 1993 1230 2014 a
1245 1984 1334 2025 Tyro
1351 1991 1494 2026 regnata
1510 1988 1594 2018 Cad-

895 2041 962 2069 mo,
988 2030 1058 2062 filio
1074 2032 1251 2073 Agenoris.

937 2085 957 2112 S
983 2082 1125 2121 Coccina,
1139 2084 1208 2124 ἄη]
1223 2085 1357 2116 Ironice
1374 2096 1502 2127 pannos
1518 2098 1593 2119 suos

895 2137 993 2163 vocat
1010 2133 1187 2165 coccineas
1199 2136 1351 2168 lacernas
1365 2147 1373 2168 :
1390 2147 1475 2178 quas
1488 2146 1593 2179 negat

893 2184 1005 2214 valere
1018 2188 1088 2215 tres
1103 2187 1292 2218 sestertios.

935 2237 955 2264 9
984 2234 1029 2264 Tu
1058 2234 1200 2276 Libycos,
1224 2238 1292 2278 ξω]
1323 2238 1404 2268 Tuae
1436 2240 1589 2272 rotundae

892 2293 1019 2315 mensae
1043 2285 1159 2316 citreae
1178 2296 1197 2317 e
1221 2287 1429 2319 Mauritania
1456 2290 1589 2330 petitae,

893 2335 944 2365 vel
962 2344 980 2365 e
1002 2345 1170 2366 marmore
1194 2335 1358 2368 Africano
1380 2339 1590 2371 sustinentur

893 2385 1036 2426 pedibus
1067 2385 1238 2426 eburneis,
1265 2396 1282 2417 e
1316 2387 1419 2419 dente
1456 2389 1591 2422 scilicet

893 2436 1150 2477 elephantorum
1179 2436 1351 2469 Indorum.
1394 2439 1517 2471 Juven.
1536 2444 1589 2472 11.

894 2489 967 2518 121.
1003 2487 1111 2517 ‘latos
1150 2488 1293 2518 sustinet
1317 2487 1416 2520 orbes
1449 2489 1588 2522 Grande

893 2537 999 2568 ebur.'
1057 2537 1224 2568 Lucianus
1257 2538 1291 2569 in
1326 2539 1448 2580 Ὀνείρῳ
1488 2547 1589 2572 vocat

892 2587 1048 2627 τραπέζας
1077 2588 1326 2628 ἐλεφαντίποδας.
1370 2591 1457 2621 Vide
1486 2592 1507 2622 l.
1536 2595 1587 2624 14.

893 2640 999 2680 epigr.
1016 2643 1070 2672 59.
1093 2645 1127 2670 et
1144 2643 1197 2671 91.
1241 2641 1424 2682 Suspendis]
1439 2644 1584 2684 Suspen-

893 2690 973 2720 dere
1004 2691 1056 2721 hic
1084 2697 1136 2722 est
1166 2690 1298 2731 fulcire,
1324 2697 1358 2723 et
1379 2704 1420 2724 ea
1437 2703 1511 2735 quae
1538 2696 1585 2725 sic

892 2742 977 2773 t'ulta
992 2747 1070 2773 sunt
1086 2742 1233 2783 pendere
1249 2744 1414 2776 dicuutur.
