1866 3131
366 194 414 221 M.
447 192 557 221 VAL·
590 188 864 220 MAR'rtAtAS
896 188 1056 219 EPIGR.
1091 189 1186 219 [ΑΒ.
1219 188 1325 218 v111.

123 291 213 318 runt.
273 287 420 327 Reposui
445 292 559 318 autem
584 287 701 326 dicant,
727 285 816 326 quod

123 343 277 368 votorum
293 337 433 368 verbum
449 342 538 368 esset
552 338 703 375 solenne,
725 337 734 353 ‘
751 336 818 374 Do,

123 386 266 418 dedico)
315 388 360 418 Et
387 388 534 428 reposui,
559 390 622 417 tres
650 388 713 418 tria
737 387 816 416 dona

120 438 242 469 trihus.-
275 444 313 469 ut
343 447 555 479 unaquaeque
585 438 692 468 tribus
720 447 815 468 snum

120 491 245 521 donum
261 490 441 522 dedicarit.
466 490 631 521 Dorleans.

161 544 181 571 6
201 541 266 572 Nec
278 542 389 580 minor,
404 541 472 581 ζα]
497 541 596 573 Quod
611 551 685 572 cum
701 540 814 571 licuis-

116 598 168 621 set
178 592 309 631 justum
322 601 422 631 agere
436 592 653 632 triumphum,
666 592 813 621 lauream

118 647 249 672 tantum
274 642 351 674 Jovi
377 641 569 681 Capitolino
584 641 701 671 maluit
714 639 814 671 infer-

117 701 164 722 re.
212 692 289 731 Vel,
311 697 349 723 ut
374 691 525 724 Raderus
550 691 712 731 exponit:
738 691 812 722 Nec

115 745 224 774 minus
249 743 392 775 celebris
420 744 491 773 ltaec
516 747 574 773 tua
597 742 663 772 erit
684 742 811 781 laurea,

116 804 182 834 qua
208 803 324 834 pacem
344 794 469 834 populo
485 794 637 824 Romano
653 793 812 832 attulisti,

115 854 153 875 ac
171 845 197 874 si
214 844 581 885 magnificentissimum
605 843 809 884 triumphum

115 896 254 935 egisses.

155 949 173 976 7
193 948 281 981 Quod
297 945 491 986 midas-a]
509 947 616 978 Quam
633 945 719 976 bene
734 955 809 976 sen-

112 995 156 1027 tis
183 996 225 1027 de
249 997 378 1028 civibus
406 998 484 1036 tuis,
509 1007 609 1038 quum
635 996 745 1027 credis
772 1000 807 1027 te

110 1055 177 1076 non
205 1047 334 1078 minore
362 1047 586 1078 admiratione
617 1046 690 1077 fore
716 1047 808 1087 apud

111 1101 198 1135 tuos,
215 1096 332 1127 laurea
348 1101 478 1128 tantum
496 1099 616 1136 relata,
634 1107 672 1127 ac
691 1098 717 1127 si
735 1098 805 1137 ple-

107 1157 185 1178 num
197 1148 402 1189 triumphum
414 1148 560 1189 egisses?
577 1148 706 1179 sciebas
717 1148 806 1178 enim

109 1199 189 1240 qnid
207 1199 249 1229 de
265 1204 298 1230 te
316 1199 423 1229 Roma
438 1199 591 1229 sentiret.

151 1254 170 1282 8
194 1252 293 1282 Nosse
306 1250 389 1290 suos]
412 1249 603 1280 Benevolos
627 1249 753 1279 animos
770 1251 807 1280 et

108 1311 253 1332 amorem
279 1301 490 1332 subditorum
516 1310 649 1331 suorum
669 1309 750 1341 erga
769 1309 805 1331 se

104 1357 247 1392 propter
262 1352 347 1382 bene
363 1350 484 1382 merita
500 1359 697 1389 agnoscere.

149 1402 254 1434 Eme,
271 1411 346 1433 xvt.
370 1404 390 1432 2
414 1402 505 1432 Nunc
519 1411 626 1432 causas
639 1402 720 1440 agis,
734 1399 806 1440 Era]

107 1454 193 1485 Nam
220 1452 302 1484 facis
326 1461 459 1493 panem,
486 1452 564 1482 dum
585 1461 705 1482 causas
722 1451 805 1491 agis,

105 1510 141 1535 et
165 1504 315 1535 ducenta
336 1503 474 1544 quaeris,
498 1512 571 1543 quae
596 1501 658 1532 tibi
683 1508 804 1532 contra.

104 1555 380 1595 legemCinciam,
388 1555 469 1585 licet
479 1553 659 1589 immerito,
670 1552 802 1583 solvun-

106 1613 172 1637 tur.
220 1606 316 1637 Facis
334 1607 436 1636 etiam
459 1603 614 1640 farinam,
629 1603 707 1633 dnm
725 1611 802 1633 con-

103 1658 204 1688 sumis
221 1657 309 1697 quod
324 1657 411 1687 male
427 1655 621 1697 quaesivisti.
651 1655 738 1685 Nam
753 1653 802 1684 fa·

102 1709 188 1746 rina,
207 1707 286 1737 dnm
302 1711 471 1745 saccatur,
486 1703 605 1736 defluit
622 1710 657 1735 et
675 1714 733 1744 per
750 1703 799 1735 fo-

103 1758 234 1788 ramina
250 1757 398 1788 labitur:
424 1756 483 1795 ita,
499 1755 586 1796 quod
605 1754 691 1785 male
709 1764 799 1794 quae—

102 1810 193 1847 sivit,
219 1808 420 1849 deperditur
445 1812 479 1837 et
505 1805 691 1836 evanescit.
715 1805 797 1835 Dor-

100 1862 195 1890 leans.
239 1858 452 1896 Opnlescere
468 1859 516 1888 vis
531 1863 565 1888 et
588 1867 657 1887 rem
683 1855 798 1886 facere

102 1920 144 1940 ex
161 1909 287 1940 causis:
309 1907 367 1939 sed
382 1907 466 1938 nihil
482 1906 543 1938 tibi
560 1906 691 1938 felicius
709 1915 795 1937 nunc

100 1961 193 1992 cedit
211 1959 334 1999 forum,
356 1968 454 2000 quam
476 1957 575 1989 modo
593 1957 770 1997 pistrinum
786 1967 794 1987 ε

99 2021 255 2052 namque,
279 2015 318 2042 ut
334 2009 380 2041 ibi
396 2008 536 2040 farinam
554 2009 723 2049 pinsebas,
739 2007 795 2037 de-

98 2062 176 2092 inde
193 2070 315 2102 panem
331 2059 550 2098 conficiehas,
573 2068 591 2090 e
609 2061 703 2099 quus
721 2068 796 2099 pre-

99 2113 146 2143 tio
164 2121 274 2142 rursus
291 2110 433 2141 farinam
450 2110 669 2150 comparasti,
693 2115 795 2150 atque

98 2163 184 2193 adeo
206 2164 238 2193 in
255 2162 416 2193 circulum
433 2161 590 2192 laborans
608 2159 745 2191 vivebas
760 2160 795 2189 in

98 2214 186 2244 diem
202 2224 209 2251 ;
233 2214 281 2244 ita
295 2213 350 2244 hic
367 2212 505 2254 quaeris,
530 2211 652 2242 deinde
675 2220 794 2242 consu-

99 2265 173 2301 mis,
189 2273 304 2294 rursus
321 2263 495 2301 mutuaris,
511 2266 575 2293 &m

142 2315 245 2344 Epio.
273 2322 365 2343 xvii.
400 2313 482 2343 Plus
508 2312 571 2342 sibi
599 2312 717 2342 deberi
745 2311 794 2342 ait

98 2364 267 2395 Martialis
283 2363 326 2393 ob
346 2363 498 2392 amissam
515 2371 677 2401 caussam,
693 2371 792 2402 qnam

96 2414 270 2444 obtentam
286 2423 293 2442 z
329 2411 417 2452 quia,
443 2411 564 2452 inquit,
591 2417 648 2442 tua
675 2421 793 2441 caussa

96 2463 229 2500 erubui,
246 2462 335 2503 qnod
359 2463 489 2501 gravius
506 2467 571 2499 est,
588 2462 727 2501 quamsi
747 2463 791 2491 vi-

94 2515 227 2553 cissem,
243 2519 277 2543 et
294 2512 432 2542 fuissem
448 2513 600 2543 laudibus
614 2518 790 2544 mactatus.

94 2565 178 2594 Rufi.

138 2617 156 2644 3
175 2613 327 2644 Narrasti
341 2612 430 2652 nihil,
443 2611 511 2652 δῖα]
528 2612 621 2644 Dicis
634 2622 688 2645 me
704 2614 790 2645 male

93 2665 202 2704 egisse
218 2670 252 2694 et
268 2672 417 2694 caussam
431 2663 629 2704 prodidisse.

137 2718 154 2746 4
175 2715 274 2746 'I'unto
288 2715 356 2755 plus
370 2714 469 2754 debes,
483 2714 551 2754 δμκ]
575 2715 616 2746 In
630 2715 786 2747 solatium

1458 179 1570 220 1303

855 283 1033 315 dedecoris
1048 285 1111 315 mei
1126 290 1161 316 et
1174 286 1321 325 Jacturae
1332 282 1447 323 famae,
1461 293 1570 326 quam

869 344 910 365 ex
926 344 1044 366 caussa
1061 340 1119 366 tua
1136 335 1293 366 sustinui.

912 385 1016 416 Eme.
1033 394 1144 416 xvnt.
1172 388 1186 415 l
1206 386 1258 416 Sic
1273 385 1342 425 tua]
1360 385 1531 417 Gruterus
1548 396 1566 417 e

867 436 950 467 Mss.
967 436 1022 467 ubi
1039 441 1075 467 et
1087 446 1146 466 nos
1162 436 1362 475 invenimus,
1378 436 1416 467 Si
1431 440 1484 468 tua
1496 447 1507 468 .·
1531 443 1567 469 et

866 497 938 528 seq.
970 497 1017 518 VS.
1045 487 1100 518 Vec
1123 497 1251 526 mecum,
1279 492 1314 518 et
1339 491 1439 518 sexto
1466 497 1565 518 versu

864 538 945 577 legit
961 538 1148 577 nvsset‚lioc
1163 547 1282 568 sensu:
1308 538 1341 568 Si
1369 543 1419 577 tu,
1440 538 1564 579 inquit,

864 587 1058 628 publicares
1081 588 1339 628 Epigrammata
1357 593 1428 628 tua,
1451 589 1504 620 vel
1520 599 1564 620 ae-

864 648 929 679 que
945 648 1102 679 magnum
1119 648 1240 669 nomen
1258 639 1288 669 in
1304 648 1344 670 eo
1369 648 1492 678 genere
1515 644 1565 671 at—

863 699 927 730 que
950 700 1013 729 ego
1040 694 1241 720 consecutus
1268 698 1354 726 sum,
1379 690 1433 720 vel
1459 690 1564 730 majus

863 740 964 771 etiam
980 749 1207 780 comparares.
1251 739 1320 770 Sed
1338 745 1374 770 tu
1389 749 1442 770 me
1459 740 1508 772 sic
1530 751 1563 772 a·

862 801 947 830 mas,
963 797 1000 823 ut
1016 791 1078 822 tibi
1098 791 1160 831 ipsi
1182 791 1227 821 sis
1252 791 1400 832 iniquus,
1423 795 1461 823 ut
1485 801 1564 832 pre-

861 851 932 872 mas
947 847 1062 879 tua‚et
1077 842 1153 872 mihi
1166 841 1227 872 soli
1242 851 1314 872 eam
1325 841 1449 872 famam
1463 844 1562 873 relin-

860 902 961 933 quas;
985 894 1032 923 ita
1057 893 1165 932 major
1189 901 1275 930 sum,
1299 891 1378 932 quia
1394 896 1428 922 te
1445 901 1560 932 parem

861 952 935 974 esse
963 942 1151 983 ignoratur.
1197 943 1206 958 ‘
1222 942 1350 973 Nosset
1378 951 1541 983 superare
1555 942 1563 954 ’

859 994 961 1024 etiam
977 993 1180 1034 exquisitum
1196 998 1271 1023 est:
1295 992 1417 1032 virgil.
1443 994 1477 1024 in
1494 993 1560 1024 Cu-

859 1045 946 1075 lice:
970 1046 979 1061 ⁴
993 1045 1124 1084 Dignus
1141 1053 1234 1075 amor
1247 1043 1356 1082 venia,
1373 1053 1515 1083 parvum
1532 1045 1559 1074 si

857 1096 1003 1126 Tartara
1019 1100 1158 1127 nossent
1172 1095 1358 1126 Peccatum
1370 1094 1561 1135 ignovisse!

859 1148 996 1179 Gronov.

898 1201 918 1229 2
947 1198 1002 1229 Vel
1020 1207 1146 1236 mecum,
1163 1197 1234 1237 Esau]
1259 1198 1396 1229 Bonane
1421 1198 1495 1230 haec
1521 1198 1558 1230 fi-

856 1248 922 1279 de?
946 1258 987 1278 an
1011 1248 1160 1279 ironice?
1189 1248 1323 1279 videtur
1348 1257 1427 1280 sane
1454 1255 1490 1280 et
1514 1259 1558 1281 ex

856 1299 979 1337 animo,
1013 1302 1159 1337 propter
1188 1297 1383 1337 exemplum
1410 1298 1557 1339 Virgilii.

856 1349 954 1379 Prior
979 1348 1045 1388 ipse
1068 1347 1144 1388 legi]
1178 1347 1303 1388 Majori
1330 1347 1431 1379 laude
1457 1357 1556 1389 quam

856 1409 931 1440 ego.

898 1453 917 1481 3
942 1450 1004 1480 Sed
1021 1449 1078 1480 tibi
1094 1452 1214 1489 tantus,
1236 1448 1303 1489 lya]
1327 1448 1403 1481 Hac
1425 1449 1556 1481 modes-

856 1500 904 1531 tia
920 1506 955 1531 et
971 1500 1122 1531 amicitia
1135 1500 1293 1530 inductus
1305 1499 1469 1540 Virgilius
1484 1509 1555 1530 ces-

855 1552 898 1582 sit
911 1552 1056 1583 Horatio
1072 1551 1168 1592 lyrici
1186 1550 1343 1582 carminis
1360 1550 1506 1590 laudem,
1521 1555 1557 1582 et

854 1602 958 1632 Vario
984 1602 1073 1642 epici
1099 1602 1272 1638 carminis,
1297 1601 1350 1632 vel
1375 1601 1552 1642 tragoediae

854 1651 1013 1691 gloriam:
1039 1660 1115 1681 cum
1137 1651 1230 1681 illum
1252 1650 1447 1681 Pindaricae
1471 1651 1553 1691 lyrae

853 1701 974 1740 modis,
985 1701 1073 1731 hunc
1085 1700 1266 1740 Sophoctei
1278 1701 1436 1731 cothurni
1453 1701 1555 1731 subli-

852 1752 973 1782 mitate
990 1751 1110 1782 vicisse
1127 1750 1251 1791 potuit.
1292 1750 1433 1780 Varium
1450 1751 1554 1792 siqui-

851 1802 979 1832 demut
993 1802 1126 1841 epicum
1140 1805 1174 1831 et
1191 1799 1332 1831 Maeonii
1348 1800 1437 1831 alitis
1450 1811 1555 1832 aemu-

851 1853 919 1883 lum
936 1852 1029 1883 canit
1044 1851 1206 1882 Horatius
1223 1849 1300 1882 Ode
1314 1853 1346 1880 6.
1368 1850 1424 1882 lib.
1450 1854 1479 1882 l.
1503 1851 1553 1882 ita

853 1904 944 1934 Varii
975 1902 1176 1943 tragoediam
1210 1901 1381 1941 Thyesten
1409 1900 1552 1932 cuilibet

849 1954 1050 1985 Graecorum
1066 1957 1243 1993 comparat
1260 1951 1405 1984 Quintil.
1422 1950 1482 1982 lib.
1500 1954 1551 1982 10.

850 2015 926 2045 cap.
946 2007 976 2036 1.

891 2058 911 2086 9
934 2056 1067 2092 Aurum,
1082 2053 1151 2093 Σςα]
1191 2052 1301 2084 Censu
1329 2060 1365 2082 se
1391 2051 1465 2083 aliis
1492 2051 1550 2082 ha-

848 2105 920 2137 beri
936 2104 1114 2135 inferiores
1132 2102 1245 2133 ferunt
1261 2111 1326 2133 non
1343 2101 1462 2142 pauci:
1488 2102 1547 2132 sed

847 2166 944 2187 nemo
961 2155 1032 2186 fere
1048 2159 1101 2185 est
1115 2154 1171 2195 qui
1188 2163 1224 2183 se
1242 2153 1352 2184 altero
1373 2151 1481 2182 minus
1499 2152 1547 2182 in-

846 2208 1019 2248 geniosum
1036 2204 1136 2235 fateri
1152 2203 1247 2235 velit.

890 2257 993 2293 Eme.
1007 2264 1088 2286 xtx.
1114 2254 1221 2285 Cinna
1236 2253 1292 2284 hic
1306 2262 1384 2283 vere
1401 2261 1546 2292 pauper,

845 2307 938 2349 quasi
968 2304 1198 2336 dissimularet
1228 2312 1324 2342 opeS‚
1352 2302 1548 2333 ostentabat

845 2367 988 2400 pannos,
1005 2361 1040 2387 et
1058 2358 1296 2396 paupertatem
1318 2362 1422 2392 nsque
1434 2352 1546 2392 jacta-

844 2410 915 2447 bat,
931 2413 969 2438 ut
985 2405 1081 2437 stulti
1097 2409 1133 2435 et
1148 2403 1234 2434 ebrii
1250 2403 1408 2434 simulare
1427 2402 1543 2433 volunt

844 2470 911 2490 non
943 2467 1018 2488 raro
1049 2454 1232 2486 stultitiam
1261 2458 1297 2483 et
1328 2452 1544 2492 ebrietatem,

843 2521 918 2540 cuin
943 2510 989 2539 nil
1005 2517 1089 2548 opus
1112 2506 1156 2536 sit
1181 2503 1406 2535 simulatione.
1452 2502 1542 2534 Vide

843 2560 961 2601 Epigr.
977 2561 1029 2588 33.
1047 2556 1105 2587 lib.
1123 2557 1177 2586 ll.

884 2611 987 2641 Eme..
1013 2616 1076 2639 xx.
1099 2606 1227 2637 Varum
1256 2602 1471 2635 schediasten
1498 2601 1541 2634 si-

840 2661 908 2693 mul
921 2660 968 2691 ait
981 2667 1099 2699 sapere
1115 2660 1150 2688 et
1163 2654 1343 2695 desipere:
1369 2652 1541 2693 desipere,

839 2710 927 2754 qnod
945 2709 1071 2741 frustra
1093 2707 1241 2746 laboret,
1258 2710 1295 2737 et
1317 2704 1467 2746 quotidie
1492 2703 1541 2736 ef-
