1866 3131
249 170 359 211 1279.

247 285 327 306 rona
342 280 377 306 et
394 274 523 305 tonsilis
539 274 640 309 idem,
664 278 700 304 ut
717 282 856 314 porrum
874 283 943 304 sec-

245 332 316 357 tum
334 331 367 357 et
385 326 516 357 sectile.
548 325 699 356 Coronas
716 324 884 355 interdum
901 333 943 354 ex

246 379 386 418 integris
409 376 587 408 frondibus
613 381 649 407 et
670 376 812 407 intonsis
828 380 943 406 necte-

245 429 328 459 bant
351 433 498 466 veteres‚
526 432 565 458 ut
591 436 633 457 ex
659 426 766 465 lauro,
796 427 883 457 oliva
910 430 945 456 et

245 478 330 510 aliis.
375 478 554 509 Interdum
571 488 614 509 ex
637 487 730 508 mero
753 476 835 508 folio
858 476 945 508 funi-

246 529 331 560 culis
348 538 404 559 eas
421 528 576 560 suebant.
620 528 685 559 Hae
701 528 710 544 ‘
726 527 873 558 tonsiles’
889 537 944 558 vo-

246 585 353 618 catae3
377 579 443 610 illae
459 579 589 610 nexiles
606 579 659 609 vel
677 579 829 619 plexiles.
857 579 944 608 Ton-

246 640 292 661 sae
311 630 363 661 vel
386 629 537 667 tonsiles,
562 629 639 660 ideo
665 629 756 671 quod
783 638 826 659 ex
853 627 944 658 foliis

245 679 400 711 detonsis
418 684 523 711 textae
537 685 669 718 essent;
695 680 748 711 vel
763 678 852 720 quod
864 678 944 710 folia

245 730 280 761 in
305 730 356 761 his
374 740 491 771 parum
513 731 716 768 eminerent,
739 735 898 770 tanquam
916 729 943 759 si

246 786 346 811 tonsa
369 786 507 812 essent:
537 780 615 812 hinc
640 781 780 812 tonsiles
809 785 943 821 tapetas

249 831 403 862 brevibus
420 841 458 863 ac
475 832 580 863 tonsis
593 831 690 862 villis.
707 831 806 862 Salm.
847 832 944 862 Omne

246 882 323 922 iter]
347 881 450 912 Urbis
468 881 561 913 vicus
577 883 695 913 omnis.

291 935 330 962 10
353 933 451 964 Mitte
466 936 536 963 tuas
551 932 674 973 messes]
699 932 798 963 Habe
817 932 875 964 tibi
895 942 945 963 ro-

248 993 311 1019 sas,
327 983 424 1013 mitte
441 982 537 1013 nobis
554 982 772 1015 frumentum.

289 1035 554 1065 Eme-Lxxxu.
581 1038 594 1064 l
624 1035 759 1069 Quidam
775 1045 822 1067 me
848 1037 947 1075 modo,

246 1083 315 1123 fisa]
339 1084 516 1124 Tanquam
529 1090 704 1125 empturus
718 1086 791 1126 quis
801 1095 946 1125 servum,

249 1140 306 1166 aut
341 1135 566 1175 gladiatorem
586 1147 593 1166 ;
634 1136 799 1177 mancipia
834 1143 946 1168 autem

250 1185 378 1215 venalia
405 1186 554 1224 empturi
582 1186 763 1226 diligenter
791 1187 947 1227 inspicie-

248 1235 588 1272 bant‚devestiebant
601 1239 701 1268 etiam
712 1244 746 1269 et
759 1244 950 1270 contrecta·

249 1286 339 1317 bant.

291 1340 309 1367 5
335 1337 512 1378 Νθᾳαὲτίαε,
524 1338 591 1380 cisa]
608 1340 864 1380 Epigrammata
882 1340 944 1370 las-

249 1397 324 1418 civa
341 1394 375 1418 et
387 1389 519 1429 jocosa.

291 1442 310 1469 6
334 1439 507 1481 Batai-am]
532 1441 730 1472 Lectionem
754 1442 853 1481 hanc,
874 1443 947 1473 loco

250 1495 385 1530 motam,
407 1491 465 1522 sed
483 1496 555 1532 opt.
572 1493 657 1523 Mss.
676 1493 863 1524 autoritate
878 1494 947 1523 vin-

249 1540 412 1579 dicatam,
437 1541 609 1581 recipiunt
636 1548 694 1573 ant
717 1549 812 1574 certe
830 1553 947 1583 agnos-

250 1597 329 1621 cunt
342 1596 411 1622 tres
426 1592 561 1631 Batavi,
579 1593 764 1624 clarissima
780 1594 947 1625 Martialis

250 1641 388 1680 lumina,
419 1642 528 1673 Hadr.
552 1643 688 1682 Junins,
713 1644 747 1676 J.
766 1645 948 1682 Gruterus,

251 1692 346 1723 Petr.
365 1693 574 1725 Scriverius:
594 1699 628 1725 et
644 1694 759 1726 ferunt
774 1696 950 1736 aliquanto

250 1743 452 1774 clementius
476 1753 576 1785 qnam
601 1755 741 1787 magnus
767 1747 825 1778 ille
851 1748 951 1778 Eras-

250 1804 322 1824 mus
337 1802 371 1824 et
395 1795 554 1834 patriotae
570 1796 648 1827 alii:
673 1803 849 1838 exponunt
865 1799 951 1829 scili-

251 1849 307 1874 cet
320 1845 485 1884 gratulari
500 1846 561 1876 sibi
578 1847 735 1885 Poetam,
747 1848 836 1887 quod
858 1848 950 1887 lega-

250 1901 307 1926 tur
332 1895 374 1926 ab
390 1897 544 1927 omnibus
566 1897 697 1934 Romae,
721 1904 950 1939 praeterquam

252 1955 271 1976 a
287 1946 439 1986 Batavis,
462 1947 519 1988 qui
535 1948 634 1979 armis
659 1954 694 1979 et
718 1948 844 1980 duriori
871 1950 948 1980 vitae

253 1998 390 2035 assueti,
426 1999 576 2039 corporis
605 1999 749 2040 Augusti
776 2000 949 2039 custodes,

252 2058 318 2079 non
350 2049 398 2079 ita
422 2050 588 2081 curabant
606 2049 704 2090 jocos
730 2051 837 2081 istos:
865 2061 948 2091 prae-

253 2103 389 2130 tereunt
426 2101 554 2141 quippe
591 2101 705 2142 (juxta
736 2102 947 2133 Venusinam

252 2148 415 2190 Poetam)
445 2150 604 2191 poemata
634 2152 814 2191 Rhamnes,
839 2162 949 2194 neque

253 2201 343 2240 sapit
357 2201 601 2233 Centurionum
618 2205 711 2244 genti
731 2205 870 2246 nequior
888 2207 949 2238 iste

254 2253 300 2282 sal
316 2262 323 2281 ε
348 2262 423 2284 nam
439 2254 528 2294 quod
546 2255 579 2284 in
597 2255 710 2295 vulgg.
728 2256 853 2296 ieg2111r
870 2266 951 2288 sere-

255 2313 331 2343 ram,
354 2314 372 2334 e
403 2305 514 2344 glossa
541 2305 677 2336 videtur
706 2306 770 2338 huc
799 2309 951 2339 transmi-

254 2364 380 2394 grasse.

298 2409 318 2436 9
348 2408 413 2436 Cur
430 2416 514 2446 ergo,
531 2407 601 2447 Sym]
619 2408 628 2424 ‘
642 2409 713 2444 Ego
736 2408 846 2440 Poeta
865 2419 950 2449 sum,

258 2461 304 2493 et,
321 2462 358 2488 ut
376 2467 490 2497 spero,
508 2468 572 2488 non
598 2459 775 2490 humillimi
802 2460 953 2500 spiritUS‚

256 2510 320 2538 [γε.
366 2507 480 2539 Quare
509 2517 602 2549 ergo,
631 2509 752 2550 inquis,
777 2515 844 2541 tam
867 2511 952 2541 male

256 2558 398 2588 vestitus
411 2559 470 2588 es?
487 2557 637 2599 Propter
647 2559 710 2590 hoc
725 2561 847 2601 ipsum,
861 2571 955 2593 amor

260 2609 384 2645 ingenii
401 2609 571 2640 neminem
587 2620 732 2651 unquam
751 2611 890 2643 divitem
905 2611 953 2644 fe-

259 2658 329 2688 eit.’
352 2659 544 2691 Petronius.

304 2712 338 2738 ll
368 2710 437 2740 Hoc
454 2721 490 2741 ne
516 2711 639 2752 soepizae,
659 2713 728 2752 Suu]
760 2714 813 2744 Ne
831 2715 952 2757 saepius

260 2767 359 2799 cogar
377 2769 429 2790 me
445 2762 568 2792 malum
587 2761 687 2794 fateri
703 2763 857 2796 poetam.

703 179 840 208 No'l'AE
877 178 1138 208 vmuciRt‘M
1177 177 1224 205 {N

1039 274 1141 304 Erro.
1160 280 1317 303 Lxxxm.
1355 271 1486 302 Laudat
1508 271 1692 310 Caesarem,

995 323 1083 364 quod
1097 324 1275 354 Etruscum
1292 322 1460 353 revocarit
1477 322 1517 352 ab
1535 322 1648 352 exilio.

1040 378 1053 405 l
1083 375 1240 410 Quantum
1268 373 1401 411 solicito,
1427 372 1494 413 δῖα]
1519 373 1690 405 Quantum

994 427 1171 464 Etruscus,
1197 426 1230 459 in
1255 424 1405 463 exilium,
1430 424 1488 455 sed
1512 433 1578 454 non
1596 428 1693 454 extra

995 477 1129 507 Italiam
1154 475 1287 514 missus,
1311 474 1416 505 debet
1442 474 1524 513 filio,
1549 475 1607 515 qui
1634 484 1692 514 pa-

995 532 1078 558 trem
1104 527 1136 556 in
1154 526 1291 556 exilium
1314 525 1538 556 accomitatus
1563 530 1628 564 est,
1658 530 1694 556 et

994 579 1090 618 cujiis
1108 577 1235 617 pietate
1251 581 1286 607 et
1301 575 1458 616 precibus
1475 576 1694 607 Domitianus

994 636 1164 671 permotus
1181 640 1256 661 eum
1278 629 1473 668 revocavit3
1498 634 1630 661 tantum
1658 633 1694 659 et

994 687 1092 720 pater
1117 686 1152 711 et
1182 680 1270 711 filius
1289 680 1363 720 tibi,
1389 689 1407 711 ο
1432 680 1559 711 Caesar.
1604 679 1692 710 Vide

993 731 1128 771 Papinii
1145 732 1239 772 Sylv.
1255 734 1284 763 3.
1301 736 1336 762 et
1354 731 1471 771 Epigr.
1486 734 1538 762 40.
1554 731 1611 761 lib.
1629 733 1662 762 7.

1037 786 1055 813 3
1090 783 1236 814 Fulmina
1265 781 1393 821 dextra]
1433 782 1536 812 Exilii
1575 782 1694 812 decre-

995 838 1077 864 tum.

1036 887 1055 915 4
1079 883 1148 915 Hos
1163 894 1310 926 cuperem,
1325 885 1391 926 23·c.]
1405 886 1453 917 Ut
1471 884 1538 914 sint
1556 891 1694 914 revoca-

996 934 1090 965 biles.

1038 989 1057 1015 6
1081 985 1172 1025 Toto]
1196 985 1287 1016 Tota
1305 996 1336 1016 vi
1353 985 1489 1017 emisso.

1038 1040 1056 1066 8
1083 1038 1258 1076 Essequod,
1273 1037 1340 1077 cisa]
1364 1037 1475 1077 Supra
1494 1044 1578 1066 verS.
1599 1037 1628 1065 l.

1039 1088 1314 1119 EP1G.1,xxxlv.
1339 1087 1564 1128 Arrogantem
1583 1085 1695 1126 carpit

997 1146 1031 1170 et
1054 1139 1249 1179 superbum.

1041 1193 1057 1221 1
1086 1190 1276 1230 Octaphoro]
1302 1190 1439 1221 Lectica
1463 1188 1505 1220 ab
1532 1193 1609 1219 octo
1625 1196 1696 1219 ser-

1000 1241 1046 1271 vis
1063 1246 1205 1280 gestata.
1252 1241 1285 1271 Is
1303 1240 1368 1271 t'uit
1384 1239 1614 1280 potentiorum
1632 1237 1698 1269 fas-

999 1297 1053 1322 tus
1071 1297 1151 1322 tunc
1177 1292 1353 1330 temporis,
1369 1291 1544 1330 eleganter
1559 1294 1696 1319 notatus

1000 1351 1019 1372 a
1045 1342 1173 1380 Cynico
1202 1341 1370 1372 Luciani:
1403 1350 1480 1371 nam
1507 1344 1542 1371 et
1566 1341 1598 1370 in
1630 1340 1697 1370 illis

998 1392 1130 1423 lecticis
1160 1392 1331 1423 cubabant
1358 1392 1517 1432 resupini.
1563 1391 1630 1422 Sed
1655 1391 1697 1421 de

998 1442 1144 1473 Lecticis
1161 1448 1196 1473 et
1212 1442 1253 1473 de
1271 1452 1384 1472 earum
1400 1452 1459 1472 usu
1475 1442 1580 1472 multa
1591 1442 1697 1482 scrip-

998 1494 1042 1524 sit
1068 1493 1202 1533 Lipsius
1234 1493 1320 1523 libro
1344 1495 1372 1523 l.
1407 1493 1520 1523 Elect.
1547 1501 1621 1532 cap.
1644 1495 1696 1523 19.

997 1544 1115 1585 Sanus]
1134 1546 1298 1586 Corpore.

1041 1598 1061 1626 2
1096 1596 1133 1627 St
1161 1606 1270 1626 sanum
1306 1596 1418 1633 credis,
1448 1594 1517 1635 spa]
1563 1593 1695 1624 Animo.

1007 1649 1016 1665 ‘
1032 1647 1131 1680 Quod
1158 1648 1230 1688 ipse
1249 1647 1324 1678 Non
1354 1647 1424 1677 sani
1450 1655 1524 1677 esse
1543 1645 1698 1683 hominm,

1001 1708 1068 1729 non
1079 1698 1282 1739 sanusjuret
1293 1696 1459 1729 Orestes!
1474 1696 1571 1727 Pers.
1583 1696 1698 1735 Satyr.

1001 1751 1031 1780 3.
1045 1749 1108 1780 ult.
1126 1759 1213 1780 vers.

1044 1800 1149 1830 Eme.
1166 1807 1308 1829 [xxxxi.
1341 1797 1489 1827 Plurima
1513 1800 1590 1827 sunt
1618 1795 1699 1836 Epi-

1001 1855 1187 1889 grammata
1213 1849 1255 1879 ad
1288 1847 1427 1886 Rufum,
1457 1853 1572 1877 natum
1597 1854 1702 1876 annos

1001 1900 1148 1940 quinque
1165 1909 1268 1939 supra
1285 1898 1420 1938 viginti,
1437 1898 1491 1939 qui
1518 1897 1550 1927 in
1568 1897 1702 1937 Cappa-

1000 1951 1099 1982 docia
1112 1949 1200 1980 diem
1217 1949 1314 1980 obiit.

1044 2004 1059 2031 1
1086 2001 1201 2031 Editus
1216 2003 1259 2030 est
1272 2003 1389 2038 sextus,
1403 1999 1472 2039 ‹isc-'j
1497 1999 1543 2029 're
1561 1998 1593 2029 in
1611 1998 1700 2039 Cap-

999 2052 1143 2092 padocia
1159 2060 1311 2091 peregre,
1330 2051 1382 2081 vel
1399 2051 1500 2080 etiam
1513 2048 1593 2080 fatis
1605 2048 1702 2080 func-

1000 2110 1047 2141 to,
1073 2107 1205 2133 sextum
1230 2102 1317 2132 hunc
1344 2100 1436 2131 edidi
1463 2100 1522 2131 lib.
1553 2099 1607 2130 Al.
1636 2100 1702 2140 leg.

1003 2146 1117 2184 Editur
1133 2163 1168 2183 en
1191 2152 1243 2191 (eu
1269 2153 1321 2182 vel
1337 2150 1412 2190 heu)
1442 2154 1550 2181 sextus
1578 2150 1646 2180 sine
1671 2154 1701 2180 te

1001 2208 1089 2243 mihi,
1107 2207 1187 2243 Rufe
1205 2206 1346 2244 Uononi,
1369 2205 1465 2245 cujus
1484 2203 1619 2235 familiae
1632 2214 1702 2235 me—

1001 2257 1098 2287 minit
1115 2262 1149 2288 et
1166 2257 1223 2287 lib.
1241 2260 1271 2287 9.
1292 2256 1408 2295 Epigr.
1427 2258 1480 2286 75.
1505 2261 1539 2286 et
1566 2258 1619 2286 77.
1645 2264 1699 2286 ne·

1002 2318 1066 2348 que
1084 2309 1170 2338 enim
1188 2307 1329 2338 serenda
1347 2307 1447 2337 lectio
1466 2307 1554 2346 vulg.
1581 2307 1701 2336 Camoe·

1002 2358 1063 2390 nis.

1045 2412 1064 2440 2
1092 2409 1156 2439 Nec
1187 2412 1216 2439 te
1242 2408 1414 2446 Lectmem,
1441 2405 1507 2447 1313]
1531 2406 1701 2447 Quiajam

1003 2464 1184 2491 mortuum.

1045 2512 1063 2540 3
1090 2509 1204 2550 Impia,
1231 2509 1297 2550 ἐξα]
1327 2510 1476 2549 Propter
1492 2508 1627 2549 ingenia
1643 2516 1703 2538 sua

1003 2561 1090 2592 mala
1100 2566 1135 2591 et
1153 2561 1297 2592 servilia.
1324 2561 1388 2590 Vel
1406 2564 1547 2600 propter
1560 2563 1703 2589 mortem

1004 2617 1093 2642 tuam
1111 2620 1129 2641 a
1146 2611 1335 2650 pestilitate
1351 2610 1421 2650 ejus
1438 2609 1535 2640 aeris.
1581 2609 1625 2639 Et
1650 2617 1704 2638 nu-

1002 2661 1084 2692 mine
1099 2660 1189 2700 lan-0]
1208 2660 1276 2691 Aut
1293 2660 1462 2700 religionis
1479 2659 1706 2689 inconstantia

1004 2712 1078 2742 heic
1105 2711 1275 2749 notanda3
1300 2716 1357 2742 aut
1385 2709 1565 2749 legendum
1590 2709 1703 2739 lumine

1005 2764 1090 2801 loero,
1113 2768 1148 2793 ut
1166 2762 1198 2792 in
1215 2761 1306 2793 ,Iunii
1322 2761 1438 2793 codice
1455 2760 1625 2799 scriptum.
1654 2759 1703 2789 Ut
