1866 3131
219 178 331 218 1306

218 282 322 321 periit
355 280 512 322 Pompeii
550 281 661 320 filius;
696 281 914 323 tingebantur

218 332 343 363 ibidem
359 333 456 364 lanae.

265 385 302 413 11
327 382 412 412 Lilia
423 386 457 412 tu
475 382 583 422 vincis]
607 382 775 414 Candore.
801 383 914 422 Ligus-

222 431 287 471 ἱνα]
326 432 460 470 Arbor;
509 431 625 463 florem
663 433 770 473 gignit
799 432 914 464 candi-

221 483 312 514 dum.
338 483 427 515 Vide
443 487 474 515 2.
492 485 610 525 Eclog.
628 485 764 525 Virgilii
779 495 786 515 :
801 485 810 500 ‘
824 484 914 515 Alba

219 533 360 574 ligustra
377 533 526 573 cadunt,'
541 537 606 567 &c-

262 587 302 615 12
328 585 505 627 Tiburtino]
526 585 614 617 Vide
637 586 845 628 Epigramm.
862 587 914 617 62.

215 634 274 666 lib.
287 636 319 666 4.

261 688 300 716 13
324 685 512 726 Spar-tanim,
540 686 607 727 Era]
645 687 794 727 Cygnus,
820 686 913 726 cujus

217 736 365 777 speciem
384 737 522 769 indutus
539 737 622 778 Jup.
636 737 836 777 compressit
852 738 915 767 Le-

216 786 292 818 dam
309 787 523 827 Spartanam.
554 787 744 827 Paphioeque
754 785 913 826 columboe]

216 837 359 878 Veneri,
391 847 466 879 quae
492 838 527 868 in
557 837 676 878 Papho
702 837 838 877 colitur,
865 835 913 866 di-

218 892 315 919 catae.

262 941 301 969 14
328 939 457 970 Gemma
489 937 592 978 cadis]
621 937 817 978 Margarita,
846 939 911 969 &c-

217 990 334 1030 Epigr.
352 993 405 1021 37.
423 990 481 1021 lib.
499 994 528 1021 5.
544 999 631 1020 vers.
646 992 678 1020 4.

261 1044 298 1071 15
323 1041 444 1072 Primis
481 1040 615 1081 nivibus,
652 1039 718 1081 Era]
753 1038 911 1070 Intactis-

216 1092 323 1133 Dona]
344 1093 472 1131 Vestis,
491 1097 578 1132 toga.

260 1146 300 1174 16
322 1143 508 1182 Parthenio,
532 1141 602 1183 fisa]
634 1140 825 1180 Parthenii,
854 1140 911 1181 qui

216 1194 321 1234 misit,
335 1194 455 1225 animo.

260 1247 298 1275 17
322 1245 515 1285 Babylonica
533 1244 618 1285 picta
633 1242 774 1283 superbe]
799 1241 912 1282 Baby-

214 1293 326 1325 lonica
348 1305 408 1326 acu
434 1295 507 1325 fieri
533 1295 642 1325 solita.
689 1294 766 1323 Non
793 1292 912 1323 minori

215 1350 325 1375 tamen
344 1345 520 1383 varietate,
536 1353 597 1374 nec
613 1343 840 1384 paucioribus,
854 1347 912 1373 aut

214 1396 325 1426 minus
348 1395 530 1435 expressis,
553 1394 727 1434 minusque
751 1392 911 1422 mirandis

213 1445 396 1486 figurarum
423 1445 666 1476 imitationibus
695 1444 729 1474 iu
759 1443 911 1473 vestibus

215 1497 437 1528 contexendis
467 1497 622 1526 luserunt
649 1493 779 1534 antiqui
805 1492 911 1523 artifi-

214 1556 269 1577 ces
285 1548 357 1578 sola
380 1551 523 1578 texturae
551 1545 693 1583 ratione,
710 1550 745 1574 et
767 1552 912 1574 connex-

212 1597 290 1627 ione
306 1598 456 1628 staminis
473 1596 514 1627 ad
531 1597 721 1633 subtemen,
736 1604 835 1636 quam
856 1594 912 1634 qui

216 1656 279 1678 acu
308 1648 501 1688 pingerent.
545 1646 635 1677 Hinc
671 1645 793 1675 alicubi
825 1644 912 1675 dixit

214 1698 366 1730 Martial.
384 1700 404 1730 l.
431 1707 505 1729 xrv.
525 1698 641 1737 Epigr.
670 1699 743 1726 150.
785 1699 792 1712 ⁶
811 1696 913 1726 Victa

216 1755 267 1779 est
293 1748 438 1780 Pectine
467 1749 602 1780 Niliaco
625 1747 696 1787 jam
726 1745 911 1785 Babylonis

217 1803 320 1830 acuS.’
342 1800 387 1831 Et
409 1799 503 1830 addit
531 1803 540 1816 ⁶
557 1797 695 1828 Texta?
726 1797 813 1828 Nam
830 1797 911 1826 Plu-

215 1850 326 1890 marii,
346 1854 498 1880 textores
523 1848 618 1886 dicti,
634 1857 700 1878 non
719 1847 825 1877 solum
855 1847 911 1888 qui

214 1900 328 1930 clavos
347 1909 404 1930 seu
422 1899 549 1938 plumas
566 1896 714 1927 vestibus
739 1896 911 1926 insuerent

214 1956 250 1982 et
266 1950 460 1981 intexerent
474 1960 482 1988 ς
507 1948 567 1979 sed
584 1953 619 1978 et
635 1947 692 1988 qui
708 1955 908 1987 quocunque

213 2009 337 2042 genere
361 2001 518 2040 picturae,
534 1998 798 2039 quibuscumque
821 1996 911 2025 colo-

215 2053 308 2084 ribus
338 2058 375 2083 et
401 2051 518 2093 figuris
545 2051 689 2080 variatas
711 2053 820 2078 vestes
848 2056 910 2076 acu

215 2105 419 2145 pingerent3
443 2102 518 2132 hinc
544 2101 705 2140 plumare,
730 2097 768 2128 τὸ
792 2096 910 2127 ποικίλ-

213 2163 291 2196 λειν,
320 2160 356 2187 et
382 2155 567 2195 plumatum
591 2160 688 2191 opuS‚
715 2148 752 2179 τὸ
775 2147 911 2179 ποικίλον

214 2218 272 2239 seu
309 2204 552 2243 πεποικιλμένον.
605 2201 671 2234 Qui
709 2199 911 2240 Babylonica

214 2267 297 2299 ergo
314 2257 551 2298 peristromata
563 2252 664 2283 variis
679 2251 846 2282 coloribus
862 2250 911 2280 in-

215 2311 320 2341 textis
350 2307 548 2350 pingebant,
584 2304 740 2345 plumarii
780 2303 910 2340 vocati;

215 2362 305 2403 quod
321 2367 358 2392 ct
375 2359 581 2399 Babylonem
599 2356 741 2385 maxime
763 2354 912 2384 celebra-

216 2414 318 2451 visse,
347 2417 382 2442 et
420 2418 542 2441 nomen
573 2406 772 2446 imposuisse
803 2402 911 2434 refert

218 2464 309 2494 Plin.
335 2462 423 2492 Hinc
440 2459 538 2498 βαπτὰ
553 2457 682 2488 Graecis
701 2455 831 2495 tapetia
848 2454 911 2483 Ba-

218 2514 375 2554 bylonico
394 2520 495 2551 opere
515 2509 617 2548 pieta.
654 2506 787 2536 Salmas.
821 2505 911 2534 Picta

215 2564 356 2604 superbe]
382 2560 555 2593 Coloribus
570 2559 683 2598 varus,
696 2557 789 2587 radio
802 2556 911 2586 intex-

215 2617 270 2653 tis,
287 2614 458 2644 distincta.

263 2668 300 2695 18
324 2662 521 2699 Samiramia,
543 2660 609 2700 lisa]
646 2657 867 2699 Babylonica,
892 2666 911 2687 a

217 2715 437 2748 Semiramide
472 2713 590 2751 regina
628 2709 822 2750 Babylonia.
870 2709 909 2738 ln

217 2776 343 2799 summo
369 2774 446 2796 vcro
464 2764 575 2804 pretio
598 2767 694 2794 erant
719 2763 851 2803 tapetia
873 2768 909 2792 et

682 187 821 218 NOTAE
855 187 1117 218 VARIORUM
1152 188 1202 217 IN

963 282 1070 313 aulaea
1085 281 1303 323 Babylonica.

1007 335 1046 363 19
1070 333 1144 362 Nou
1160 333 1376 372 Athamanteo,
1387 331 1455 371 dra]
1478 329 1555 362 Non
1578 331 1658 362 mihi

962 383 1067 424 magis
1095 384 1247 424 placeret
1272 383 1374 414 vestis
1400 393 1442 413 ex
1465 392 1567 413 aureo
1592 383 1658 413 vel-

962 434 1032 464 lere
1043 434 1184 475 Phryxi,
1195 434 1249 465 cui
1264 434 1425 466 Athamas
1437 439 1548 474 pater,
1558 443 1657 473 quam

964 490 1021 516 tua
1039 490 1130 525 toga,
1148 485 1324 516 Partheni.

1005 538 1046 566 20
1071 535 1183 576 Pecus]
1214 536 1344 575 Vellus,
1372 534 1480 566 πέκοςε
1509 534 1565 565 alii
1589 535 1659 574 leg.

963 587 1064 618 decus.
1087 586 1230 617 Farnab.
1276 586 1353 617 Non
1377 586 1464 617 male
1478 584 1520 616 de
1537 585 1659 623 ariete,

964 646 1102 672 aureum
1120 638 1225 668 vellus
1242 636 1397 668 habente.

1007 690 1046 718 21
1075 689 1103 718 Ο
1118 692 1248 728 quantos
1260 686 1431 728 ris113‚25·c.]
1453 687 1483 719 Ο
1496 692 1659 729 quantum

965 738 1089 768 tollent
1110 748 1224 769 omnes
1251 739 1461 777 cachinnum,
1487 738 1544 768 ubi
1569 738 1659 768 vide-

965 788 1033 818 rint
1050 797 1144 819 novae
1162 789 1239 820 huic
1270 794 1369 830 togae,
1384 789 1464 820 mihi
1481 799 1500 819 a
1517 788 1659 820 Parthe-

965 838 1031 878 nio,
1062 838 1120 879 qui
1150 839 1183 869 in
1209 840 1344 871 Palatio
1381 840 1488 870 servit
1516 839 1659 876 Caesari,

963 888 1085 928 missae,
1100 889 1260 929 injectam
1283 891 1384 921 vilem
1408 899 1517 921 meam
1544 895 1578 920 et
1602 889 1662 919 tri-

964 944 1033 969 tam
1056 938 1248 970 lacernam?
1270 941 1362 972 Hinc
1387 945 1531 981 apparet
1554 941 1662 972 lacer-

962 998 1022 1019 nas
1040 995 1126 1029 togis
1142 989 1236 1030 injici
1251 991 1378 1022 solitas.

1005 1040 1111 1071 EPJG.
1127 1049 1231 1071 xxix.
1248 1041 1365 1072 Habet
1382 1039 1517 1082 quidem
1540 1040 1659 1082 Epigr.

963 1088 1096 1120 laudem
1113 1099 1205 1120 suam
1222 1100 1241 1120 a
1257 1090 1437 1128 brevitate,
1456 1096 1489 1122 et
1506 1096 1584 1122 sunt
1603 1090 1659 1131 qui

964 1140 1132 1171 distichon
1161 1141 1214 1170 vel
1241 1141 1466 1172 tetrastichon
1493 1139 1661 1172 excedere

963 1196 1122 1231 oportere
1138 1192 1355 1231 Epigramma
1375 1197 1514 1232 negant.
1549 1192 1594 1222 Et
1610 1196 1662 1221 ta-

962 1250 1041 1271 men
1067 1241 1151 1272 liber
1168 1252 1185 1272 e
1205 1242 1359 1272 distichis
1376 1251 1472 1282 aeque
1494 1241 1579 1272 liber
1594 1246 1661 1280 est,

963 1302 1001 1322 ac
1027 1291 1054 1321 si
1078 1301 1119 1322 ex
1143 1291 1349 1332 longioribus
1378 1291 1492 1333 Epigr.
1509 1291 1660 1331 compin-

962 1348 1112 1383 geretur.

1004 1395 1112 1425 EPrG.
1125 1403 1216 1425 xxx.
1236 1393 1323 1424 Vide
1337 1393 1542 1434 Epigramm.
1557 1395 1589 1424 7.
1600 1393 1660 1424 lib.

962 1444 1156 1485 Spectacul.
1194 1444 1263 1475 Hic
1285 1444 1466 1474 damnatus
1483 1443 1662 1483 quispiam,

963 1500 1000 1525 ut
1016 1494 1152 1525 videtur
1169 1503 1210 1524 ex
1234 1494 1442 1534 Epigramm.
1456 1495 1511 1523 25.
1528 1492 1587 1523 lib.
1607 1495 1658 1522 10.

962 1545 1150 1576 Scaevolam
1173 1544 1233 1586 (de
1250 1554 1317 1585 quo
1333 1543 1390 1575 lib.
1407 1546 1436 1574 1.
1454 1542 1572 1583 Epigr.
1587 1542 1660 1583 22.)

964 1605 1080 1636 ageuS,
1117 1595 1273 1626 dextram
1303 1593 1380 1626 foco
1413 1594 1596 1624 immissam
1625 1593 1660 1623 in

965 1645 1225 1686 Amphitheatro
1240 1654 1381 1676 exurere
1396 1644 1567 1675 sustinuit.

1007 1700 1023 1727 1
1052 1698 1115 1732 Qui
1147 1695 1241 1736 nunc]
1276 1695 1373 1728 Quod
1408 1694 1498 1736 apud
1532 1695 1658 1736 primos

964 1746 1132 1777 Romanos
1164 1746 1372 1778 admirandae
1403 1750 1478 1777 erat
1511 1752 1546 1776 et
1576 1745 1661 1776 cele-

962 1798 1099 1829 brandae
1117 1797 1324 1828 fortitudinis
1336 1796 1582 1838 opuS,nosjam
1598 1805 1660 1836 per

961 1851 1069 1880 lusum
1092 1849 1165 1880 fieri
1184 1849 1344 1880 videmus.
1381 1849 1531 1878 Coesareoe
1543 1847 1660 1887 arenoe]

960 1900 1000 1930 In
1014 1899 1264 1940 amphitheatro
1282 1899 1436 1938 Caesaris,
1450 1898 1538 1939 quod
1554 1908 1660 1928 συνεκ-

959 1952 1087 1989 δοχικῶς
1101 1953 1110 1967 ‘
1123 1959 1226 1980 arena
1236 1949 1244 1962 '
1261 1954 1412 1980 vocatur.

1003 2004 1021 2031 3
1046 2000 1201 2040 Fruatur]
1225 2001 1265 2031 In
1278 2000 1409 2030 laudem
1423 2010 1516 2031 suam
1530 2005 1656 2041 etqua-

961 2050 987 2081 si
1005 2052 1212 2091 voluptatem
1229 2055 1353 2088 vertat,
1370 2052 1469 2082 etsie
1492 2051 1656 2092 patiendo

958 2101 1119 2132 illustrior
1135 2101 1205 2132 fiat.

1002 2155 1021 2183 4
1045 2152 1088 2182 Et
1105 2153 1238 2182 attonito
1250 2153 1451 2194 regnet‚85c.]
1474 2152 1658 2193 Contemp-

961 2203 1029 2235 trix
1048 2203 1144 2243 ignis,
1172 2208 1208 2234 et
1230 2214 1329 2244 quam
1354 2204 1427 2245 ipse
1452 2204 1539 2244 ignis
1568 2210 1654 2235 atto-

959 2255 1050 2285 nitus
1068 2254 1249 2294 stupuerit.

1003 2309 1020 2335 5
1047 2305 1118 2345 Ipse
1132 2306 1180 2335 sni
1194 2309 1358 2346 spectator,
1372 2305 1439 2346 ἔγω]
1470 2306 1657 2346 Eleganter

961 2360 996 2386 et
1012 2356 1214 2395 emphatice.
1260 2357 1338 2397 Ipse
1354 2367 1413 2397 per
1427 2357 1546 2393 ocium,
1563 2355 1657 2397 quasi

960 2406 1085 2436 illaesus
1108 2411 1142 2436 et
1161 2416 1179 2435 a
1201 2417 1300 2437 manu
1321 2418 1377 2438 sua
1403 2408 1545 2445 alienus,
1561 2416 1656 2446 spec-

962 2456 1045 2487 tavit
1060 2456 1215 2487 dextram
1227 2469 1318 2489 suam
1336 2459 1443 2489 exuri.

1002 2510 1022 2537 6
1045 2507 1261 2548 Ριιιιιιεαηιαι]
1287 2508 1655 2549 Metaphoraelegans:

961 2558 1057 2598 quasi
1079 2559 1186 2588 vivam
1213 2559 1370 2590 dextram
1399 2569 1478 2600 rogo
1499 2559 1655 2590 inferret.

963 2610 1060 2649 Totis,
1081 2610 1147 2650 Sym]
1177 2611 1354 2651 Tanquam
1381 2612 1518 2641 victima
1546 2609 1658 2640 exuri-

960 2665 1026 2691 tur.
1071 2661 1112 2691 In
1134 2671 1191 2691 ara
1212 2663 1299 2692 euim
1326 2662 1457 2693 fecerat
1481 2662 1543 2692 hoc
1563 2660 1653 2691 Scae-

960 2714 1043 2744 vola.

1001 2766 1018 2794 7
1046 2764 1134 2798 Qum]
1164 2764 1222 2795 nisi
1253 2766 1352 2804 raptu,
1387 2763 1453 2804 850]
1497 2762 1652 2802 Namque
