1866 3131
405 177 453 205 M.
487 177 598 206 VAL.
632 176 906 206 MARTIALIS
945 177 1101 207 EPIGR.
1136 178 1229 209 [ΑΒ.
1263 178 1328 207 Vl.

139 273 208 300 tum
221 271 419 302 conscendit
435 283 442 302 :
457 272 504 302 sir:
520 271 604 302 Afer
614 272 734 302 merito
747 271 831 302 ride-

139 325 194 351 tur
212 323 267 362 qui
292 332 434 363 pauper,
448 323 598 362 juverim,
612 329 646 353 et
660 322 769 360 fortis,
790 322 832 352 ab

137 371 400 411 aliisjuveuibus
416 382 482 403 suae
507 382 612 412 prope
630 373 832 403 conditionis

136 426 297 459 gestatur.
359 423 408 452 Ex
427 422 545 452 intima
562 422 695 462 quidem
713 422 830 452 Poetae

136 476 262 502 mente.
308 472 450 504 Quando
468 477 579 502 tamen
606 472 674 513 (vel
692 474 764 513 ipso
781 472 831 503 fa—

136 521 249 561 tente)
265 522 297 552 in
314 523 399 553 Mss.
429 523 629 553 veneranda»,
653 523 830 554 vetustatis

136 581 241 612 prope
258 573 410 603 omnibus
435 573 569 611 legatur
590 573 695 611 gibbo,
713 573 832 613 prima-

137 626 203 652 tom
229 623 476 663 palmaremque
505 623 705 653 conciliandi
736 624 832 654 resti-

137 672 322 713 tuendique
344 674 449 713 hujus,
482 673 569 703 inter
597 674 660 703 alia
677 674 833 713 plurima,

135 721 199 751 loci
224 723 362 761 gloriam
391 723 504 753 retulit
533 724 768 761 sagacissimus
792 725 831 755 P.

134 771 333 811 Scriverius,
354 774 408 813 qui
436 773 468 802 in
486 773 831 805 animadversionibus

132 821 198 851 suis
213 823 346 860 reponit
357 824 464 861 ginno,
481 824 542 853 hoc
566 830 630 861 est,
645 834 748 864 parvo
762 835 832 855 mu—

134 871 274 911 lo,quod
287 882 327 902 ex
341 873 546 904 interlineari
561 874 669 913 glossa
684 876 736 905 vel
747 885 831 906 mar-

134 924 211 963 gine
229 924 401 955 intextum
420 926 594 965 irrepsisse
608 926 752 958 videtur.
773 929 830 959 Vi·

133 974 175 1004 de
193 975 307 1015 Epigr.
324 979 395 1006 197.
413 977 433 1006 Ι.
454 979 503 1007 14.

174 1026 194 1053 8
217 1024 422 1064 Bellu‹1‚‹}·c.]
446 1026 602 1066 Elephas.

175 1076 196 1104 9
217 1074 389 1114 Invidiosa,
410 1076 480 1116 Lysa]
520 1077 582 1107 Vel
610 1082 742 1109 mortno
767 1078 829 1109 tibi

131 1126 342 1156 invideretur
365 1128 606 1167 liexapliorum,
632 1129 755 1160 nedum
784 1130 830 1160 vi-

133 1185 187 1214 vo,
205 1180 271 1207 tam
296 1178 450 1216 pauperi,
467 1178 520 1208 cni
537 1177 709 1209 efferendo
726 1180 830 1219 inagis

130 1228 326 1258 conveniret
343 1228 528 1268 sandapila.
545 1228 633 1258 Vide
648 1229 764 1270 Epigr.
779 1233 830 1260 Sl.

131 1277 190 1308 lib.
207 1281 237 1308 2.

174 1330 213 1358 10
238 1329 308 1358 Non
324 1328 506 1367 debesserm·
522 1329 674 1370 mortuus]
710 1330 748 1361 Id
766 1336 829 1370 est,

130 1387 196 1409 non
226 1377 376 1409 effereris
401 1379 608 1420 hexaphoro,
631 1381 690 1411 sed
709 1381 830 1411 sanda-

129 1428 221 1468 pila3
243 1430 366 1469 qnippe
384 1438 459 1459 cum
481 1430 524 1460 sis
542 1439 683 1470 persona
701 1431 772 1461 vilis
793 1436 829 1462 et

130 1480 257 1510 intimae
298 1481 520 1520 paupertatis.
588 1481 829 1522 Hellenismus,

128 1530 138 1547 ‘
152 1530 227 1561 Non
255 1530 358 1560 debes
386 1529 489 1569 ferri‚'
513 1531 547 1562 οὔ
568 1530 693 1570 μέλλεις
708 1531 827 1567 βαστά-

130 1579 248 1619 ζεσθαι.
294 1580 503 1612 ,locabantur
534 1587 644 1612 autem
677 1583 828 1613 nonnulli

130 1631 163 1661 in
194 1641 250 1662 eos
273 1631 327 1671 qni
358 1631 481 1662 lectica
514 1632 734 1672 vellebantur,
758 1637 827 1663 tan-

130 1693 228 1723 quam
247 1683 277 1713 in
302 1688 464 1721 mortum,
489 1684 578 1724 quod
601 1689 636 1715 et
656 1685 687 1714 hi
704 1685 826 1716 lectica

129 1731 344 1764 efferrentur.
373 1733 502 1764 Herald.

173 1783 278 1814 Epic..
294 1792 451 1815 Lxxvnr.
490 1783 547 1814 Ait
582 1785 710 1826 Phrygi
748 1786 824 1817 huic

130 1833 241 1864 vinum
259 1834 367 1863 carius
384 1833 488 1864 fuisse
505 1836 612 1865 oculo.

171 1887 189 1913 5
216 1883 325 1922 00:110]
350 1883 403 1914 Ita
424 1883 540 1915 Gallus
555 1885 686 1925 quidam
702 1887 824 1926 luscus,

129 1943 271 1964 excusso
284 1934 346 1964 sibi
363 1935 395 1965 in
413 1935 491 1965 ludo
504 1935 703 1974 gladiatorio
718 1947 822 1977 punc-

130 1984 187 2014 tim
208 1984 361 2014 batuenti
377 1985 473 2015 unico
488 1985 594 2025 oculo,
610 1987 824 2025 exclamavit,

125 2035 217 2065 adieu
229 2045 295 2065 mon
309 2035 371 2074 oez'l,
393 2039 423 2066 et
440 2036 534 2067 bonne
549 2038 627 2076 nuit,
649 2040 822 2077 mes-rimis,

127 2088 163 2114 et
187 2084 252 2124 Ep.
281 2086 413 2116 Lucillii
444 2087 463 2117 l.
483 2090 513 2119 2.
540 2088 763 2129 Antliologiae‚
791 2101 824 2121 a·

126 2133 287 2165 missurus
303 2137 432 2166 oculum
446 2137 543 2177 dixit,
557 2139 641 2179 χαῖρ’
657 2139 735 2181 ἱερὸν
749 2143 822 2181 φῶς.

132 2183 269 2224 Valebis]
292 2185 430 2216 Pereas.
455 2187 541 2218 Gall.
562 2190 666 2222 adden.

169 2238 189 2265 6
212 2235 365 2276 Deum-es]
382 2238 536 2279 Scyphus
548 2249 655 2280 capax
668 2242 820 2274 undecim

126 2285 339 2325 cyathorum.

169 2338 188 2365 8
215 2336 328 2366 Oculus
353 2337 430 2368 bibit
456 2340 616 2380 venenum]
640 2342 820 2373 Extinctus

127 2384 216 2415 enim
234 2391 285 2415 est
304 2385 450 2418 bibendo
474 2389 599 2421 oculus.
645 2391 820 2422 Perditam

127 2435 291 2465 luxuriam
309 2435 451 2468 fortasse
466 2439 596 2478 alludit,
612 2451 710 2482 quam
724 2447 821 2474 notat

125 2485 215 2516 Plin.
232 2486 290 2517 lib.
308 2490 358 2517 14.
382 2497 456 2528 cap.
473 2492 525 2521 22.

171 2536 279 2567 Erro.
293 2545 422 2569 Lxxix.
446 2538 484 2568 In
501 2540 587 2571 laetis
603 2541 819 2580 laetun1‚t1·is-

126 2591 192 2618 teni
227 2587 258 2616 in
289 2587 439 2618 tristibus
467 2589 539 2620 vult
566 2600 639 2622 esse
672 2593 818 2632 Lupum,

126 2637 215 2677 vulgi
245 2646 291 2668 sc.
322 2647 386 2667 non
415 2641 649 2678 superstitiosa
676 2642 819 2682 philoso-

127 2686 266 2726 phorum
291 2688 435 2727 ratione,
457 2689 513 2730 qui
541 2691 684 2723 eundem
705 2697 740 2723 et
764 2694 820 2723 So-

124 2737 283 2769 craticum
301 2738 334 2770 in
352 2739 441 2770 omni
457 2738 592 2773 fortuna
609 2743 736 2774 vultum
753 2752 817 2774 ser-

1469 168 1578 208 1271

886 271 1030 301 vandum
1048 271 1181 302 docent.
1208 273 1289 303 Rau.

927 324 946 351 2
961 321 1123 359 Ingratum
1137 323 1230 359 dicet,
1244 324 1310 363 thu]
1338 323 1410 354 Nec
1427 333 1501 361 usu,
1517 333 1580 354 nee

883 373 989 410 vultu,
1015 381 1077 402 nec
1104 373 1213 403 animo
1240 373 1321 404 laeto
1345 383 1483 404 munera
1506 373 1579 413 ejus

882 426 1141 461 agnoscentem:
1169 423 1257 454 uude
1285 424 1374 455 irata
1394 424 1476 455 levis
1507 425 1580 456 Dea

881 472 985 502 instar
1000 473 1147 512 Scythiae
1164 482 1276 514 caprae
1294 484 1363 505 rem
1380 475 1439 506 tibi
1456 475 1580 506 distur-

883 521 985 554 babit.

926 573 1031 603 EPlG.
1051 581 1162 603 Lxxx.
1187 574 1240 604 Ex
1257 574 1407 615 AEgypto
1425 585 1510 607 rosae
1532 575 1580 607 bi-

884 621 997 653 bernae
1014 623 1104 654 mitti
1121 624 1260 655 Romam
1293 625 1460 657 solebant.
1493 627 1578 658 AEvo

884 672 1069 703 Domitiani
1082 672 1113 703 in
1125 673 1206 704 urbe
1218 674 1320 705 etiam
1335 675 1578 715 educabantur,

884 732 970 753 novo
1000 723 1149 755 invento.
1196 724 1287 756 Plin.
1312 724 1368 756 lib.
1386 728 1438 756 22.
1455 735 1528 766 cap.
1546 729 1577 757 4.

885 774 928 803 Et
952 773 1072 810 Poeta,
1098 767 1191 815 quasi
1219 775 1384 806 insultans
1412 776 1578 816 AEgyptiis

883 824 1139 864 mercatoribus,
1172 834 1245 856 sese
1276 825 1318 856 ol)
1351 835 1501 856 rosarum
1531 826 1578 856 hi-

884 874 1062 904 bernarum
1092 875 1325 906 advectionem
1352 876 1578 916 jactantibus,

882 932 1006 964 monet,
1024 932 1059 956 ut
1087 927 1152 966 ipsi
1185 935 1274 957 nunc
1299 936 1340 957 ex
1367 927 1469 958 Italia
1487 937 1577 958 rosas

882 982 1013 1015 petant,
1030 977 1125 1007 Italis
1143 982 1254 1008 autem
1271 978 1409 1009 mittant
1430 977 1578 1009 fruinen-

881 1031 964 1057 tutn.
990 1027 1075 1058 Rau.

924 1081 938 1108 l
969 1078 1011 1108 Ut
1024 1088 1100 1109 nova
1114 1080 1192 1109 dona
1208 1078 1280 1118 tibi]
1303 1078 1370 1110 Ubi
1388 1079 1449 1110 tibi
1465 1080 1576 1112 allatae

879 1133 957 1159 sunt
973 1138 1014 1159 ex
1032 1129 1177 1169 AEgypto
1195 1139 1280 1161 rosae
1295 1130 1453 1160 liibernae.

921 1180 941 1208 2
963 1178 1136 1210 Ambitiosa
1150 1183 1249 1221 rosas]
1266 1181 1315 1210 Ex
1327 1180 1476 1211 hibernis
1493 1180 1575 1212 rosis

878 1227 1012 1259 laudem
1029 1235 1182 1269 captans.

921 1281 939 1309 3
966 1279 1088 1310 Navita
1116 1280 1237 1320 derisit,
1266 1280 1333 1321 ὅμκ]
1365 1281 1444 1320 Ipse
1472 1286 1575 1311 nauta

878 1338 936 1359 seu
955 1333 1125 1360 mercator
1137 1330 1318 1370 AEgyptius
1332 1330 1418 1361 visus
1433 1335 1486 1361 est
1499 1340 1576 1362 cou-

880 1383 1032 1409 temnere
1056 1380 1236 1421 AEgyptios
1264 1380 1379 1411 hortos
1404 1391 1473 1421 prae
1500 1391 1574 1412 nos-

880 1430 953 1469 nrm,
975 1429 1008 1459 in
1025 1430 1146 1470 quibus
1173 1440 1326 1471 magnam
1354 1441 1502 1462 rosarum
1531 1432 1577 1462 hi-

878 1478 1058 1510 bernarum
1074 1481 1207 1521 copiam
1223 1482 1361 1513 invenit.
1385 1481 1443 1513 lib.
1457 1484 1486 1514 3.
1508 1483 1573 1523 Ep.

878 1531 950 1559 127.

920 1585 937 1611 5
965 1580 1082 1612 Tantus
1096 1581 1189 1620 teris,
1206 1582 1275 1622 lisa]
1296 1583 1378 1613 Tam
1405 1583 1486 1613 laeta
1508 1593 1573 1623 per

877 1631 994 1662 urbem
1007 1633 1136 1662 rosaria
1150 1630 1332 1673 florebant,
1343 1638 1380 1664 ut
1397 1644 1454 1664 ver
1464 1634 1572 1674 ipsum

875 1687 911 1712 et
940 1682 1046 1712 Florae
1075 1691 1226 1722 regnum,
1256 1682 1476 1724 Paestauique
1502 1684 1576 1723 agri

875 1733 995 1763 rosetis
1009 1732 1112 1773 pleni,
1127 1733 1160 1763 in
1175 1733 1291 1763 urbem
1305 1733 1466 1772 migrasse
1484 1733 1574 1764 vide-

874 1787 1004 1813 rentur.
1048 1782 1166 1823 Floroe]
1201 1783 1284 1814 Deae
1322 1782 1453 1815 florum.
1498 1784 1571 1816 Me-

873 1837 1002 1873 tonym.

914 1886 934 1913 6
971 1883 1128 1923 Tantaque
1161 1884 1315 1924 Paestani,
1349 1885 1418 1925 ξω]
1456 1886 1571 1917 Tanta

872 1937 948 1963 erat
979 1942 1128 1964 rosarum
1159 1934 1271 1974 copia,
1304 1944 1443 1976 quarum
1472 1934 1569 1967 ferax

873 1984 1214 2024 Paestus.Epigr.37.
1238 1986 1298 2017 lib.
1313 1989 1345 2018 5.
1369 1995 1456 2018 vers.
1474 1990 1504 2018 9.
1533 1994 1568 2019 et

872 2034 929 2065 lib.
946 2037 999 2066 12.
1023 2035 1141 2075 Epigr.
1157 2038 1209 2067 31.

914 2088 933 2115 8
959 2085 1131 2116 Tea-lilibus
1142 2086 1247 2126 sertis]
1271 2087 1411 2118 Coronis
1439 2092 1476 2119 et
1498 2097 1567 2119 ser-

874 2135 914 2167 tis
932 2136 1036 2166 textis
1060 2145 1077 2165 e
1099 2136 1193 2166 rosis.
1239 2136 1292 2167 Al.
1316 2137 1479 2167 sutilibus.
1504 2139 1569 2169 Le-

872 2185 1015 2225 gendum
1033 2194 1093 2225 pro
1109 2185 1270 2216 textilibus
1285 2195 1304 2216 e
1327 2187 1409 2218 Mss.
1439 2188 1569 2219 Tonsili-

870 2235 924 2265 bus
937 2236 1030 2266 sertis
1043 2245 1129 2265 omne
1145 2235 1269 2266 rubebat
1283 2237 1356 2268 iter.
1386 2238 1568 2270 Tonsilium

871 2296 1067 2317 coronarum
1084 2286 1239 2318 meminit
1252 2287 1389 2318 Servius
1413 2288 1455 2318 ad
1478 2289 1567 2321 hunc

872 2347 1003 2367 versum
1026 2337 1180 2376 Virgilii:
1205 2337 1214 2353 ‘
1230 2337 1310 2376 Ipse
1332 2342 1436 2377 caput
1461 2343 1566 2370 tonsae

870 2387 959 2419 foliis
971 2392 1107 2418 ornatus
1124 2387 1244 2417 olivae.’
1290 2387 1399 2419 Quem
1416 2387 1458 2418 de
1475 2398 1567 2419 coro-

871 2448 913 2468 na
943 2438 1057 2468 tonsili
1091 2437 1352 2477 iuterpretatur,
1390 2443 1424 2468 et
1460 2444 1569 2471 recte.

871 2488 1033 2526 ‘TonsaeJ
1054 2488 1177 2527 inquit,
1203 2487 1332 2526 ‘oliva‘,
1354 2488 1491 2519 minutis
1516 2488 1565 2520 fo-

870 2538 920 2569 liis
939 2538 1146 2578 compositam
1180 2536 1382 2568 Habiturum
1400 2548 1434 2568 se
1451 2543 1564 2571 autem

869 2599 1024 2620 coronam
1043 2588 1197 2619 tonsilem
1214 2588 1324 2620 dixit:
1363 2590 1474 2621 Poeta
1490 2591 1564 2632 ipse

868 2641 1020 2671 ‘tonsam
1044 2648 1201 2669 coronam
1214 2640 1221 2653 '
1243 2648 1303 2679 pro
1320 2641 1433 2671 tonsili
1449 2643 1565 2682 appel-

868 2691 970 2721 lavit:
1009 2690 1017 2706 ‘
1031 2688 1196 2720 Omnibus
1234 2689 1268 2720 in
1305 2699 1431 2722 morem
1466 2696 1564 2724 tonsa

869 2750 962 2771 coma
983 2749 1097 2780 pressa
1114 2738 1264 2772 corona.'
1297 2740 1384 2772 Nam
1399 2745 1495 2773 tonsa
1513 2753 1564 2774 co-
