1866 3131
424 201 471 229 M.
508 201 618 229 vm..

217 299 235 325 5
261 295 463 335 Leshia‚85c.]
486 295 532 326 Te
557 295 685 334 Elegiae
701 294 807 334 gloria
821 294 874 324 vel

174 347 308 377 Catullo
320 352 354 377 et
371 347 498 379 Ovidio
512 353 652 387 possent
663 345 873 386 aeqniparare

174 398 291 429 amicae
310 407 378 428 suae
396 397 520 428 Lesbia
535 402 570 427 et
587 396 746 427 Corinna.

216 450 233 477 7
260 449 327 478 Nec
358 449 485 478 deerant
510 447 661 488 Zephyri,
690 445 760 486 ξω]
795 445 873 477 Non

174 497 296 528 desunt
321 498 381 528 tibi
409 497 527 537 genius
557 503 593 527 et
630 496 816 535 ingenium,
845 495 873 525 si

172 549 291 587 grandi
308 548 386 579 stilo
403 552 437 578 et
453 547 588 578 heroico
601 547 685 577 velis
697 546 873 584 intonare;

171 599 231 629 sed
248 604 284 630 tn
305 599 338 629 in
356 597 474 629 fratris
491 597 633 637 gratiam
651 595 806 636 reprimis
824 595 870 625 in-

172 650 262 689 genii
281 650 329 680 tui
345 648 504 688 habenas,
519 652 554 678 et
568 647 694 685 elegias
706 646 835 677 scribis.

214 702 234 729 8
257 699 327 730 Ηοι·
340 697 581 739 quoquefrutrz‘s
595 696 700 736 habes]
733 697 810 727 Hoc
836 700 869 727 te

169 748 309 779 fratrem
326 748 490 787 ostentm,
516 748 595 778 dum
612 746 730 778 fratris
752 757 870 778 caussa

171 805 261 830 tuam
280 810 398 830 venam
415 799 565 831 coerces.

211 851 317 882 Eme.
330 859 414 881 xtv.
450 853 465 880 l
488 849 634 889 Haedina,
649 848 720 889 csta]
736 848 870 880 Galeri-

169 901 245 931 ‹tulo
261 911 303 932 ex
320 901 451 931 hirsuta
479 900 570 931 hoedi
599 901 689 940 pelle
711 899 751 930 ad
777 898 870 930 dissi-

168 951 362 982 mulandam
379 951 563 983 calvitiem.
599 951 662 990 Ep.
681 953 733 981 50.
748 950 804 980 lib.
817 952 868 980 14.

210 1008 228 1033 4
255 1002 448 1042 Calceatum]
486 1003 567 1033 Cum
593 1000 713 1031 eadem
739 1005 870 1041 tegere-

169 1058 224 1084 tur
239 1053 396 1090 materia,
413 1063 480 1093 qua
496 1052 613 1093 pedeS.

210 1104 315 1135 Emo.
334 1113 433 1136 XLVI.
463 1104 535 1135 Etsi
548 1103 769 1135 Democritus
781 1102 868 1133 Poe-

168 1158 218 1182 tas
233 1163 340 1192 sanos,
352 1154 384 1184 id
397 1158 460 1193 est,
470 1154 591 1184 mentis
603 1158 791 1193 compotes,
804 1161 868 1183 nec
911 1172 915 1175 -

167 1203 374 1243 ἐνθουσιάσμῳ
400 1209 436 1235 et
463 1214 559 1235 sacro
584 1203 699 1234 furore
731 1213 867 1244 correp-

166 1260 232 1293 tos,
258 1254 419 1286 excludat
445 1254 635 1293 Helicone;
660 1254 736 1295 quis
753 1258 867 1285 tamen

165 1305 270 1337 audet
295 1315 421 1346 negare
448 1306 586 1337 Gallum
611 1310 647 1336 et
673 1306 866 1345 Lupercum

165 1367 264 1388 sanos
281 1368 366 1395 esse,
380 1357 436 1398 qui
448 1357 536 1387 mala
547 1366 606 1387 sua
620 1357 778 1388 Carmina
791 1365 866 1396 pre-

165 1408 212 1438 tio
229 1408 415 1439 obtrudant
431 1407 620 1438 hominibus
642 1406 866 1446 proculdubio

164 1459 303 1498 insanis,
319 1460 376 1500 qui
396 1460 484 1490 mala
499 1464 616 1490 emunt
631 1458 815 1490 Carmina?

210 1511 314 1542 EPIG.
340 1520 453 1541 XLvn.
498 1513 518 1541 2
548 1510 616 1540 Nec
651 1514 762 1548 tecum,
799 1509 866 1549 Qu]

163 1563 342 1603 Suinptum
360 1563 401 1593 ab
425 1562 551 1594 Ovidio
580 1563 675 1603 Eleg.
695 1564 745 1594 10.
762 1563 818 1594 lib.
836 1568 866 1595 3.

165 1613 281 1644 Amor.
305 1617 312 1630 ¹
331 1613 478 1644 Aversor
490 1623 619 1644 morum
631 1613 783 1651 crimina,
796 1624 866 1644 cor-

164 1675 226 1704 pus
253 1674 348 1695 amo:
380 1664 438 1695 Sic
463 1674 526 1705 ego
553 1674 618 1695 nec
646 1665 717 1695 sine
740 1670 787 1704 te,
802 1675 864 1697 nec

163 1721 276 1745 tecum
293 1715 406 1745 vivere
420 1714 580 1754 possum‚'
597 1717 659 1745 &c-

198 1767 302 1797 Epic.
333 1775 459 1796 xm'in.
513 1765 681 1796 Lautitias
721 1766 865 1797 divitum

162 1816 370 1855 captati-icas
400 1816 600 1855 contemnit,
630 1815 865 1856 frugalitatem

161 1866 289 1897 laudat.

207 1920 220 1947 1
247 1916 386 1956 Boletos,
407 1917 475 1957 lisa]
497 1917 531 1948 Si
549 1917 718 1958 vulgares,
733 1923 767 1949 et
781 1929 865 1960 quos

161 1968 234 2007 ipse
250 1969 351 2004 soles,
374 1968 517 2008 apponis
534 1967 640 2008 cibos,
655 1973 689 1999 et
706 1978 769 1999 non
785 1980 864 2010 qua-

162 2020 210 2049 les
228 2023 327 2059 putas
350 2028 403 2049 me
427 2028 565 2059 cupere,
582 2019 658 2050 liinc
682 2020 863 2053 haeredita·

161 2074 230 2100 tem
242 2079 350 2100 meam
364 2073 518 2110 captans,
532 2070 620 2100 volo.
641 2070 762 2111 Rom]
776 2072 864 2102 Fun·

161 2130 278 2159 gorum
297 2129 401 2160 genus
425 2124 498 2160 opt.
522 2120 611 2161 quod
635 2121 693 2152 lib.
711 2124 763 2152 13.
781 2132 864 2153 auro

158 2172 356 2210 anteponit:
397 2171 407 2188 ‘
421 2170 612 2212 Argentum
629 2176 732 2213 atque
748 2182 864 2204 aurum

160 2220 259 2252 facile
276 2225 341 2259 est,
363 2221 551 2262 laenamque
576 2225 758 2263 togamque
782 2223 865 2254 Mit-

160 2276 232 2301 tere
249 2281 257 2301 ε
292 2271 425 2302 boletos
455 2271 594 2303 mittere
620 2271 760 2304 difficile
789 2273 867 2307 est.’

202 2324 220 2351 4
245 2321 398 2362 Lucrina]
434 2322 562 2353 Ostrea
577 2333 595 2353 e
617 2323 690 2354 lacu
707 2324 865 2357 Lucrino.

161 2371 277 2411 Epigr.
295 2374 346 2402 11.
363 2371 421 2402 lib.
438 2374 470 2402 6.
497 2382 585 2404 vers.
599 2377 629 2405 5.
679 2374 768 2415 Vale]
793 2375 865 2407 No-

160 2423 192 2452 lo
209 2421 297 2461 apud
316 2427 349 2452 te
365 2431 511 2453 coenare.

200 2476 220 2502 6
235 2472 332 2502 Immo
343 2472 443 2512 hodie,
456 2473 523 2513 ξω]
544 2473 618 2504 Imo
631 2474 745 2505 statim
762 2485 778 2506 a
797 2485 863 2507 coe-

159 2533 203 2553 na
225 2523 317 2552 nulla
334 2527 450 2553 manet
463 2523 549 2561 gulae
568 2523 743 2564 voluptas:
769 2534 861 2556 nam-

158 2583 222 2614 que
248 2572 441 2604 lautissimae
467 2573 518 2603 liae
543 2573 698 2613 cupediae
725 2575 779 2605 vel
810 2574 862 2616 (l)

157 2624 366 2664 dejiciuntur
379 2632 439 2663 per
452 2623 562 2654 alvum
577 2634 585 2662 ;
605 2623 658 2665 (2)
678 2626 732 2656 vel
749 2626 862 2666 rejici-

158 2680 261 2706 untur
279 2674 407 2705 vomitu
425 2683 486 2714 per
501 2679 620 2714 guttur
635 2686 644 2714 ;
665 2676 719 2706 vel
736 2675 789 2717 (3)
803 2686 861 2707 ex-

157 2730 344 2757 cernuntur
357 2735 418 2766 per
431 2725 597 2756 vesicam:
622 2736 732 2767 neque
745 2736 861 2758 earum

158 2785 312 2816 saporem
327 2775 505 2816 dignoscet
523 2775 694 2807 sentietve
707 2777 860 2818 spongia,

654 196 928 228 MARTIAL-IS
964 198 1123 226 El’IGR.
1160 198 1250 226 1115.
1277 197 1367 226 ,xil-

1511 185 1625 227 1413

924 292 1030 329 canis,
1044 298 1102 323 aut
1118 298 1207 324 testa
1224 303 1283 324 seu
1298 293 1434 323 matula.

966 346 985 373 7
1011 342 1143 380 Infelix,
1158 343 1228 383 ἐξα]
1265 342 1364 375 Quod
1396 342 1449 372 vel
1474 340 1627 382 spongia,

924 395 978 425 vel
993 399 1081 425 testa
1094 395 1193 433 sciat,
1208 395 1288 425 nihil
1306 402 1482 434 superesse
1495 392 1538 423 (le
1554 402 1626 423 ves-

924 446 987 477 tris
1014 446 1114 477 lautis
1142 446 1308 486 cupediis,
1331 455 1430 487 quam
1450 444 1567 476 soi-des
1591 449 1627 474 et

923 501 1092 528 stercora:
1130 498 1273 537 spongia
1313 497 1404 537 ligno
1436 496 1623 531 adhaerens,

924 546 1087 578 damnata
1121 547 1154 578 in
1193 548 1258 577 vile
1298 547 1535 586 ministerium,
1584 546 1625 576 ad

923 598 1138 629 emundanda
1167 599 1302 629 scilicet
1330 596 1503 629 obscoen'a:
1529 602 1566 628 ut
1583 598 1625 628 de

923 648 1086 680 bestiario
1098 649 1240 689 quodam
1252 647 1357 679 refert
1367 650 1505 685 Seneca,
1515 648 1628 688 Epist.

922 702 974 730 70.
1020 699 1109 731 Vide
1128 700 1231 731 Corn.
1253 699 1428 730 Vitellium
1451 708 1526 738 cap.
1541 701 1573 729 9.
1590 699 1624 729 in

921 750 1102 782 Merulam.
1152 750 1275 790 Virgoe]
1313 750 1450 789 Virgam
1474 750 1627 789 appellat

922 801 1062 840 lignum,
1078 801 1130 831 cui
1145 801 1283 840 spongia
1302 800 1511 830 adium-ebat.

964 853 983 881 8
1008 851 1197 891 Quicumque
1213 850 1314 890 canis]
1348 850 1416 882 Qui
1446 850 1487 880 ad
1519 852 1623 882 vomi-

922 905 992 931 tum
1009 905 1200 932 accurrunt.
1245 901 1423 941 Junctaque
1444 904 1524 932 testa
1547 901 1624 942 vioe]

921 951 1037 982 Testae
1069 952 1103 982 in
1131 952 1320 992 angiportis
1347 952 1558 992 parabantur
1584 953 1625 983 iis

923 1002 979 1043 qui
1007 1002 1137 1033 urinam
1163 1003 1322 1033 emittere
1346 1003 1519 1033 volebant.
1563 1002 1625 1034 At-

923 1062 989 1093 que
1005 1053 1083 1082 hinc
1098 1052 1182 1082 illud
1205 1053 1406 1093 Vespasiani
1420 1063 1437 1084 e
1450 1053 1532 1084 lotio
1550 1063 1625 1084 vec-

922 1103 1019 1143 tigal.
1045 1103 1141 1133 Suet.
1156 1103 1260 1141 Vesp.
1278 1112 1354 1142 cap.
1371 1104 1423 1133 23.

962 1156 983 1184 9
1007 1153 1188 1191 Mullorum,
1218 1153 1426 1193 leporumque]
1468 1153 1625 1193 Optimo-

920 1211 992 1232 rum
1024 1203 1166 1242 piscium
1195 1208 1230 1234 et
1258 1204 1423 1235 carnium.
1469 1203 1626 1245 Summis]

920 1252 1022 1293 Epig.
1045 1255 1099 1283 44.
1127 1253 1149 1284 1.
1171 1255 1220 1283 13.
1268 1254 1384 1284 Exitus
1410 1253 1460 1284 hic
1487 1254 1548 1294 est]
1581 1255 1623 1286 ln

919 1304 978 1334 lias
995 1304 1110 1334 sordes
1124 1303 1251 1335 abeunt
1273 1309 1308 1334 et
1325 1308 1498 1335 mutantur
1515 1306 1625 1336 vorati

919 1355 1043 1394 pisces,
1060 1355 1205 1394 lepores,
1220 1361 1254 1385 et
1267 1354 1372 1385 suillae
1392 1365 1469 1394 pars
1484 1356 1625 1395 optima,

919 1415 993 1446 quae
1009 1407 1017 1422 ‘
1035 1416 1153 1436 sumen
1166 1405 1174 1418 ’
1199 1411 1265 1443 est,
1279 1406 1310 1436 li.
1327 1415 1355 1436 e.
1373 1406 1508 1446 papillae
1524 1407 1622 1437 modo

919 1455 1029 1486 enixae
1047 1465 1170 1495 porcae.

962 1511 1001 1538 10
1025 1507 1272 1547 Sulphureusque
1300 1508 1397 1548 color]
1435 1509 1485 1539 Ex
1514 1508 1624 1540 crudi-

919 1562 991 1589 tate
1009 1559 1129 1598 pallor.
1179 1558 1408 1600 Carnificesque
1427 1558 1533 1598 pedes]
1558 1559 1623 1590 Po-

917 1608 1033 1648 dagra.
1069 1610 1255 1648 Λυσιμελοῦς
1279 1608 1403 1648 Βάκχου
1425 1609 1475 1640 καὶ
1500 1615 1624 1648 λυσιμε-

916 1660 990 1690 λοῦς
1014 1660 1194 1701 Ἀφροδίτης
1220 1662 1364 1692 reuma-raa
1379 1659 1517 1702 θυγάτηρ
1537 1667 1623 1692 λυσι-

916 1711 1013 1749 μελὴς
1027 1710 1180 1752 Ποδάγρα.
1206 1712 1343 1742 Antliol.
1361 1713 1381 1743 l.
1397 1715 1428 1742 2.
1447 1721 1477 1744 e.
1489 1715 1545 1744 43.

960 1765 997 1792 ll
1024 1762 1158 1802 Albana,
1179 1762 1246 1803 δῖα]
1289 1763 1523 1793 Lautissimum
1540 1772 1621 1803 epu-

917 1811 999 1850 lum,
1015 1813 1114 1853 quale
1131 1813 1288 1844 exhibuit
1304 1814 1337 1843 in
1355 1813 1487 1845 Albano
1504 1819 1621 1846 monte

916 1862 949 1892 in
967 1863 1202 1904 Quinquatrus
1221 1864 1387 1894 Minervae
1410 1874 1477 1894 suae
1501 1865 1621 1896 Domi·

916 1912 1039 1943 tianus.
1084 1914 1189 1946 Quasi
1207 1914 1323 1944 dicat:
1360 1914 1394 1946 Si
1419 1915 1497 1945 milii
1515 1925 1618 1956 appo-

915 1972 1013 1994 neres
1030 1964 1180 2004 epulum,
1205 1969 1241 1995 nt
1257 1965 1335 1995 olim
1351 1965 1570 1996 Domitianus
1586 1966 1620 1996 in

915 2013 1061 2055 Albano,
1085 2015 1147 2045 hac
1163 2015 1359 2046 conditione
1376 2021 1410 2046 et
1438 2017 1622 2057 exprobra-

914 2064 1006 2095 tione
1023 2064 1192 2104 beneficii‚
1208 2065 1309 2095 nolim
1337 2070 1449 2096 tecum
1473 2076 1619 2098 coenare.

916 2114 1026 2154 Tanti]
1061 2116 1109 2146 Ut
1131 2116 1302 2148 stomacho
1319 2121 1355 2146 et
1371 2116 1514 2156 pedibus
1528 2117 1620 2148 labo-

915 2175 997 2197 rem.

958 2219 998 2246 12
1017 2216 1217 2257 Cupitolinoe]
1239 2217 1336 2248 Jovis
1351 2217 1486 2258 epulum
1502 2218 1535 2248 in
1555 2218 1618 2250 Ca-

916 2267 1037 2308 pitolio
1062 2277 1080 2297 a
1105 2269 1136 2299 7.
1169 2268 1381 2307 Epulonibus
1404 2268 1621 2300 instructum.

916 2317 1163 2359 Pontificumque
1177 2318 1284 2358 dapes]
1322 2318 1509 2358 Magnifica
1532 2318 1619 2349 Pon-

915 2365 1044 2398 tificum
1063 2377 1168 2406 coena,
1184 2368 1314 2408 qualem
1342 2368 1476 2399 Metelli
1491 2369 1618 2401 ‹leseri-

919 2417 968 2448 bit
984 2418 1141 2448 Macrob.
1165 2427 1241 2457 cap.
1261 2421 1310 2448 13.
1328 2418 1348 2450 l.
1366 2421 1396 2449 3.
1415 2419 1552 2450 Saturn.

960 2470 997 2499 13
1023 2468 1172 2508 Imputet,
1187 2467 1256 2508 Sym]
1292 2469 1327 2499 Si
1345 2469 1422 2499 milii
1449 2469 1520 2509 ipse
1534 2469 1617 2511 Jup.

914 2520 1057 2560 largitus
1081 2525 1199 2551 nectar
1223 2521 1256 2552 in
1286 2522 1472 2552 rationibus
1489 2528 1522 2553 et
1548 2533 1617 2554 me-

913 2573 972 2603 riti
997 2572 1072 2604 loco
1095 2579 1265 2612 numeret,
1302 2583 1365 2604 non
1395 2574 1475 2605 mihi
1506 2577 1617 2615 sapiet

911 2622 1003 2654 aliud
1019 2633 1116 2664 quam
1134 2628 1268 2654 acetum
1292 2629 1327 2655 et
1344 2634 1486 2666 vappam
1502 2636 1520 2657 e
1538 2626 1616 2658 vino

912 2673 1083 2704 vilissimo.
1100 2673 1213 2704 Gloss.
1236 2673 1444 2714 ‘Iinputare‚
1465 2675 1616 2715 λογίσασ-

912 2726 960 2754 θαι
971 2725 990 2754 ;’
1013 2728 1047 2754 et
1063 2724 1112 2754 ita
1129 2733 1221 2764 saepe
1239 2724 1327 2754 illius
1344 2726 1454 2757 aeiatis
1471 2727 1617 2768 scripto-

912 2782 963 2805 res
981 2773 1044 2804 hoc
1060 2773 1199 2804 verbum
1217 2781 1434 2814 usurparunt.
