1866 3131
421 183 469 212 M.
504 182 613 211 VAL.
647 177 921 209 MAR'rlALiS
957 178 1117 207 EPlGR.
1152 178 1244 207 1218.
1279 177 1341 207 IV.

163 276 329 307 turninus.
353 275 554 307 Saturninus
566 279 678 305 autem
696 272 862 304 Tribunus

163 326 274 366 plebis
288 330 416 357 tantum
425 325 535 356 fuerat
548 336 557 364 ;
571 324 739 356 Antonius
749 329 862 354 autem

162 376 347 414 Triumvir,
363 381 540 416 totumque
556 374 670 405 orbem
695 383 770 404 cum
793 371 862 402 Au-

163 432 259 465 gusto
274 431 308 457 et
326 426 452 466 Lepido
466 425 636 455 diviserat.
660 424 714 454 De
725 422 861 454 seditio-

162 476 258 506 nibus
283 475 468 514 Saturnini,
497 474 572 505 vide
598 473 860 504 F10r11n11.3.c.

162 529 214 558 16.
241 527 322 557 Rud.

206 579 223 607 3
249 577 421 607 Parrhasia
447 574 581 613 movisti,
604 572 679 612 ἥκῃ]
702 572 744 603 In
775 572 861 604 Ger-

160 627 284 667 mania,
313 637 386 668 quae
416 625 690 666 Septentrionem
714 627 861 664 spectat,

161 677 217 707 ubi
232 677 359 708 Calisto
375 676 542 717 Lycaonis
557 675 626 707 filia
641 674 864 714 aParrhasia,

162 727 244 758 urbe
262 727 432 768 Arcadiae,
448 727 482 758 in
504 736 592 759 ursae
618 726 756 768 majoris
772 725 862 756 sidus

161 788 258 809 versa
274 777 396 819 fulget.

202 830 221 859 4
241 828 319 868 Qui]
337 828 503 860 Antonius
521 828 689 860 triumvir.
720 827 861 867 Pharioe,

160 878 229 918 So]
244 879 448 919 Cleopatras,
463 880 588 920 reginae
605 878 757 919 AEgypti,
768 878 862 918 cujus

162 930 290 960 Pharos
305 930 425 961 insula.

205 984 223 1010 5
250 981 460 1011 Excideratne
489 982 576 1020 adei),
603 981 674 1021 ἐγὼ]
708 978 763 1010 An
797 988 863 1010 nou

162 1031 348 1061 meministi
364 1042 463 1072 quam
481 1032 568 1062 malo
592 1031 703 1062 omine
726 1030 789 1061 tibi
814 1028 864 1060 fo-

162 1086 215 1113 ret
240 1082 423 1113 imitandus
447 1082 630 1121 Antonius,
659 1082 715 1123 qui
739 1080 781 1112 ad
799 1080 864 1111 Ac-

161 1133 243 1164 tium
255 1133 351 1173 Epiri
366 1133 634 1173 promontorium
650 1133 691 1164 al)
706 1132 864 1172 Augusto

160 1184 273 1214 navali
310 1183 429 1224 praelio
466 1183 621 1215 devictus
659 1193 734 1214 cum
765 1182 864 1212 Cleo-

159 1239 259 1274 patra
274 1232 364 1274 fugit
379 1234 412 1265 in
428 1234 624 1275 AEgyptum,
639 1233 697 1265 ubi
712 1243 747 1264 se
760 1233 864 1264 inter-

159 1283 266 1316 fecit?

202 1338 222 1366 6
246 1336 301 1366 Ira
309 1335 407 1376 freti]
425 1335 493 1367 Per
505 1336 696 1377 Metonym.
712 1336 790 1378 quia
801 1335 864 1366 ira-

162 1390 233 1417 tum
249 1385 383 1417 ferebat
399 1387 578 1419 Caesarem.

202 1441 221 1468 7
238 1437 290 1469 An
306 1437 365 1468 tibi
378 1438 535 1478 promisit,
552 1438 624 1478 Cym]
640 1436 692 1467 An
718 1440 754 1467 tu
778 1436 865 1467 Ger-

160 1488 281 1518 maniae
299 1488 425 1519 viribus
452 1487 561 1518 fretus
588 1486 733 1527 sperasti
759 1486 865 1517 victo-

163 1538 260 1576 riam,
290 1547 387 1578 quam
422 1538 479 1568 ille
511 1547 577 1569 non
606 1542 778 1568 assecutus
812 1542 865 1567 est

163 1587 304 1628 AEgypti
330 1588 438 1628 copiis
464 1588 583 1618 nixus?
608 1587 750 1626 Rhenus]
778 1587 865 1617 Mal-

163 1639 243 1676 lem,
256 1638 367 1679 inqnit
384 1638 548 1676 Raderus,
561 1648 623 1678 pro
635 1639 752 1668 Rheno
767 1647 865 1677 posu-

163 1688 247 1719 isset
276 1688 483 1725 Danubium,
511 1688 552 1718 ad
585 1698 685 1729 quem
713 1687 864 1728 praelium

163 1745 216 1770 est
233 1737 374 1777 factum,
391 1744 427 1769 ut
444 1739 586 1770 Sueten.
605 1743 769 1768 testatur:
795 1736 866 1776 sed,

163 1789 241 1831 quia
258 1789 393 1820 Rhenus
411 1796 465 1820 est
481 1790 514 1819 in
529 1788 726 1828 Germania,
740 1787 865 1818 flumen

164 1848 226 1879 pro
242 1837 379 1869 flumine
397 1838 520 1879 posuit.

207 1894 226 1922 8
258 1892 381 1922 Arctois
410 1890 512 1932 aquis]
551 1889 759 1922 Fluminibus
782 1889 866 1921 Ger-

163 1942 296 1972 nianiae.

206 1995 226 2022 9
251 1992 319 2032 Ille,
333 1991 402 2032 <li-cn]
430 1991 644 2033 Emphatice.
669 1991 732 2022 Ille
749 1990 866 2022 trium-

164 2041 216 2073 vir
234 2042 294 2074 tibi
312 2043 448 2083 praesidi
467 2043 611 2074 collatus
628 2041 735 2072 videri
753 2045 868 2082 posset

164 2094 368 2134 Imperator,
384 2094 495 2124 victus
515 2098 640 2124 tamen.
688 2092 743 2122 De
765 2092 867 2123 Gres-

165 2145 215 2175 sio
232 2145 391 2175 moliente
411 2143 570 2185 quiddam
587 2143 686 2173 altius
705 2152 802 2183 qnam
819 2142 868 2181 ip-

167 2204 239 2224 sum
256 2193 384 2233 decuit,
406 2193 510 2234 idque
527 2191 653 2231 ἆλόγοις
667 2190 868 2232 ἀστρολόγοις

165 2243 267 2283 freto,
281 2243 358 2273 vide
384 2252 440 2283 ep.
468 2242 610 2273 Pallada
635 2242 775 2273 Anthol.
801 2243 821 2273 l.
837 2244 869 2272 2.

167 2305 197 2326 c.
214 2297 266 2325 48.

210 2346 314 2375 Eme.
344 2353 411 2375 xn.
435 2347 455 2375 2
480 2344 606 2382 Negare
638 2341 730 2382 nihil]
766 2341 869 2374 Omni

166 2394 388 2435 impudicitiae
406 2394 521 2434 generi
536 2394 673 2434 exponi.

211 2447 316 2476 Epic.
346 2453 430 2476 xiii.
464 2446 516 2476 Aa
544 2445 661 2482 Rufum
689 2446 726 2475 de
748 2443 869 2484 nuptiis

168 2496 332 2535 Pudentis,
347 2499 375 2526 et
394 2496 532 2526 Clumh'oe
550 2495 746 2535 Peregrinoe]
772 2497 868 2527 Felix

166 2547 369 2579 connubium
388 2550 548 2586 precatur
561 2546 709 2577 Pudenti
723 2551 758 2577 et
769 2547 868 2578 Clau-

168 2599 242 2629 ‹li-ee.
269 2596 447 2628 Scribend.
473 2596 666 2634 Peregrina:
696 2602 748 2627 est
780 2599 868 2628 enim

168 2648 341 2689 proprium
358 2647 455 2678 istius
471 2646 618 2677 mulieris
637 2656 769 2679 nomen.
788 2648 869 2678 Ιίιιι-

167 2709 250 2737 gers.

1499 166 1608 206 1197

956 273 971 300 l
998 271 1081 309 Meo,
1111 270 1180 310 eya]
1213 270 1342 301 Amico.
1371 268 1461 300 infra
1492 269 1610 308 Epigr.

911 324 963 352 29.
976 326 1011 352 et
1027 320 1085 351 lib.
1104 323 1134 351 7.
1152 321 1215 361 Ep.
1229 324 1283 352 96.
1301 325 1336 352 et
1353 319 1412 351 lib.
1427 323 1459 351 6.
1477 319 1542 360 Ep.
1559 323 1611 349 55.

911 373 976 402 ἃς.

953 424 972 451 2
997 421 1103 451 Macte
1119 420 1275 460 esto,8,·c.]
1300 420 1430 451 Auctus
1458 424 1533 451 esto
1556 429 1614 449 no-

911 481 1029 502 vorum
1054 472 1216 502 honorum
1239 471 1441 511 nuptialium
1466 470 1614 501 cumulo.

911 522 1060 553 Verbum
1079 531 1157 561 ergo
1176 530 1345 552 sacrorum
1363 525 1426 559 est,
1443 520 1509 550 κατ’
1522 520 1614 559 εὐφη-

910 572 1020 612 μισμὸν
1047 572 1189 610 (lictum,
1217 572 1310 612 quasi
1337 572 1441 612 inagis
1463 577 1614 602 auctum.

914 624 1056 656 Quoties
1080 623 1169 654 enim
1198 626 1250 652 tus
1276 626 1335 652 aut
1368 621 1481 652 vinum
1513 631 1615 661 super

911 671 1614 711 victimamfundebatur‚dicebant,‘Mac-

913 733 967 758 tns
979 731 1031 757 est
1043 730 1157 757 taurus
1172 724 1248 755 vino
1264 724 1316 755 vel
1331 722 1452 763 thure,'
1466 724 1527 753 hoc
1542 728 1615 754 est:

913 777 1092 809 Cumulata
1117 779 1169 806 est
1193 775 1306 805 hostia
1322 779 1356 805 et
1373 773 1478 814 magis
1503 779 1614 804 aucta.

912 828 998 859 Inde
1012 827 1053 858 ad
1067 837 1136 866 eos,
1153 827 1209 867 qui
1225 827 1353 857 virtute
1372 825 1616 856 velhonoribus

913 878 1003 909 aucti
1012 882 1103 917 sunt,
1115 875 1332 908 transfertur.
1343 876 1425 906 Rad.
1439 875 1619 915 Hymenoee,

914 930 989 970 tuis]
1012 929 1218 969 Nuptiarum
1234 936 1372 968 praeses.
1389 925 1464 957 Ἀπὸ
1474 926 1530 956 τοῦ
1545 926 1618 963 ὁμοῦ

913 979 1005 1011 ναίειν
1020 979 1071 1010 ὅτε
1095 977 1147 1010 οὖν
1161 977 1366 1017 συνοικίζεται
1386 977 1460 1017 ἀνὴρ
1483 976 1617 1015 γυναικί.

914 1031 979 1061 Vel
994 1041 1012 1061 a
1028 1029 1261 1061 membranula
1287 1029 1356 1066 illa,
1376 1037 1450 1069 quae
1468 1027 1617 1068 Virgini-

915 1082 976 1113 bus
991 1083 1024 1113 in
1042 1082 1150 1122 primo
1167 1080 1310 1111 Veneris
1327 1079 1422 1110 aditu
1439 1078 1618 1118 rumpitur.

913 1131 983 1163 Alii
1006 1131 1048 1163 ad
1074 1131 1248 1162 historiam
1277 1130 1319 1160 de
1335 1130 1523 1170 Hymenaeo
1540 1139 1622 1170 quo-

914 1181 991 1212 dam
1024 1181 1154 1221 Argivo
1191 1180 1360 1219 referunt,
1396 1184 1432 1211 et
1466 1180 1509 1210 ab
1542 1181 1617 1220 ejus

914 1232 1022 1274 (quod
1054 1230 1241 1272 virginibus
1272 1229 1398 1262 Atticis
1424 1239 1442 1260 a
1466 1229 1619 1269 Pelasgis

915 1283 1023 1324 raptis
1048 1279 1275 1323 praestiterat)
1297 1279 1462 1317 subsidio,
1485 1279 1619 1310 institu-

916 1339 989 1366 tum
1005 1332 1121 1364 ferunt
1140 1333 1322 1373 hymnum,
1339 1330 1395 1372 qui
1412 1330 1620 1370 Hymenaeus

916 1385 1053 1423 dicitur,
1092 1383 1200 1424 qualis
1239 1381 1396 1413 Romanis
1431 1381 1620 1413 Thalassio.

916 1435 1055 1466 Furnab.

958 1488 976 1516 3
1005 1487 1082 1518 Tam
1097 1484 1170 1515 bene
1185 1494 1269 1523 rara,
1287 1483 1353 1524 ξω]
1379 1483 1488 1516 Quam
1511 1482 1620 1513 suavi-

917 1541 969 1567 ter
983 1537 1076 1566 misc.
1093 1535 1157 1566 cin.
1173 1535 1293 1573 nard0,
1309 1536 1373 1565 Sec.
1386 1538 1455 1564 tam
1473 1532 1622 1563 feliciter

910 1586 1068 1627 jungitur
1084 1585 1226 1616 Claudia
1242 1584 1407 1615 Pudenti.

958 1640 976 1667 4
996 1636 1131 1667 Massica
1158 1636 1293 1674 Theseis,
1311 1633 1387 1673 Era]
1409 1633 1519 1664 Quam
1548 1632 1619 1662 dul-

917 1688 1004 1719 citer
1028 1688 1062 1718 in
1087 1688 1195 1717 mulso
1225 1683 1437 1716 conficiendo
1463 1683 1622 1713 miscetur

916 1738 1102 1769 Massicum
1115 1747 1172 1768 seu
1186 1737 1364 1766 Falernum
1376 1734 1476 1765 melle
1490 1733 1620 1764 Attico.

916 1789 1088 1820 Heraldus
1105 1788 1191 1826 vult,
1218 1796 1283 1818 non
1308 1785 1452 1816 mulsum
1470 1783 1547 1814 inde
1566 1783 1622 1814 tie-

916 1839 956 1878 ri,
973 1839 1030 1869 sed
1054 1838 1250 1875 Falernum,
1276 1845 1336 1866 seu
1361 1835 1476 1865 vinum
1502 1833 1622 1864 fortius

917 1894 952 1920 et
973 1888 1251 1929 asperius‚melle
1266 1890 1398 1917 tautum
1417 1885 1601 1925 temperari
1623 1896 1630 1914 ;

916 1940 1016 1981 idque
1044 1939 1145 1970 docet
1176 1948 1218 1970 ex
1248 1937 1368 1978 virgil.
1396 1940 1428 1968 4.
1459 1936 1623 1976 Georgic.

916 1990 1066 2021 ‘Dulcia
1094 1989 1193 2020 mella
1224 1997 1372 2029 premes,
1402 1997 1464 2018 nec
1491 1993 1621 2017 tantum

918 2040 1045 2079 dulcia,
1069 2045 1231 2081 quantum
1248 2040 1292 2070 Et
1309 2038 1439 2080 liquida
1454 2043 1488 2069 et
1503 2038 1621 2068 durum

918 2091 1048 2123 Bacchi
1070 2091 1240 2122 domitura
1263 2089 1445 2131 saporem?
1483 2089 1621 2128 Theseis]

920 2144 1058 2174 Atticis.
1103 2143 1254 2174 Theseus
1284 2147 1396 2173 autem
1432 2141 1621 2173 Athenien-

921 2195 1006 2225 sium
1025 2203 1093 2225 rex.

963 2248 980 2274 5
1007 2243 1073 2273 Nec
1089 2242 1208 2282 melius,
1222 2242 1292 2283 Era]
1312 2243 1364 2273 De
1389 2241 1466 2272 ulmi
1484 2246 1519 2271 et
1544 2241 1620 2271 vitis

922 2293 1082 2331 amicitia,
1110 2298 1236 2332 praeter
1267 2293 1394 2324 Poetas
1418 2292 1472 2332 qui
1502 2292 1622 2331 passim

921 2345 1009 2374 vites
1023 2343 1120 2374 ulmis
1138 2344 1310 2383 maritant,
1325 2343 1454 2373 Plinius
1473 2342 1556 2373 libro
1573 2345 1621 2373 16.

920 2404 998 2434 cap.
1020 2397 1068 2424 18.

964 2448 984 2475 6
1006 2444 1100 2474 Latos
1115 2443 1225 2483 aquus]
1242 2442 1365 2482 Arbor,
1378 2443 1419 2473 (le
1437 2453 1503 2483 quo
1520 2444 1621 2474 Hom.

921 2495 1047 2535 Odys&
1065 2498 1096 2526 9.
1113 2500 1147 2524 et
1164 2493 1286 2524 ibidem
1305 2494 1461 2525 Eustath.
1486 2503 1528 2524 ex
1551 2494 1621 2524 He-

922 2546 1052 2575 rodoto.
1111 2545 1158 2575 [t
1192 2553 1258 2574 non
1297 2543 1477 2583 immerito,
1514 2544 1621 2575 socios

923 2595 1065 2635 [⁷13⁷ssis,
1089 2600 1222 2634 gustata
1238 2595 1320 2631 loto,
1348 2595 1492 2625 noluisse
1511 2594 1621 2625 redire

921 2647 952 2677 in
970 2647 1111 2686 patriam
1131 2646 1266 2676 scribat.
1314 2646 1404 2677 Nata
1426 2647 1526 2677 ctiam
1545 2647 1621 2676 inde

922 2696 1092 2737 paroemia,
1114 2697 1122 2712 ‘
1139 2697 1258 2727 Lotum
1292 2696 1466 2736 gustavit.’
1502 2696 1622 2732 Litora,
