<?xml version="1.0" encoding="UTF-8"?>
<!DOCTYPE html PUBLIC "-//W3C//DTD XHTML 1.0 Transitional//EN"
    "http://www.w3.org/TR/xhtml1/DTD/xhtml1-transitional.dtd">
<html xmlns="http://www.w3.org/1999/xhtml" xml:lang="en" lang="en">
 <head>
  <title>
</title>
<meta http-equiv="Content-Type" content="text/html;charset=utf-8" />
  <meta name='ocr-system' content='tesseract 3.04.00' />
  <meta name='ocr-capabilities' content='ocr_page ocr_carea ocr_par ocr_line ocrx_word'/>
</head>
<body>
  <div class='ocr_page' id='page_1' title='image "./epigrammataexedi03martuoft_0051.png"; bbox 0 0 1866 3131; ppageno 0'>
   <div class='ocr_carea' id='block_1_1' title="bbox 440 180 1326 213">
    <p class='ocr_par' dir='ltr' id='par_1_1' title="bbox 440 180 1326 213">
     <span class='ocr_line' id='line_1_1' title="bbox 440 180 1326 213; baseline 0.003 -4"><span class='ocrx_word' id='word_1_1' title='bbox 440 181 488 210; x_wconf 82' lang='lat' dir='ltr'>M.</span> <span class='ocrx_word' id='word_1_2' title='bbox 522 181 632 211; x_wconf 73' lang='lat' dir='ltr'>VAL.</span> <span class='ocrx_word' id='word_1_3' title='bbox 665 180 940 210; x_wconf 74' lang='lat' dir='ltr'>MARTIALIS</span> <span class='ocrx_word' id='word_1_4' title='bbox 976 181 1136 213; x_wconf 80' lang='lat' dir='ltr'>EPIGR.</span> <span class='ocrx_word' id='word_1_5' title='bbox 1171 182 1263 211; x_wconf 66' lang='grc' dir='ltr'><strong><em>[ΑΒ.</em></strong></span> <span class='ocrx_word' id='word_1_6' title='bbox 1296 183 1326 212; x_wconf 89' lang='lat'>1.</span> 
     </span>
    </p>
   </div>
   <div class='ocr_carea' id='block_1_2' title="bbox 159 274 868 2791">
    <p class='ocr_par' dir='ltr' id='par_1_2' title="bbox 159 274 860 516">
     <span class='ocr_line' id='line_1_2' title="bbox 159 274 859 314; baseline 0.001 -10"><span class='ocrx_word' id='word_1_7' title='bbox 159 274 243 305; x_wconf 79' lang='lat' dir='ltr'>licus</span> <span class='ocrx_word' id='word_1_8' title='bbox 268 284 286 305; x_wconf 87' lang='lat' dir='ltr'>e</span> <span class='ocrx_word' id='word_1_9' title='bbox 313 274 474 306; x_wconf 80' lang='lat' dir='ltr'>Liburnia</span> <span class='ocrx_word' id='word_1_10' title='bbox 507 274 680 312; x_wconf 89' lang='lat' dir='ltr'>oriundus,</span> <span class='ocrx_word' id='word_1_11' title='bbox 706 274 802 314; x_wconf 82' lang='lat' dir='ltr'>cnjus</span> <span class='ocrx_word' id='word_1_12' title='bbox 826 274 859 305; x_wconf 89' lang='lat' dir='ltr'>in</span> 
     </span>
     <span class='ocr_line' id='line_1_3' title="bbox 161 324 860 364; baseline -0.001 -9"><span class='ocrx_word' id='word_1_13' title='bbox 161 326 337 356; x_wconf 88' lang='lat' dir='ltr'>concilium</span> <span class='ocrx_word' id='word_1_14' title='bbox 355 325 519 364; x_wconf 81' lang='lat' dir='ltr'>vocantis,</span> <span class='ocrx_word' id='word_1_15' title='bbox 536 335 611 355; x_wconf 88' lang='lat' dir='ltr'>reos</span> <span class='ocrx_word' id='word_1_16' title='bbox 633 324 781 363; x_wconf 83' lang='lat' dir='ltr'>citantis,</span> <span class='ocrx_word' id='word_1_17' title='bbox 805 334 860 354; x_wconf 90' lang='lat' dir='ltr'>ac-</span> 
     </span>
     <span class='ocr_line' id='line_1_4' title="bbox 162 375 858 416; baseline -0.001 -11"><span class='ocrx_word' id='word_1_18' title='bbox 162 375 271 406; x_wconf 87' lang='lat' dir='ltr'>tiones</span> <span class='ocrx_word' id='word_1_19' title='bbox 294 375 533 416; x_wconf 88' lang='lat' dir='ltr'>proclamantis</span> <span class='ocrx_word' id='word_1_20' title='bbox 550 384 625 411; x_wconf 89' lang='lat' dir='ltr'>vox,</span> <span class='ocrx_word' id='word_1_21' title='bbox 649 384 714 405; x_wconf 90' lang='lat' dir='ltr'>non</span> <span class='ocrx_word' id='word_1_22' title='bbox 740 375 858 414; x_wconf 87' lang='lat' dir='ltr'>paucis</span> 
     </span>
     <span class='ocr_line' id='line_1_5' title="bbox 160 423 859 464; baseline -0.001 -9"><span class='ocrx_word' id='word_1_23' title='bbox 160 426 331 456; x_wconf 88' lang='lat' dir='ltr'>horrorem</span> <span class='ocrx_word' id='word_1_24' title='bbox 348 426 482 456; x_wconf 81' lang='lat' dir='ltr'><strong>incutit.</strong></span> <span class='ocrx_word' id='word_1_25' title='bbox 519 423 764 464; x_wconf 70' lang='lat' dir='ltr'>Querulus,-85c.]</span> <span class='ocrx_word' id='word_1_26' title='bbox 779 425 859 454; x_wconf 88' lang='lat' dir='ltr'>Fre-</span> 
     </span>
     <span class='ocr_line' id='line_1_6' title="bbox 161 474 858 516; baseline -0.001 -10"><span class='ocrx_word' id='word_1_27' title='bbox 161 476 341 516; x_wconf 90' lang='lat' dir='ltr'>quentibus</span> <span class='ocrx_word' id='word_1_28' title='bbox 366 474 511 516; x_wconf 75' lang='lat' dir='ltr'>querelis</span> <span class='ocrx_word' id='word_1_29' title='bbox 529 478 671 513; x_wconf 88' lang='lat' dir='ltr'>patrono</span> <span class='ocrx_word' id='word_1_30' title='bbox 687 474 858 505; x_wconf 79' lang='lat' dir='ltr'>molestus.</span> 
     </span>
    </p>

    <p class='ocr_par' dir='ltr' id='par_1_3' title="bbox 159 524 863 1111">
     <span class='ocr_line' id='line_1_7' title="bbox 203 524 858 565; baseline -0.002 -9"><span class='ocrx_word' id='word_1_31' title='bbox 203 529 243 556; x_wconf 73' lang='lat'>34</span> <span class='ocrx_word' id='word_1_32' title='bbox 274 526 441 556; x_wconf 38' lang='lat' dir='ltr'>If&#39;iduarum</span> <span class='ocrx_word' id='word_1_33' title='bbox 473 524 593 565; x_wconf 80' lang='lat' dir='ltr'>procul]</span> <span class='ocrx_word' id='word_1_34' title='bbox 649 525 858 565; x_wconf 90' lang='lat' dir='ltr'>Improlium.</span> 
     </span>
     <span class='ocr_line' id='line_1_8' title="bbox 161 574 860 615; baseline -0.003 -9"><span class='ocrx_word' id='word_1_35' title='bbox 161 576 246 608; x_wconf 81' lang='lat' dir='ltr'>Quae</span> <span class='ocrx_word' id='word_1_36' title='bbox 263 575 464 615; x_wconf 83' lang='lat' dir='ltr'>importunae</span> <span class='ocrx_word' id='word_1_37' title='bbox 479 580 513 605; x_wconf 92' lang='lat' dir='ltr'>et</span> <span class='ocrx_word' id='word_1_38' title='bbox 527 575 608 604; x_wconf 86' lang='lat' dir='ltr'>satis</span> <span class='ocrx_word' id='word_1_39' title='bbox 627 584 701 605; x_wconf 87' lang='lat' dir='ltr'>cum</span> <span class='ocrx_word' id='word_1_40' title='bbox 718 574 860 614; x_wconf 91' lang='lat' dir='ltr'>imperio</span> 
     </span>
     <span class='ocr_line' id='line_1_9' title="bbox 160 625 861 657; baseline -0.001 -1"><span class='ocrx_word' id='word_1_41' title='bbox 160 625 397 657; x_wconf 76' lang='lat' dir='ltr'>defunctorum</span> <span class='ocrx_word' id='word_1_42' title='bbox 437 625 583 655; x_wconf 88' lang='lat' dir='ltr'>virorum</span> <span class='ocrx_word' id='word_1_43' title='bbox 618 634 670 656; x_wconf 89' lang='lat' dir='ltr'>res</span> <span class='ocrx_word' id='word_1_44' title='bbox 701 625 861 655; x_wconf 86' lang='lat' dir='ltr'>adminis-</span> 
     </span>
     <span class='ocr_line' id='line_1_10' title="bbox 162 676 860 716; baseline -0.001 -10"><span class='ocrx_word' id='word_1_45' title='bbox 162 681 267 713; x_wconf 84' lang='lat' dir='ltr'>trant,</span> <span class='ocrx_word' id='word_1_46' title='bbox 285 680 499 716; x_wconf 83' lang='lat' dir='ltr'>patronorum</span> <span class='ocrx_word' id='word_1_47' title='bbox 517 684 622 715; x_wconf 90' lang='lat' dir='ltr'>usque</span> <span class='ocrx_word' id='word_1_48' title='bbox 640 685 778 715; x_wconf 88' lang='lat' dir='ltr'>operam</span> <span class='ocrx_word' id='word_1_49' title='bbox 792 676 860 706; x_wconf 78' lang='lat' dir='ltr'>exi-</span> 
     </span>
     <span class='ocr_line' id='line_1_11' title="bbox 162 726 861 767; baseline 0.001 -11"><span class='ocrx_word' id='word_1_50' title='bbox 162 732 290 767; x_wconf 80' lang='lat' dir='ltr'><strong>gentes.</strong></span> <span class='ocrx_word' id='word_1_51' title='bbox 346 726 427 756; x_wconf 87' lang='lat' dir='ltr'>Viro</span> <span class='ocrx_word' id='word_1_52' title='bbox 455 736 535 765; x_wconf 76' lang='lat' dir='ltr'>ergo</span> <span class='ocrx_word' id='word_1_53' title='bbox 563 732 709 765; x_wconf 86' lang='lat' dir='ltr'>mortuo,</span> <span class='ocrx_word' id='word_1_54' title='bbox 736 731 861 767; x_wconf 85' lang='lat' dir='ltr'>tuoque</span> 
     </span>
     <span class='ocr_line' id='line_1_12' title="bbox 160 777 862 817; baseline -0.001 -9"><span class='ocrx_word' id='word_1_55' title='bbox 160 778 237 809; x_wconf 90' lang='lat' dir='ltr'>olim</span> <span class='ocrx_word' id='word_1_56' title='bbox 256 782 412 817; x_wconf 91' lang='lat' dir='ltr'>patrono,</span> <span class='ocrx_word' id='word_1_57' title='bbox 441 777 551 807; x_wconf 80' lang='lat' dir='ltr'>viduae</span> <span class='ocrx_word' id='word_1_58' title='bbox 573 777 642 817; x_wconf 76' lang='lat' dir='ltr'>ejus</span> <span class='ocrx_word' id='word_1_59' title='bbox 660 777 733 817; x_wconf 90' lang='lat' dir='ltr'>jam</span> <span class='ocrx_word' id='word_1_60' title='bbox 758 777 862 817; x_wconf 85' lang='lat' dir='ltr'>impe-</span> 
     </span>
     <span class='ocr_line' id='line_1_13' title="bbox 160 829 861 870; baseline 0 -11"><span class='ocrx_word' id='word_1_61' title='bbox 160 830 247 859; x_wconf 89' lang='lat' dir='ltr'>ranti</span> <span class='ocrx_word' id='word_1_62' title='bbox 270 829 449 870; x_wconf 80' lang='lat' dir='ltr'>omniaque</span> <span class='ocrx_word' id='word_1_63' title='bbox 467 829 716 860; x_wconf 75' lang='lat' dir='ltr'>administranti</span> <span class='ocrx_word' id='word_1_64' title='bbox 740 838 861 869; x_wconf 88' lang='lat' dir='ltr'>parere</span> 
     </span>
     <span class='ocr_line' id='line_1_14' title="bbox 161 880 861 920; baseline -0.001 -10"><span class='ocrx_word' id='word_1_65' title='bbox 161 880 302 919; x_wconf 78' lang='lat' dir='ltr'>cogeris.</span> <span class='ocrx_word' id='word_1_66' title='bbox 348 880 564 920; x_wconf 86' lang='lat' dir='ltr'>Imperiosius</span> <span class='ocrx_word' id='word_1_67' title='bbox 586 885 621 910; x_wconf 90' lang='lat' dir='ltr'>et</span> <span class='ocrx_word' id='word_1_68' title='bbox 648 881 861 920; x_wconf 83' lang='lat' dir='ltr'>arrogantius</span> 
     </span>
     <span class='ocr_line' id='line_1_15' title="bbox 162 930 863 971; baseline 0 -11"><span class='ocrx_word' id='word_1_69' title='bbox 162 931 333 969; x_wconf 90' lang='lat' dir='ltr'>imperant</span> <span class='ocrx_word' id='word_1_70' title='bbox 349 930 494 961; x_wconf 78' lang='lat' dir='ltr'>faemiuae</span> <span class='ocrx_word' id='word_1_71' title='bbox 513 940 609 971; x_wconf 87' lang='lat' dir='ltr'>quam</span> <span class='ocrx_word' id='word_1_72' title='bbox 627 930 702 969; x_wconf 85' lang='lat' dir='ltr'>viri,</span> <span class='ocrx_word' id='word_1_73' title='bbox 719 935 863 970; x_wconf 86' lang='lat' dir='ltr'>propter</span> 
     </span>
     <span class='ocr_line' id='line_1_16' title="bbox 160 980 860 1021; baseline 0 -10"><span class='ocrx_word' id='word_1_74' title='bbox 160 981 310 1011; x_wconf 84' lang='lat' dir='ltr'>innatam</span> <span class='ocrx_word' id='word_1_75' title='bbox 328 981 540 1021; x_wconf 80' lang='lat' dir='ltr'>superbiam:</span> <span class='ocrx_word' id='word_1_76' title='bbox 567 980 654 1011; x_wconf 85' lang='lat' dir='ltr'>unde</span> <span class='ocrx_word' id='word_1_77' title='bbox 666 981 860 1012; x_wconf 85' lang='lat' dir='ltr'>Juvenalis:</span> 
     </span>
     <span class='ocr_line' id='line_1_17' title="bbox 159 1029 862 1072; baseline 0.001 -12"><span class='ocrx_word' id='word_1_78' title='bbox 159 1032 170 1048; x_wconf 85' lang='lat'>‘</span> <span class='ocrx_word' id='word_1_79' title='bbox 185 1031 441 1061; x_wconf 85' lang='lat' dir='ltr'>Intolerabilius</span> <span class='ocrx_word' id='word_1_80' title='bbox 458 1031 540 1061; x_wconf 87' lang='lat' dir='ltr'>nibil</span> <span class='ocrx_word' id='word_1_81' title='bbox 557 1036 620 1070; x_wconf 85' lang='lat' dir='ltr'>est,</span> <span class='ocrx_word' id='word_1_82' title='bbox 638 1041 737 1072; x_wconf 88' lang='lat' dir='ltr'>quam</span> <span class='ocrx_word' id='word_1_83' title='bbox 755 1029 862 1062; x_wconf 82' lang='lat' dir='ltr'>faemi-</span> 
     </span>
     <span class='ocr_line' id='line_1_18' title="bbox 160 1080 519 1111; baseline 0 0"><span class='ocrx_word' id='word_1_84' title='bbox 160 1090 203 1111; x_wconf 91' lang='lat' dir='ltr'>na</span> <span class='ocrx_word' id='word_1_85' title='bbox 220 1080 340 1111; x_wconf 57' lang='lat' dir='ltr'>dives?</span> <span class='ocrx_word' id='word_1_86' title='bbox 365 1081 519 1111; x_wconf 79' lang='lat' dir='ltr'>Raderus.</span> 
     </span>
    </p>

    <p class='ocr_par' dir='ltr' id='par_1_4' title="bbox 161 1131 862 1273">
     <span class='ocr_line' id='line_1_19' title="bbox 204 1131 862 1173; baseline 0.002 -11"><span class='ocrx_word' id='word_1_87' title='bbox 204 1134 243 1162; x_wconf 81' lang='lat'>35</span> <span class='ocrx_word' id='word_1_88' title='bbox 264 1132 400 1171; x_wconf 80' lang='lat' dir='ltr'>Rumpet</span> <span class='ocrx_word' id='word_1_89' title='bbox 412 1131 523 1171; x_wconf 76' lang='lat' dir='ltr'>altum]</span> <span class='ocrx_word' id='word_1_90' title='bbox 546 1132 612 1164; x_wconf 84' lang='lat' dir='ltr'>Qui</span> <span class='ocrx_word' id='word_1_91' title='bbox 629 1136 687 1163; x_wconf 85' lang='lat' dir='ltr'>tua</span> <span class='ocrx_word' id='word_1_92' title='bbox 700 1132 763 1163; x_wconf 91' lang='lat' dir='ltr'>sub</span> <span class='ocrx_word' id='word_1_93' title='bbox 784 1133 862 1173; x_wconf 87' lang='lat' dir='ltr'>galli</span> 
     </span>
     <span class='ocr_line' id='line_1_20' title="bbox 161 1181 861 1223; baseline 0.003 -11"><span class='ocrx_word' id='word_1_94' title='bbox 161 1186 299 1212; x_wconf 80' lang='lat' dir='ltr'>cantum</span> <span class='ocrx_word' id='word_1_95' title='bbox 326 1181 413 1211; x_wconf 83' lang='lat' dir='ltr'>ostia</span> <span class='ocrx_word' id='word_1_96' title='bbox 445 1181 571 1221; x_wconf 86' lang='lat' dir='ltr'>pulsat.</span> <span class='ocrx_word' id='word_1_97' title='bbox 617 1183 772 1223; x_wconf 78' lang='lat' dir='ltr'>Pallidus,</span> <span class='ocrx_word' id='word_1_98' title='bbox 793 1183 861 1223; x_wconf 55' lang='grc' dir='ltr'>ξω]</span> 
     </span>
     <span class='ocr_line' id='line_1_21' title="bbox 161 1231 677 1273; baseline 0 -9"><span class='ocrx_word' id='word_1_99' title='bbox 161 1231 303 1271; x_wconf 86' lang='lat' dir='ltr'>Anxius,</span> <span class='ocrx_word' id='word_1_100' title='bbox 319 1241 496 1273; x_wconf 80' lang='lat' dir='ltr'>causaeque</span> <span class='ocrx_word' id='word_1_101' title='bbox 509 1237 677 1264; x_wconf 84' lang='lat' dir='ltr'>metuens.</span> 
     </span>
    </p>

    <p class='ocr_par' dir='ltr' id='par_1_5' title="bbox 159 1282 866 2122">
     <span class='ocr_line' id='line_1_22' title="bbox 202 1282 862 1324; baseline 0.002 -11"><span class='ocrx_word' id='word_1_102' title='bbox 202 1285 242 1313; x_wconf 78' lang='lat'>37</span> <span class='ocrx_word' id='word_1_103' title='bbox 268 1283 440 1321; x_wconf 66' lang='lat' dir='ltr'>Mera-etur,</span> <span class='ocrx_word' id='word_1_104' title='bbox 463 1282 530 1322; x_wconf 50' lang='lat' dir='ltr'>fic]</span> <span class='ocrx_word' id='word_1_105' title='bbox 563 1282 658 1313; x_wconf 88' lang='lat' dir='ltr'>Alius</span> <span class='ocrx_word' id='word_1_106' title='bbox 676 1283 862 1324; x_wconf 86' lang='lat' dir='ltr'>irrequieto</span> 
     </span>
     <span class='ocr_line' id='line_1_23' title="bbox 159 1332 863 1375; baseline 0.004 -13"><span class='ocrx_word' id='word_1_107' title='bbox 159 1332 276 1362; x_wconf 88' lang='lat' dir='ltr'>labore</span> <span class='ocrx_word' id='word_1_108' title='bbox 308 1339 496 1372; x_wconf 83' lang='lat' dir='ltr'>aucupetur</span> <span class='ocrx_word' id='word_1_109' title='bbox 528 1333 635 1364; x_wconf 85' lang='lat' dir='ltr'>insani</span> <span class='ocrx_word' id='word_1_110' title='bbox 665 1335 779 1375; x_wconf 77' lang='lat' dir='ltr'>populi</span> <span class='ocrx_word' id='word_1_111' title='bbox 808 1345 863 1366; x_wconf 89' lang='lat' dir='ltr'>an-</span> 
     </span>
     <span class='ocr_line' id='line_1_24' title="bbox 161 1382 862 1426; baseline 0.006 -14"><span class='ocrx_word' id='word_1_112' title='bbox 161 1392 245 1420; x_wconf 84' lang='lat' dir='ltr'>ram,</span> <span class='ocrx_word' id='word_1_113' title='bbox 275 1382 339 1413; x_wconf 85' lang='lat' dir='ltr'>sibi</span> <span class='ocrx_word' id='word_1_114' title='bbox 366 1388 525 1423; x_wconf 86' lang='lat' dir='ltr'>tanquam</span> <span class='ocrx_word' id='word_1_115' title='bbox 553 1383 690 1416; x_wconf 88' lang='lat' dir='ltr'>deserto</span> <span class='ocrx_word' id='word_1_116' title='bbox 719 1390 862 1426; x_wconf 88' lang='lat' dir='ltr'>patrono</span> 
     </span>
     <span class='ocr_line' id='line_1_25' title="bbox 159 1433 863 1476; baseline 0.004 -13"><span class='ocrx_word' id='word_1_117' title='bbox 159 1433 387 1473; x_wconf 84' lang='lat' dir='ltr'>acclamantis,</span> <span class='ocrx_word' id='word_1_118' title='bbox 401 1435 515 1472; x_wconf 75' lang='grc' dir='ltr'>σοφῶς.</span> <span class='ocrx_word' id='word_1_119' title='bbox 542 1434 618 1465; x_wconf 86' lang='lat' dir='ltr'>vide</span> <span class='ocrx_word' id='word_1_120' title='bbox 636 1445 739 1476; x_wconf 87' lang='lat' dir='ltr'>supra</span> <span class='ocrx_word' id='word_1_121' title='bbox 754 1436 863 1476; x_wconf 81' lang='lat' dir='ltr'>epigr.</span> 
     </span>
     <span class='ocr_line' id='line_1_26' title="bbox 161 1485 862 1525; baseline 0.004 -11"><span class='ocrx_word' id='word_1_122' title='bbox 161 1487 193 1514; x_wconf 77' lang='lat'>4.</span> <span class='ocrx_word' id='word_1_123' title='bbox 212 1494 299 1514; x_wconf 85' lang='lat' dir='ltr'>vers.</span> <span class='ocrx_word' id='word_1_124' title='bbox 318 1486 349 1515; x_wconf 81' lang='lat'>⁷.</span> <span class='ocrx_word' id='word_1_125' title='bbox 396 1485 543 1515; x_wconf 76' lang='lat' dir='ltr'>Insanum</span> <span class='ocrx_word' id='word_1_126' title='bbox 558 1486 679 1525; x_wconf 80' lang='lat' dir='ltr'>sophos]</span> <span class='ocrx_word' id='word_1_127' title='bbox 720 1486 862 1517; x_wconf 84' lang='lat' dir='ltr'>Contra·</span> 
     </span>
     <span class='ocr_line' id='line_1_27' title="bbox 161 1534 863 1576; baseline 0.004 -12"><span class='ocrx_word' id='word_1_128' title='bbox 161 1534 266 1565; x_wconf 85' lang='lat' dir='ltr'>dictio</span> <span class='ocrx_word' id='word_1_129' title='bbox 283 1534 462 1574; x_wconf 90' lang='lat' dir='ltr'>implicita,</span> <span class='ocrx_word' id='word_1_130' title='bbox 479 1536 532 1565; x_wconf 86' lang='lat' dir='ltr'>vel</span> <span class='ocrx_word' id='word_1_131' title='bbox 545 1536 750 1576; x_wconf 83' lang='lat' dir='ltr'>Hypailage,</span> <span class='ocrx_word' id='word_1_132' title='bbox 767 1537 776 1553; x_wconf 92' lang='lat'>‘</span> <span class='ocrx_word' id='word_1_133' title='bbox 794 1537 863 1576; x_wconf 88' lang='lat' dir='ltr'>ple-</span> 
     </span>
     <span class='ocr_line' id='line_1_28' title="bbox 164 1585 864 1618; baseline 0.006 -4"><span class='ocrx_word' id='word_1_134' title='bbox 164 1585 213 1615; x_wconf 88' lang='lat' dir='ltr'>bis</span> <span class='ocrx_word' id='word_1_135' title='bbox 229 1585 378 1615; x_wconf 57' lang='lat' dir='ltr'>insanae.)</span> <span class='ocrx_word' id='word_1_136' title='bbox 424 1586 589 1616; x_wconf 84' lang='lat' dir='ltr'>Nonnulli</span> <span class='ocrx_word' id='word_1_137' title='bbox 615 1588 702 1617; x_wconf 89' lang='lat' dir='ltr'>euim</span> <span class='ocrx_word' id='word_1_138' title='bbox 727 1597 770 1618; x_wconf 88' lang='lat' dir='ltr'>ex</span> <span class='ocrx_word' id='word_1_139' title='bbox 798 1587 864 1618; x_wconf 81' lang='lat' dir='ltr'>Ro-</span> 
     </span>
     <span class='ocr_line' id='line_1_29' title="bbox 163 1635 866 1674; baseline 0.004 -9"><span class='ocrx_word' id='word_1_140' title='bbox 163 1636 268 1665; x_wconf 75' lang='lat' dir='ltr'>manis</span> <span class='ocrx_word' id='word_1_141' title='bbox 289 1635 398 1674; x_wconf 69' lang='lat' dir='ltr'>poetis</span> <span class='ocrx_word' id='word_1_142' title='bbox 421 1636 578 1667; x_wconf 87' lang='lat' dir='ltr'>solebant</span> <span class='ocrx_word' id='word_1_143' title='bbox 602 1637 759 1667; x_wconf 83' lang='lat' dir='ltr'>mercede</span> <span class='ocrx_word' id='word_1_144' title='bbox 787 1647 866 1668; x_wconf 89' lang='lat' dir='ltr'>cou-</span> 
     </span>
     <span class='ocr_line' id='line_1_30' title="bbox 163 1686 866 1724; baseline 0.003 -8"><span class='ocrx_word' id='word_1_145' title='bbox 163 1686 289 1716; x_wconf 76' lang='lat' dir='ltr'>ducere</span> <span class='ocrx_word' id='word_1_146' title='bbox 304 1687 527 1724; x_wconf 88' lang='lat' dir='ltr'>auditores,et</span> <span class='ocrx_word' id='word_1_147' title='bbox 540 1687 732 1718; x_wconf 84' lang='lat' dir='ltr'>laudatores</span> <span class='ocrx_word' id='word_1_148' title='bbox 744 1688 866 1718; x_wconf 87' lang='lat' dir='ltr'>carmi-</span> 
     </span>
     <span class='ocr_line' id='line_1_31' title="bbox 162 1737 865 1777; baseline 0.003 -11"><span class='ocrx_word' id='word_1_149' title='bbox 162 1746 253 1775; x_wconf 89' lang='lat' dir='ltr'>num,</span> <span class='ocrx_word' id='word_1_150' title='bbox 269 1742 368 1777; x_wconf 88' lang='lat' dir='ltr'>atque</span> <span class='ocrx_word' id='word_1_151' title='bbox 382 1737 429 1767; x_wconf 89' lang='lat' dir='ltr'>ita</span> <span class='ocrx_word' id='word_1_152' title='bbox 441 1738 583 1768; x_wconf 87' lang='lat' dir='ltr'>mercari</span> <span class='ocrx_word' id='word_1_153' title='bbox 601 1738 865 1768; x_wconf 84' lang='lat' dir='ltr'>acclamationes</span> 
     </span>
     <span class='ocr_line' id='line_1_32' title="bbox 162 1787 862 1819; baseline 0.003 -2"><span class='ocrx_word' id='word_1_154' title='bbox 162 1787 245 1817; x_wconf 82' lang='lat' dir='ltr'>illas.</span> <span class='ocrx_word' id='word_1_155' title='bbox 272 1787 371 1819; x_wconf 85' lang='lat' dir='ltr'>Quod</span> <span class='ocrx_word' id='word_1_156' title='bbox 388 1788 557 1818; x_wconf 85' lang='lat' dir='ltr'>Martialis</span> <span class='ocrx_word' id='word_1_157' title='bbox 573 1788 628 1818; x_wconf 90' lang='lat' dir='ltr'>lib.</span> <span class='ocrx_word' id='word_1_158' title='bbox 645 1791 676 1818; x_wconf 87' lang='grc'>6.</span> <span class='ocrx_word' id='word_1_159' title='bbox 695 1793 862 1819; x_wconf 86' lang='lat' dir='ltr'>testatur:</span> 
     </span>
     <span class='ocr_line' id='line_1_33' title="bbox 161 1837 865 1878; baseline 0.003 -10"><span class='ocrx_word' id='word_1_160' title='bbox 161 1840 170 1853; x_wconf 86' lang='lat'>‘</span> <span class='ocrx_word' id='word_1_161' title='bbox 187 1837 283 1869; x_wconf 83' lang='lat' dir='ltr'>Quod</span> <span class='ocrx_word' id='word_1_162' title='bbox 302 1843 370 1868; x_wconf 88' lang='lat' dir='ltr'>tam</span> <span class='ocrx_word' id='word_1_163' title='bbox 386 1837 513 1877; x_wconf 85' lang='lat' dir='ltr'>grande</span> <span class='ocrx_word' id='word_1_164' title='bbox 528 1839 649 1878; x_wconf 84' lang='lat' dir='ltr'>sophos</span> <span class='ocrx_word' id='word_1_165' title='bbox 664 1839 788 1869; x_wconf 84' lang='lat' dir='ltr'>clamat</span> <span class='ocrx_word' id='word_1_166' title='bbox 803 1839 865 1870; x_wconf 88' lang='lat' dir='ltr'>tibi</span> 
     </span>
     <span class='ocr_line' id='line_1_34' title="bbox 167 1888 862 1930; baseline -0.001 -9"><span class='ocrx_word' id='word_1_167' title='bbox 167 1890 269 1921; x_wconf 82' lang='lat' dir='ltr'>turba</span> <span class='ocrx_word' id='word_1_168' title='bbox 292 1894 424 1929; x_wconf 80' lang='lat' dir='ltr'>togata3</span> <span class='ocrx_word' id='word_1_169' title='bbox 449 1888 526 1919; x_wconf 92' lang='lat' dir='ltr'>Non</span> <span class='ocrx_word' id='word_1_170' title='bbox 548 1894 584 1919; x_wconf 92' lang='lat' dir='ltr'>tu</span> <span class='ocrx_word' id='word_1_171' title='bbox 602 1889 781 1930; x_wconf 87' lang='lat' dir='ltr'>Pomponi,</span> <span class='ocrx_word' id='word_1_172' title='bbox 798 1900 862 1921; x_wconf 85' lang='lat' dir='ltr'>coe-</span> 
     </span>
     <span class='ocr_line' id='line_1_35' title="bbox 165 1938 863 1974; baseline 0.003 -3"><span class='ocrx_word' id='word_1_173' title='bbox 165 1951 208 1971; x_wconf 90' lang='lat' dir='ltr'>na</span> <span class='ocrx_word' id='word_1_174' title='bbox 235 1941 363 1971; x_wconf 84' lang='lat' dir='ltr'>diserta</span> <span class='ocrx_word' id='word_1_175' title='bbox 392 1945 449 1970; x_wconf 90' lang='lat' dir='ltr'>tua</span> <span class='ocrx_word' id='word_1_176' title='bbox 472 1938 549 1971; x_wconf 87' lang='lat' dir='ltr'>est.&#39;</span> <span class='ocrx_word' id='word_1_177' title='bbox 592 1940 640 1970; x_wconf 89' lang='lat' dir='ltr'>Ut</span> <span class='ocrx_word' id='word_1_178' title='bbox 672 1945 708 1971; x_wconf 91' lang='lat' dir='ltr'>et</span> <span class='ocrx_word' id='word_1_179' title='bbox 739 1940 863 1974; x_wconf 87' lang='lat' dir='ltr'>Horat.</span> 
     </span>
     <span class='ocr_line' id='line_1_36' title="bbox 159 1989 864 2031; baseline 0.001 -10"><span class='ocrx_word' id='word_1_180' title='bbox 159 1992 168 2008; x_wconf 90' lang='lat'>‘</span> <span class='ocrx_word' id='word_1_181' title='bbox 191 1991 267 2022; x_wconf 78' lang='lat' dir='ltr'>Non</span> <span class='ocrx_word' id='word_1_182' title='bbox 294 1999 358 2030; x_wconf 85' lang='lat' dir='ltr'>ego</span> <span class='ocrx_word' id='word_1_183' title='bbox 386 1993 534 2020; x_wconf 88' lang='lat' dir='ltr'>ventosae</span> <span class='ocrx_word' id='word_1_184' title='bbox 566 1989 675 2030; x_wconf 88' lang='lat' dir='ltr'>plebis</span> <span class='ocrx_word' id='word_1_185' title='bbox 705 1989 864 2031; x_wconf 87' lang='lat' dir='ltr'>suffragia</span> 
     </span>
     <span class='ocr_line' id='line_1_37' title="bbox 165 2040 862 2081; baseline 0.001 -9"><span class='ocrx_word' id='word_1_186' title='bbox 165 2051 271 2072; x_wconf 88' lang='lat' dir='ltr'>venor</span> <span class='ocrx_word' id='word_1_187' title='bbox 301 2040 468 2081; x_wconf 85' lang='lat' dir='ltr'>Impensis</span> <span class='ocrx_word' id='word_1_188' title='bbox 498 2050 680 2081; x_wconf 89' lang='lat' dir='ltr'>coenarum,</span> <span class='ocrx_word' id='word_1_189' title='bbox 708 2046 744 2072; x_wconf 88' lang='lat' dir='ltr'>et</span> <span class='ocrx_word' id='word_1_190' title='bbox 772 2041 862 2074; x_wconf 86' lang='lat' dir='ltr'>tritae</span> 
     </span>
     <span class='ocr_line' id='line_1_38' title="bbox 164 2091 444 2122; baseline -0.007 0"><span class='ocrx_word' id='word_1_191' title='bbox 164 2101 303 2122; x_wconf 87' lang='lat' dir='ltr'>munere</span> <span class='ocrx_word' id='word_1_192' title='bbox 321 2091 444 2122; x_wconf 85' lang='lat' dir='ltr'>vestis.’</span> 
     </span>
    </p>

    <p class='ocr_par' dir='ltr' id='par_1_6' title="bbox 165 2141 865 2324">
     <span class='ocr_line' id='line_1_39' title="bbox 206 2141 862 2183; baseline 0.002 -10"><span class='ocrx_word' id='word_1_193' title='bbox 206 2145 247 2173; x_wconf 77' lang='lat'>38</span> <span class='ocrx_word' id='word_1_194' title='bbox 272 2141 438 2181; x_wconf 72' lang='lat' dir='ltr'>Fericium]</span> <span class='ocrx_word' id='word_1_195' title='bbox 463 2141 594 2173; x_wconf 90' lang='lat' dir='ltr'>Horum</span> <span class='ocrx_word' id='word_1_196' title='bbox 606 2142 862 2183; x_wconf 86' lang='lat' dir='ltr'>quiplebislau-</span> 
     </span>
     <span class='ocr_line' id='line_1_40' title="bbox 165 2191 865 2233; baseline 0.004 -12"><span class='ocrx_word' id='word_1_197' title='bbox 165 2191 263 2222; x_wconf 81' lang='lat' dir='ltr'>dibus</span> <span class='ocrx_word' id='word_1_198' title='bbox 291 2191 410 2222; x_wconf 87' lang='lat' dir='ltr'>tumidi</span> <span class='ocrx_word' id='word_1_199' title='bbox 440 2197 475 2222; x_wconf 86' lang='lat' dir='ltr'>et</span> <span class='ocrx_word' id='word_1_200' title='bbox 505 2191 694 2223; x_wconf 88' lang='lat' dir='ltr'>forensibus</span> <span class='ocrx_word' id='word_1_201' title='bbox 719 2193 865 2233; x_wconf 86' lang='lat' dir='ltr'>negotiis</span> 
     </span>
     <span class='ocr_line' id='line_1_41' title="bbox 166 2240 864 2284; baseline 0.003 -12"><span class='ocrx_word' id='word_1_202' title='bbox 166 2242 325 2282; x_wconf 77' lang='lat' dir='ltr'>occupati</span> <span class='ocrx_word' id='word_1_203' title='bbox 352 2252 387 2272; x_wconf 88' lang='lat' dir='ltr'>se</span> <span class='ocrx_word' id='word_1_204' title='bbox 418 2240 536 2273; x_wconf 84' lang='lat' dir='ltr'>felices</span> <span class='ocrx_word' id='word_1_205' title='bbox 575 2242 732 2282; x_wconf 87' lang='lat' dir='ltr'>credunt,</span> <span class='ocrx_word' id='word_1_206' title='bbox 771 2243 864 2284; x_wconf 82' lang='lat' dir='ltr'>digni</span> 
     </span>
     <span class='ocr_line' id='line_1_42' title="bbox 168 2292 510 2324; baseline 0.003 -2"><span class='ocrx_word' id='word_1_207' title='bbox 168 2302 247 2323; x_wconf 87' lang='lat' dir='ltr'>saue</span> <span class='ocrx_word' id='word_1_208' title='bbox 265 2292 510 2324; x_wconf 83' lang='lat' dir='ltr'>misericordia.</span> 
     </span>
    </p>

    <p class='ocr_par' dir='ltr' id='par_1_7' title="bbox 166 2342 868 2574">
     <span class='ocr_line' id='line_1_43' title="bbox 209 2342 864 2384; baseline 0.008 -13"><span class='ocrx_word' id='word_1_209' title='bbox 209 2345 249 2372; x_wconf 83' lang='lat'>39</span> <span class='ocrx_word' id='word_1_210' title='bbox 278 2342 413 2382; x_wconf 85' lang='lat' dir='ltr'>Veroque</span> <span class='ocrx_word' id='word_1_211' title='bbox 440 2343 570 2384; x_wconf 72' lang='lat' dir='ltr'>gaudio]</span> <span class='ocrx_word' id='word_1_212' title='bbox 608 2344 744 2375; x_wconf 87' lang='lat' dir='ltr'>Gaudio</span> <span class='ocrx_word' id='word_1_213' title='bbox 775 2351 864 2376; x_wconf 86' lang='lat' dir='ltr'>tran-</span> 
     </span>
     <span class='ocr_line' id='line_1_44' title="bbox 169 2392 867 2435; baseline 0.006 -13"><span class='ocrx_word' id='word_1_214' title='bbox 169 2392 285 2433; x_wconf 70' lang='lat' dir='ltr'>quilla:</span> <span class='ocrx_word' id='word_1_215' title='bbox 303 2393 392 2430; x_wconf 56' lang='lat' dir='ltr'>vitm,</span> <span class='ocrx_word' id='word_1_216' title='bbox 406 2393 494 2423; x_wconf 84' lang='lat' dir='ltr'>curis</span> <span class='ocrx_word' id='word_1_217' title='bbox 511 2399 547 2424; x_wconf 88' lang='lat' dir='ltr'>et</span> <span class='ocrx_word' id='word_1_218' title='bbox 560 2396 867 2435; x_wconf 78' lang='lat' dir='ltr'>molestiisliberae,</span> 
     </span>
     <span class='ocr_line' id='line_1_45' title="bbox 166 2442 868 2483; baseline 0.007 -11"><span class='ocrx_word' id='word_1_219' title='bbox 166 2452 233 2473; x_wconf 89' lang='lat' dir='ltr'>nou</span> <span class='ocrx_word' id='word_1_220' title='bbox 251 2442 405 2473; x_wconf 85' lang='lat' dir='ltr'>solicitae.</span> <span class='ocrx_word' id='word_1_221' title='bbox 438 2443 511 2472; x_wconf 71' lang='lat' dir='ltr'>Non</span> <span class='ocrx_word' id='word_1_222' title='bbox 522 2444 682 2483; x_wconf 81' lang='lat' dir='ltr'>superbus]</span> <span class='ocrx_word' id='word_1_223' title='bbox 708 2446 784 2476; x_wconf 84' lang='lat' dir='ltr'>Non</span> <span class='ocrx_word' id='word_1_224' title='bbox 801 2456 868 2477; x_wconf 88' lang='lat' dir='ltr'>am-</span> 
     </span>
     <span class='ocr_line' id='line_1_46' title="bbox 166 2493 868 2534; baseline 0.009 -12"><span class='ocrx_word' id='word_1_225' title='bbox 166 2493 401 2531; x_wconf 87' lang='lat' dir='ltr'>bitiosus‚non</span> <span class='ocrx_word' id='word_1_226' title='bbox 424 2493 506 2523; x_wconf 85' lang='lat' dir='ltr'>levis</span> <span class='ocrx_word' id='word_1_227' title='bbox 536 2496 651 2534; x_wconf 86' lang='lat' dir='ltr'>populi</span> <span class='ocrx_word' id='word_1_228' title='bbox 677 2496 868 2528; x_wconf 77' lang='lat' dir='ltr'>aurainfla-</span> 
     </span>
     <span class='ocr_line' id='line_1_47' title="bbox 168 2549 232 2574; baseline -0.016 0"><span class='ocrx_word' id='word_1_229' title='bbox 168 2549 232 2574; x_wconf 74' lang='lat' dir='ltr'>tus.</span> 
     </span>
    </p>

    <p class='ocr_par' dir='ltr' id='par_1_8' title="bbox 166 2593 868 2791">
     <span class='ocr_line' id='line_1_48' title="bbox 209 2593 868 2637; baseline 0.012 -15"><span class='ocrx_word' id='word_1_230' title='bbox 209 2596 250 2623; x_wconf 80' lang='grc'>40</span> <span class='ocrx_word' id='word_1_231' title='bbox 274 2593 370 2632; x_wconf 78' lang='lat' dir='ltr'>Sura,</span> <span class='ocrx_word' id='word_1_232' title='bbox 384 2593 451 2633; x_wconf 65' lang='lat' dir='ltr'>Era]</span> <span class='ocrx_word' id='word_1_233' title='bbox 475 2594 676 2634; x_wconf 87' lang='lat' dir='ltr'>Palphurius</span> <span class='ocrx_word' id='word_1_234' title='bbox 692 2596 790 2637; x_wconf 85' lang='lat' dir='ltr'>Sura,</span> <span class='ocrx_word' id='word_1_235' title='bbox 805 2608 868 2630; x_wconf 82' lang='lat' dir='ltr'>cae-</span> 
     </span>
     <span class='ocr_line' id='line_1_49' title="bbox 168 2644 866 2685; baseline 0.004 -9"><span class='ocrx_word' id='word_1_236' title='bbox 168 2645 300 2685; x_wconf 86' lang='lat' dir='ltr'>terique</span> <span class='ocrx_word' id='word_1_237' title='bbox 313 2644 420 2674; x_wconf 88' lang='lat' dir='ltr'>laudis</span> <span class='ocrx_word' id='word_1_238' title='bbox 435 2645 526 2675; x_wconf 88' lang='lat' dir='ltr'>avidi</span> <span class='ocrx_word' id='word_1_239' title='bbox 544 2646 702 2678; x_wconf 80' lang='lat' dir='ltr'>causidici</span> <span class='ocrx_word' id='word_1_240' title='bbox 721 2647 796 2679; x_wconf 90' lang='lat' dir='ltr'>foro</span> <span class='ocrx_word' id='word_1_241' title='bbox 815 2659 866 2679; x_wconf 84' lang='lat' dir='ltr'>va-</span> 
     </span>
     <span class='ocr_line' id='line_1_50' title="bbox 166 2696 867 2735; baseline 0.004 -8"><span class='ocrx_word' id='word_1_242' title='bbox 166 2702 256 2727; x_wconf 83' lang='lat' dir='ltr'>ceut.</span> <span class='ocrx_word' id='word_1_243' title='bbox 300 2696 366 2732; x_wconf 86' lang='lat' dir='ltr'>Tu,</span> <span class='ocrx_word' id='word_1_244' title='bbox 382 2706 401 2724; x_wconf 85' lang='lat' dir='ltr'>o</span> <span class='ocrx_word' id='word_1_245' title='bbox 420 2696 604 2735; x_wconf 70' lang='lat' dir='ltr'>Liciniano,</span> <span class='ocrx_word' id='word_1_246' title='bbox 626 2699 759 2730; x_wconf 82' lang='lat' dir='ltr'>laudum</span> <span class='ocrx_word' id='word_1_247' title='bbox 787 2700 867 2730; x_wconf 78' lang='lat' dir='ltr'>satis</span> 
     </span>
     <span class='ocr_line' id='line_1_51' title="bbox 168 2746 868 2791; baseline 0.003 -13"><span class='ocrx_word' id='word_1_248' title='bbox 168 2748 316 2787; x_wconf 81' lang='lat' dir='ltr'>amplum</span> <span class='ocrx_word' id='word_1_249' title='bbox 335 2746 472 2777; x_wconf 86' lang='lat' dir='ltr'>titulum</span> <span class='ocrx_word' id='word_1_250' title='bbox 499 2749 734 2791; x_wconf 87' lang='lat' dir='ltr'>cumulumque</span> <span class='ocrx_word' id='word_1_251' title='bbox 753 2759 868 2780; x_wconf 85' lang='lat' dir='ltr'>conse-</span> 
     </span>
    </p>
   </div>
   <div class='ocr_carea' id='block_1_3' title="bbox 1497 175 1608 216">
    <p class='ocr_par' dir='ltr' id='par_1_9' title="bbox 1497 175 1608 216">
     <span class='ocr_line' id='line_1_52' title="bbox 1497 175 1608 216; baseline 0.009 -1"><span class='ocrx_word' id='word_1_252' title='bbox 1497 175 1608 216; x_wconf 89' lang='lat'>1111</span> 
     </span>
    </p>
   </div>
   <div class='ocr_carea' id='block_1_4' title="bbox 911 275 1620 2782">
    <p class='ocr_par' dir='ltr' id='par_1_10' title="bbox 911 275 1609 417">
     <span class='ocr_line' id='line_1_53' title="bbox 911 275 1609 319; baseline 0.007 -15"><span class='ocrx_word' id='word_1_253' title='bbox 911 279 1010 305; x_wconf 87' lang='lat' dir='ltr'>cutus</span> <span class='ocrx_word' id='word_1_254' title='bbox 1025 275 1058 305; x_wconf 95' lang='lat' dir='ltr'>in</span> <span class='ocrx_word' id='word_1_255' title='bbox 1075 281 1261 316; x_wconf 85' lang='lat' dir='ltr'>posterum,</span> <span class='ocrx_word' id='word_1_256' title='bbox 1281 277 1369 309; x_wconf 86' lang='lat' dir='ltr'>citra</span> <span class='ocrx_word' id='word_1_257' title='bbox 1394 278 1510 318; x_wconf 82' lang='lat' dir='ltr'>gloriae</span> <span class='ocrx_word' id='word_1_258' title='bbox 1534 280 1609 319; x_wconf 81' lang='lat' dir='ltr'>jac-</span> 
     </span>
     <span class='ocr_line' id='line_1_54' title="bbox 911 326 1609 368; baseline 0.009 -14"><span class='ocrx_word' id='word_1_259' title='bbox 911 329 1021 356; x_wconf 89' lang='lat' dir='ltr'>turam</span> <span class='ocrx_word' id='word_1_260' title='bbox 1051 331 1109 356; x_wconf 89' lang='lat' dir='ltr'>aut</span> <span class='ocrx_word' id='word_1_261' title='bbox 1138 326 1285 358; x_wconf 85' lang='lat' dir='ltr'>infamiae</span> <span class='ocrx_word' id='word_1_262' title='bbox 1316 333 1443 368; x_wconf 87' lang='lat' dir='ltr'>notam,</span> <span class='ocrx_word' id='word_1_263' title='bbox 1475 330 1546 360; x_wconf 86' lang='lat' dir='ltr'>otio</span> <span class='ocrx_word' id='word_1_264' title='bbox 1573 335 1609 361; x_wconf 89' lang='lat' dir='ltr'>et</span> 
     </span>
     <span class='ocr_line' id='line_1_55' title="bbox 911 376 1182 417; baseline 0.007 -11"><span class='ocrx_word' id='word_1_265' title='bbox 911 377 1016 417; x_wconf 87' lang='lat' dir='ltr'>quieti</span> <span class='ocrx_word' id='word_1_266' title='bbox 1033 376 1182 417; x_wconf 86' lang='lat' dir='ltr'>indulge.</span> 
     </span>
    </p>

    <p class='ocr_par' dir='ltr' id='par_1_11' title="bbox 911 426 1612 819">
     <span class='ocr_line' id='line_1_56' title="bbox 953 426 1610 470; baseline 0.008 -14"><span class='ocrx_word' id='word_1_267' title='bbox 953 426 1062 457; x_wconf 72' lang='lat' dir='ltr'>Epic.</span> <span class='ocrx_word' id='word_1_268' title='bbox 1075 433 1119 456; x_wconf 73' lang='grc' dir='ltr'>ιι.</span> <span class='ocrx_word' id='word_1_269' title='bbox 1146 429 1160 457; x_wconf 93' lang='grc'>1</span> <span class='ocrx_word' id='word_1_270' title='bbox 1175 427 1213 457; x_wconf 82' lang='lat' dir='ltr'>Sz&#39;</span> <span class='ocrx_word' id='word_1_271' title='bbox 1226 428 1283 458; x_wconf 83' lang='lat' dir='ltr'>tibi</span> <span class='ocrx_word' id='word_1_272' title='bbox 1295 428 1468 469; x_wconf 72' lang='lat' dir='ltr'>Mistyllos,</span> <span class='ocrx_word' id='word_1_273' title='bbox 1479 429 1544 470; x_wconf 53' lang='lat' dir='ltr'>Esca]</span> <span class='ocrx_word' id='word_1_274' title='bbox 1559 431 1610 461; x_wconf 86' lang='lat' dir='ltr'>Ex</span> 
     </span>
     <span class='ocr_line' id='line_1_57' title="bbox 911 475 1611 512; baseline 0.009 -7"><span class='ocrx_word' id='word_1_275' title='bbox 911 475 1053 506; x_wconf 88' lang='lat' dir='ltr'>Homeri</span> <span class='ocrx_word' id='word_1_276' title='bbox 1067 476 1107 506; x_wconf 85' lang='lat'>11.</span> <span class='ocrx_word' id='word_1_277' title='bbox 1123 488 1151 507; x_wconf 84' lang='grc' dir='ltr'>α.</span> <span class='ocrx_word' id='word_1_278' title='bbox 1163 480 1239 507; x_wconf 81' lang='grc'><strong>465.</strong></span> <span class='ocrx_word' id='word_1_279' title='bbox 1253 483 1286 508; x_wconf 89' lang='lat' dir='ltr'>et</span> <span class='ocrx_word' id='word_1_280' title='bbox 1300 479 1376 509; x_wconf 92' lang='lat' dir='ltr'>alibi</span> <span class='ocrx_word' id='word_1_281' title='bbox 1391 479 1570 512; x_wconf 83' lang='grc' dir='ltr'>Μίστυλλόν</span> <span class='ocrx_word' id='word_1_282' title='bbox 1580 480 1611 511; x_wconf 82' lang='grc' dir='ltr'>τ’</span> 
     </span>
     <span class='ocr_line' id='line_1_58' title="bbox 912 524 1609 569; baseline 0.01 -14"><span class='ocrx_word' id='word_1_283' title='bbox 912 524 969 565; x_wconf 73' lang='grc' dir='ltr'><em>ἄρα.</em></span> <span class='ocrx_word' id='word_1_284' title='bbox 977 525 1082 556; x_wconf 77' lang='grc' dir='ltr'>τᾶλλα</span> <span class='ocrx_word' id='word_1_285' title='bbox 1092 525 1142 557; x_wconf 80' lang='grc' dir='ltr'>καὶ</span> <span class='ocrx_word' id='word_1_286' title='bbox 1154 526 1227 566; x_wconf 83' lang='grc' dir='ltr'>ἀμφ’</span> <span class='ocrx_word' id='word_1_287' title='bbox 1240 526 1394 562; x_wconf 74' lang='grc' dir='ltr'>ὀβελοῖσιν</span> <span class='ocrx_word' id='word_1_288' title='bbox 1407 528 1537 569; x_wconf 84' lang='grc' dir='ltr'>ἔπειραν.</span> <span class='ocrx_word' id='word_1_289' title='bbox 1555 532 1609 562; x_wconf 80' lang='lat' dir='ltr'>AE-</span> 
     </span>
     <span class='ocr_line' id='line_1_59' title="bbox 911 577 1612 623; baseline 0.009 -16"><span class='ocrx_word' id='word_1_290' title='bbox 911 577 1067 608; x_wconf 88' lang='lat' dir='ltr'>milianus</span> <span class='ocrx_word' id='word_1_291' title='bbox 1085 588 1228 618; x_wconf 88' lang='lat' dir='ltr'>coquum</span> <span class='ocrx_word' id='word_1_292' title='bbox 1245 588 1338 609; x_wconf 89' lang='lat' dir='ltr'>suum</span> <span class='ocrx_word' id='word_1_293' title='bbox 1366 581 1542 621; x_wconf 81' lang='lat' dir='ltr'>Mistyllum</span> <span class='ocrx_word' id='word_1_294' title='bbox 1555 592 1612 623; x_wconf 87' lang='lat' dir='ltr'>ap-</span> 
     </span>
     <span class='ocr_line' id='line_1_60' title="bbox 911 628 1611 671; baseline 0.009 -14"><span class='ocrx_word' id='word_1_295' title='bbox 911 628 1110 667; x_wconf 86' lang='lat' dir='ltr'>pellaverat.</span> <span class='ocrx_word' id='word_1_296' title='bbox 1142 628 1285 660; x_wconf 82' lang='lat' dir='ltr'>Jocatus</span> <span class='ocrx_word' id='word_1_297' title='bbox 1297 629 1406 660; x_wconf 72' lang='lat' dir='ltr'>Poeta</span> <span class='ocrx_word' id='word_1_298' title='bbox 1419 632 1540 671; x_wconf 80' lang='lat' dir='ltr'>quaerit</span> <span class='ocrx_word' id='word_1_299' title='bbox 1551 643 1611 663; x_wconf 89' lang='lat' dir='ltr'>cur</span> 
     </span>
     <span class='ocr_line' id='line_1_61' title="bbox 911 677 1610 713; baseline 0.01 -7"><span class='ocrx_word' id='word_1_300' title='bbox 911 686 978 707; x_wconf 92' lang='lat' dir='ltr'>non</span> <span class='ocrx_word' id='word_1_301' title='bbox 1009 677 1127 708; x_wconf 86' lang='lat' dir='ltr'>itidem</span> <span class='ocrx_word' id='word_1_302' title='bbox 1155 678 1218 708; x_wconf 85' lang='lat' dir='ltr'>sibi</span> <span class='ocrx_word' id='word_1_303' title='bbox 1245 678 1348 710; x_wconf 90' lang='lat' dir='ltr'>liceat</span> <span class='ocrx_word' id='word_1_304' title='bbox 1372 689 1466 711; x_wconf 88' lang='lat' dir='ltr'>suum</span> <span class='ocrx_word' id='word_1_305' title='bbox 1492 690 1610 713; x_wconf 88' lang='lat' dir='ltr'>cocum</span> 
     </span>
     <span class='ocr_line' id='line_1_62' title="bbox 913 727 1610 770; baseline 0.01 -14"><span class='ocrx_word' id='word_1_306' title='bbox 913 727 1086 766; x_wconf 85' lang='lat' dir='ltr'>appellare</span> <span class='ocrx_word' id='word_1_307' title='bbox 1111 727 1314 768; x_wconf 82' lang='lat' dir='ltr'>Taratallam,</span> <span class='ocrx_word' id='word_1_308' title='bbox 1339 730 1429 770; x_wconf 92' lang='lat' dir='ltr'>quod</span> <span class='ocrx_word' id='word_1_309' title='bbox 1452 731 1484 761; x_wconf 90' lang='lat' dir='ltr'>in</span> <span class='ocrx_word' id='word_1_310' title='bbox 1512 741 1610 763; x_wconf 76' lang='lat' dir='ltr'>versu</span> 
     </span>
     <span class='ocr_line' id='line_1_63' title="bbox 914 777 1235 819; baseline 0.003 -11"><span class='ocrx_word' id='word_1_311' title='bbox 914 777 1056 808; x_wconf 79' lang='lat' dir='ltr'>Homeri</span> <span class='ocrx_word' id='word_1_312' title='bbox 1070 778 1235 819; x_wconf 84' lang='lat' dir='ltr'>sequitur.</span> 
     </span>
    </p>

    <p class='ocr_par' dir='ltr' id='par_1_12' title="bbox 911 828 1614 1021">
     <span class='ocr_line' id='line_1_64' title="bbox 948 828 1611 871; baseline 0.006 -13"><span class='ocrx_word' id='word_1_313' title='bbox 948 829 1054 859; x_wconf 70' lang='lat' dir='ltr'>Epic..</span> <span class='ocrx_word' id='word_1_314' title='bbox 1077 837 1138 860; x_wconf 81' lang='lat' dir='ltr'>Lu.</span> <span class='ocrx_word' id='word_1_315' title='bbox 1163 831 1178 859; x_wconf 93' lang='lat'>1</span> <span class='ocrx_word' id='word_1_316' title='bbox 1201 828 1322 869; x_wconf 83' lang='lat' dir='ltr'>Prima,</span> <span class='ocrx_word' id='word_1_317' title='bbox 1343 829 1412 870; x_wconf 52' lang='grc' dir='ltr'>ἔξω]</span> <span class='ocrx_word' id='word_1_318' title='bbox 1448 831 1611 871; x_wconf 87' lang='lat' dir='ltr'>Maxima,</span> 
     </span>
     <span class='ocr_line' id='line_1_65' title="bbox 912 877 1614 918; baseline 0.009 -10"><span class='ocrx_word' id='word_1_319' title='bbox 912 877 1060 918; x_wconf 86' lang='lat' dir='ltr'>pinguis,</span> <span class='ocrx_word' id='word_1_320' title='bbox 1086 884 1192 918; x_wconf 89' lang='lat' dir='ltr'>vasta,</span> <span class='ocrx_word' id='word_1_321' title='bbox 1216 883 1387 911; x_wconf 88' lang='lat' dir='ltr'>taurorum</span> <span class='ocrx_word' id='word_1_322' title='bbox 1415 881 1547 913; x_wconf 89' lang='lat' dir='ltr'>scilicet</span> <span class='ocrx_word' id='word_1_323' title='bbox 1578 889 1614 914; x_wconf 92' lang='lat' dir='ltr'>et</span> 
     </span>
     <span class='ocr_line' id='line_1_66' title="bbox 911 929 1613 970; baseline 0.007 -12"><span class='ocrx_word' id='word_1_324' title='bbox 911 938 1103 960; x_wconf 87' lang='lat' dir='ltr'>cervorum.</span> <span class='ocrx_word' id='word_1_325' title='bbox 1133 929 1190 960; x_wconf 92' lang='lat' dir='ltr'>Sic</span> <span class='ocrx_word' id='word_1_326' title='bbox 1213 939 1314 970; x_wconf 88' lang='lat' dir='ltr'>supra</span> <span class='ocrx_word' id='word_1_327' title='bbox 1331 930 1430 969; x_wconf 84' lang='lat' dir='ltr'>dixit,</span> <span class='ocrx_word' id='word_1_328' title='bbox 1446 932 1454 948; x_wconf 91' lang='lat'>‘</span> <span class='ocrx_word' id='word_1_329' title='bbox 1467 931 1613 963; x_wconf 85' lang='lat' dir='ltr'>Servan-</span> 
     </span>
     <span class='ocr_line' id='line_1_67' title="bbox 915 979 1562 1021; baseline 0.008 -13"><span class='ocrx_word' id='word_1_330' title='bbox 915 982 966 1008; x_wconf 85' lang='lat' dir='ltr'>tur</span> <span class='ocrx_word' id='word_1_331' title='bbox 982 980 1111 1018; x_wconf 85' lang='lat' dir='ltr'>magnis</span> <span class='ocrx_word' id='word_1_332' title='bbox 1128 979 1183 1010; x_wconf 89' lang='lat' dir='ltr'>isti</span> <span class='ocrx_word' id='word_1_333' title='bbox 1200 980 1392 1011; x_wconf 85' lang='lat' dir='ltr'>cervicibus</span> <span class='ocrx_word' id='word_1_334' title='bbox 1409 982 1562 1021; x_wconf 67' lang='lat' dir='ltr'>ungues!</span> 
     </span>
    </p>

    <p class='ocr_par' dir='ltr' id='par_1_13' title="bbox 911 1029 1614 1120">
     <span class='ocr_line' id='line_1_68' title="bbox 954 1029 1614 1073; baseline 0.009 -14"><span class='ocrx_word' id='word_1_335' title='bbox 954 1031 974 1059; x_wconf 84' lang='lat'>2</span> <span class='ocrx_word' id='word_1_336' title='bbox 997 1029 1180 1069; x_wconf 61' lang='lat' dir='ltr'>Ambdiooe,</span> <span class='ocrx_word' id='word_1_337' title='bbox 1200 1030 1270 1071; x_wconf 63' lang='lat' dir='ltr'>Era]</span> <span class='ocrx_word' id='word_1_338' title='bbox 1315 1031 1389 1062; x_wconf 87' lang='lat' dir='ltr'>Fati</span> <span class='ocrx_word' id='word_1_339' title='bbox 1422 1033 1562 1073; x_wconf 81' lang='lat' dir='ltr'>gloriam</span> <span class='ocrx_word' id='word_1_340' title='bbox 1594 1044 1614 1065; x_wconf 86' lang='lat' dir='ltr'>a</span> 
     </span>
     <span class='ocr_line' id='line_1_69' title="bbox 911 1078 1177 1120; baseline 0.008 -11"><span class='ocrx_word' id='word_1_341' title='bbox 911 1078 1007 1109; x_wconf 88' lang='lat' dir='ltr'>leone</span> <span class='ocrx_word' id='word_1_342' title='bbox 1024 1085 1177 1120; x_wconf 84' lang='lat' dir='ltr'>captans.</span> 
     </span>
    </p>

    <p class='ocr_par' dir='ltr' id='par_1_14' title="bbox 912 1131 1615 1416">
     <span class='ocr_line' id='line_1_70' title="bbox 955 1131 1613 1173; baseline 0.009 -14"><span class='ocrx_word' id='word_1_343' title='bbox 955 1133 973 1159; x_wconf 90' lang='lat'>5</span> <span class='ocrx_word' id='word_1_344' title='bbox 998 1131 1152 1171; x_wconf 78' lang='lat' dir='ltr'>Ingentis,</span> <span class='ocrx_word' id='word_1_345' title='bbox 1180 1133 1248 1173; x_wconf 50' lang='grc' dir='ltr'>ἔξω]</span> <span class='ocrx_word' id='word_1_346' title='bbox 1294 1132 1461 1164; x_wconf 83' lang='lat' dir='ltr'>Gloriosae</span> <span class='ocrx_word' id='word_1_347' title='bbox 1495 1135 1613 1166; x_wconf 83' lang='lat' dir='ltr'>mortis</span> 
     </span>
     <span class='ocr_line' id='line_1_71' title="bbox 913 1182 1614 1217; baseline 0.009 -6"><span class='ocrx_word' id='word_1_348' title='bbox 913 1182 975 1212; x_wconf 91' lang='lat' dir='ltr'>tibi</span> <span class='ocrx_word' id='word_1_349' title='bbox 987 1192 1005 1212; x_wconf 93' lang='lat' dir='ltr'>a</span> <span class='ocrx_word' id='word_1_350' title='bbox 1019 1183 1117 1214; x_wconf 86' lang='lat' dir='ltr'>leone</span> <span class='ocrx_word' id='word_1_351' title='bbox 1133 1184 1234 1215; x_wconf 79' lang='lat' dir='ltr'>datae.</span> <span class='ocrx_word' id='word_1_352' title='bbox 1265 1185 1366 1215; x_wconf 84' lang='lat' dir='ltr'>Vinci</span> <span class='ocrx_word' id='word_1_353' title='bbox 1383 1186 1470 1216; x_wconf 84' lang='lat' dir='ltr'>enim</span> <span class='ocrx_word' id='word_1_354' title='bbox 1485 1195 1504 1216; x_wconf 89' lang='lat' dir='ltr'>a</span> <span class='ocrx_word' id='word_1_355' title='bbox 1516 1185 1614 1217; x_wconf 88' lang='lat' dir='ltr'>forti-</span> 
     </span>
     <span class='ocr_line' id='line_1_72' title="bbox 913 1230 1614 1273; baseline 0.007 -11"><span class='ocrx_word' id='word_1_356' title='bbox 913 1230 974 1262; x_wconf 91' lang='lat' dir='ltr'>bus</span> <span class='ocrx_word' id='word_1_357' title='bbox 992 1232 1103 1273; x_wconf 90' lang='lat' dir='ltr'>aliqua</span> <span class='ocrx_word' id='word_1_358' title='bbox 1118 1233 1190 1264; x_wconf 88' lang='lat' dir='ltr'>lans</span> <span class='ocrx_word' id='word_1_359' title='bbox 1207 1238 1270 1264; x_wconf 84' lang='lat' dir='ltr'>est.</span> <span class='ocrx_word' id='word_1_360' title='bbox 1313 1235 1368 1266; x_wconf 91' lang='lat' dir='ltr'>Sic</span> <span class='ocrx_word' id='word_1_361' title='bbox 1393 1235 1495 1267; x_wconf 92' lang='lat' dir='ltr'>Ovid.</span> <span class='ocrx_word' id='word_1_362' title='bbox 1513 1236 1568 1266; x_wconf 89' lang='lat' dir='ltr'>lib.</span> <span class='ocrx_word' id='word_1_363' title='bbox 1583 1240 1614 1268; x_wconf 90' lang='grc'>5.</span> 
     </span>
     <span class='ocr_line' id='line_1_73' title="bbox 912 1284 1614 1325; baseline 0.006 -11"><span class='ocrx_word' id='word_1_364' title='bbox 912 1284 1000 1314; x_wconf 87' lang='lat' dir='ltr'>Met.</span> <span class='ocrx_word' id='word_1_365' title='bbox 1045 1288 1054 1301; x_wconf 94' lang='lat'>‘</span> <span class='ocrx_word' id='word_1_366' title='bbox 1072 1285 1198 1325; x_wconf 85' lang='lat' dir='ltr'>Magna</span> <span class='ocrx_word' id='word_1_367' title='bbox 1221 1285 1310 1316; x_wconf 86' lang='lat' dir='ltr'>feres</span> <span class='ocrx_word' id='word_1_368' title='bbox 1338 1287 1462 1318; x_wconf 83' lang='lat' dir='ltr'>tacitus</span> <span class='ocrx_word' id='word_1_369' title='bbox 1493 1287 1614 1318; x_wconf 83' lang='lat' dir='ltr'>solatia</span> 
     </span>
     <span class='ocr_line' id='line_1_74' title="bbox 913 1334 1615 1373; baseline 0.007 -9"><span class='ocrx_word' id='word_1_370' title='bbox 913 1334 1030 1365; x_wconf 88' lang='lat' dir='ltr'>mortis</span> <span class='ocrx_word' id='word_1_371' title='bbox 1047 1334 1089 1365; x_wconf 88' lang='lat' dir='ltr'>ad</span> <span class='ocrx_word' id='word_1_372' title='bbox 1115 1336 1264 1373; x_wconf 91' lang='lat' dir='ltr'>umbras,</span> <span class='ocrx_word' id='word_1_373' title='bbox 1281 1335 1312 1367; x_wconf 94' lang='lat' dir='ltr'><strong>A</strong></span> <span class='ocrx_word' id='word_1_374' title='bbox 1330 1341 1427 1369; x_wconf 89' lang='lat' dir='ltr'>tanto</span> <span class='ocrx_word' id='word_1_375' title='bbox 1447 1338 1615 1370; x_wconf 88' lang='lat' dir='ltr'>cecidisse</span> 
     </span>
     <span class='ocr_line' id='line_1_75' title="bbox 912 1383 1007 1416; baseline 0.011 -2"><span class='ocrx_word' id='word_1_376' title='bbox 912 1383 1007 1416; x_wconf 90' lang='lat' dir='ltr'>viro.&#39;</span> 
     </span>
    </p>

    <p class='ocr_par' dir='ltr' id='par_1_15' title="bbox 913 1435 1616 1669">
     <span class='ocr_line' id='line_1_76' title="bbox 956 1435 1615 1479; baseline 0.008 -15"><span class='ocrx_word' id='word_1_377' title='bbox 956 1435 1060 1466; x_wconf 74' lang='lat' dir='ltr'>Eme.</span> <span class='ocrx_word' id='word_1_378' title='bbox 1085 1443 1162 1467; x_wconf 79' lang='lat' dir='ltr'>Lur.</span> <span class='ocrx_word' id='word_1_379' title='bbox 1204 1439 1219 1468; x_wconf 97' lang='lat' dir='ltr'>l</span> <span class='ocrx_word' id='word_1_380' title='bbox 1247 1437 1431 1468; x_wconf 83' lang='lat' dir='ltr'>Commendo</span> <span class='ocrx_word' id='word_1_381' title='bbox 1456 1438 1529 1479; x_wconf 78' lang='lat' dir='ltr'>tibi]</span> <span class='ocrx_word' id='word_1_382' title='bbox 1562 1439 1615 1470; x_wconf 85' lang='lat' dir='ltr'>Fi-</span> 
     </span>
     <span class='ocr_line' id='line_1_77' title="bbox 913 1485 1616 1529; baseline 0.007 -14"><span class='ocrx_word' id='word_1_383' title='bbox 913 1485 1099 1526; x_wconf 90' lang='lat' dir='ltr'>dentiuum,</span> <span class='ocrx_word' id='word_1_384' title='bbox 1124 1486 1167 1517; x_wconf 85' lang='lat' dir='ltr'>de</span> <span class='ocrx_word' id='word_1_385' title='bbox 1187 1497 1253 1528; x_wconf 90' lang='lat' dir='ltr'>quo</span> <span class='ocrx_word' id='word_1_386' title='bbox 1269 1497 1370 1528; x_wconf 90' lang='lat' dir='ltr'>supra</span> <span class='ocrx_word' id='word_1_387' title='bbox 1386 1494 1421 1519; x_wconf 90' lang='lat' dir='ltr'>et</span> <span class='ocrx_word' id='word_1_388' title='bbox 1443 1489 1546 1529; x_wconf 87' lang='lat' dir='ltr'>infra,</span> <span class='ocrx_word' id='word_1_389' title='bbox 1564 1489 1616 1519; x_wconf 87' lang='lat' dir='ltr'>fu-</span> 
     </span>
     <span class='ocr_line' id='line_1_78' title="bbox 914 1537 1615 1581; baseline 0.006 -15"><span class='ocrx_word' id='word_1_390' title='bbox 914 1545 984 1566; x_wconf 86' lang='lat' dir='ltr'>rem</span> <span class='ocrx_word' id='word_1_391' title='bbox 1002 1537 1186 1568; x_wconf 86' lang='lat' dir='ltr'>carminum</span> <span class='ocrx_word' id='word_1_392' title='bbox 1214 1539 1428 1578; x_wconf 85' lang='lat' dir='ltr'>perstringit,</span> <span class='ocrx_word' id='word_1_393' title='bbox 1451 1546 1615 1581; x_wconf 80' lang='lat' dir='ltr'>rogatque</span> 
     </span>
     <span class='ocr_line' id='line_1_79' title="bbox 915 1586 1613 1626; baseline 0.004 -8"><span class='ocrx_word' id='word_1_394' title='bbox 915 1586 1171 1626; x_wconf 71' lang='lat' dir='ltr'>Quinctianum,</span> <span class='ocrx_word' id='word_1_395' title='bbox 1188 1594 1226 1619; x_wconf 95' lang='lat' dir='ltr'>ut</span> <span class='ocrx_word' id='word_1_396' title='bbox 1250 1589 1347 1620; x_wconf 82' lang='lat' dir='ltr'>testis</span> <span class='ocrx_word' id='word_1_397' title='bbox 1371 1596 1490 1620; x_wconf 87' lang='lat' dir='ltr'>contra</span> <span class='ocrx_word' id='word_1_398' title='bbox 1514 1595 1549 1621; x_wconf 85' lang='lat' dir='ltr'>et</span> <span class='ocrx_word' id='word_1_399' title='bbox 1565 1600 1613 1621; x_wconf 88' lang='lat' dir='ltr'>as-</span> 
     </span>
     <span class='ocr_line' id='line_1_80' title="bbox 916 1638 1168 1669; baseline 0.012 -3"><span class='ocrx_word' id='word_1_400' title='bbox 916 1642 1026 1667; x_wconf 89' lang='lat' dir='ltr'>sertor</span> <span class='ocrx_word' id='word_1_401' title='bbox 1043 1638 1168 1669; x_wconf 90' lang='lat' dir='ltr'>veniat.</span> 
     </span>
    </p>

    <p class='ocr_par' dir='ltr' id='par_1_16' title="bbox 916 1687 1618 1879">
     <span class='ocr_line' id='line_1_81' title="bbox 959 1687 1613 1727; baseline 0.006 -10"><span class='ocrx_word' id='word_1_402' title='bbox 959 1690 977 1717; x_wconf 83' lang='lat'>3</span> <span class='ocrx_word' id='word_1_403' title='bbox 1004 1687 1087 1722; x_wconf 82' lang='lat' dir='ltr'>Quos</span> <span class='ocrx_word' id='word_1_404' title='bbox 1102 1687 1228 1727; x_wconf 76' lang='lat' dir='ltr'>recitat]</span> <span class='ocrx_word' id='word_1_405' title='bbox 1253 1689 1347 1721; x_wconf 83' lang='lat' dir='ltr'>Quos</span> <span class='ocrx_word' id='word_1_406' title='bbox 1364 1689 1451 1720; x_wconf 88' lang='lat' dir='ltr'>male</span> <span class='ocrx_word' id='word_1_407' title='bbox 1468 1690 1547 1721; x_wconf 90' lang='lat' dir='ltr'>dum</span> <span class='ocrx_word' id='word_1_408' title='bbox 1563 1700 1613 1721; x_wconf 84' lang='lat' dir='ltr'>re-</span> 
     </span>
     <span class='ocr_line' id='line_1_82' title="bbox 917 1736 1616 1781; baseline 0.006 -14"><span class='ocrx_word' id='word_1_409' title='bbox 917 1736 1002 1767; x_wconf 83' lang='lat' dir='ltr'>citat</span> <span class='ocrx_word' id='word_1_410' title='bbox 1039 1738 1207 1777; x_wconf 90' lang='lat' dir='ltr'>incipiunt</span> <span class='ocrx_word' id='word_1_411' title='bbox 1240 1747 1313 1768; x_wconf 84' lang='lat' dir='ltr'>esse</span> <span class='ocrx_word' id='word_1_412' title='bbox 1350 1739 1448 1771; x_wconf 84' lang='lat' dir='ltr'>illius.</span> <span class='ocrx_word' id='word_1_413' title='bbox 1506 1740 1616 1781; x_wconf 84' lang='lat' dir='ltr'>Supra</span> 
     </span>
     <span class='ocr_line' id='line_1_83' title="bbox 916 1786 1618 1830; baseline 0.009 -14"><span class='ocrx_word' id='word_1_414' title='bbox 916 1786 1092 1826; x_wconf 82' lang='lat' dir='ltr'>epigr.39.</span> <span class='ocrx_word' id='word_1_415' title='bbox 1137 1787 1233 1827; x_wconf 82' lang='lat' dir='ltr'>Tuus]</span> <span class='ocrx_word' id='word_1_416' title='bbox 1268 1787 1378 1820; x_wconf 83' lang='lat' dir='ltr'>Po&#39;eta</span> <span class='ocrx_word' id='word_1_417' title='bbox 1405 1789 1618 1830; x_wconf 78' lang='lat' dir='ltr'>Fidentinus,</span> 
     </span>
     <span class='ocr_line' id='line_1_84' title="bbox 916 1838 1527 1879; baseline 0.007 -12"><span class='ocrx_word' id='word_1_418' title='bbox 916 1838 949 1868; x_wconf 91' lang='lat' dir='ltr'>in</span> <span class='ocrx_word' id='word_1_419' title='bbox 966 1847 1062 1878; x_wconf 90' lang='lat' dir='ltr'>quem</span> <span class='ocrx_word' id='word_1_420' title='bbox 1080 1847 1223 1878; x_wconf 89' lang='lat' dir='ltr'>sequens</span> <span class='ocrx_word' id='word_1_421' title='bbox 1239 1843 1291 1869; x_wconf 83' lang='lat' dir='ltr'>est</span> <span class='ocrx_word' id='word_1_422' title='bbox 1308 1840 1527 1879; x_wconf 83' lang='lat' dir='ltr'>epigramma.</span> 
     </span>
    </p>

    <p class='ocr_par' dir='ltr' id='par_1_17' title="bbox 914 1889 1620 2782">
     <span class='ocr_line' id='line_1_85' title="bbox 958 1889 1614 1929; baseline 0.003 -10"><span class='ocrx_word' id='word_1_423' title='bbox 958 1892 976 1919; x_wconf 88' lang='lat'>5</span> <span class='ocrx_word' id='word_1_424' title='bbox 1001 1889 1149 1920; x_wconf 81' lang='lat' dir='ltr'>Assertor</span> <span class='ocrx_word' id='word_1_425' title='bbox 1174 1889 1295 1929; x_wconf 73' lang='lat' dir='ltr'>venias]</span> <span class='ocrx_word' id='word_1_426' title='bbox 1334 1889 1518 1921; x_wconf 87' lang='lat' dir='ltr'>Libertatis</span> <span class='ocrx_word' id='word_1_427' title='bbox 1545 1891 1614 1921; x_wconf 85' lang='lat' dir='ltr'>vin-</span> 
     </span>
     <span class='ocr_line' id='line_1_86' title="bbox 915 1939 1615 1980; baseline 0.004 -11"><span class='ocrx_word' id='word_1_428' title='bbox 915 1939 995 1978; x_wconf 81' lang='lat' dir='ltr'>dex,</span> <span class='ocrx_word' id='word_1_429' title='bbox 1007 1939 1134 1980; x_wconf 86' lang='lat' dir='ltr'>injecta</span> <span class='ocrx_word' id='word_1_430' title='bbox 1149 1949 1250 1970; x_wconf 90' lang='lat' dir='ltr'>manu</span> <span class='ocrx_word' id='word_1_431' title='bbox 1263 1949 1376 1971; x_wconf 88' lang='lat' dir='ltr'>assere</span> <span class='ocrx_word' id='word_1_432' title='bbox 1393 1949 1450 1970; x_wconf 89' lang='lat' dir='ltr'>eos</span> <span class='ocrx_word' id='word_1_433' title='bbox 1467 1940 1499 1971; x_wconf 93' lang='lat' dir='ltr'>in</span> <span class='ocrx_word' id='word_1_434' title='bbox 1517 1941 1615 1972; x_wconf 87' lang='lat' dir='ltr'>liber-</span> 
     </span>
     <span class='ocr_line' id='line_1_87' title="bbox 915 1990 1616 2031; baseline 0.001 -11"><span class='ocrx_word' id='word_1_435' title='bbox 915 1994 1033 2022; x_wconf 89' lang='lat' dir='ltr'>tatem.</span> <span class='ocrx_word' id='word_1_436' title='bbox 1059 1991 1212 2031; x_wconf 85' lang='lat' dir='ltr'>Metaph.</span> <span class='ocrx_word' id='word_1_437' title='bbox 1235 1991 1291 2021; x_wconf 86' lang='lat' dir='ltr'>De</span> <span class='ocrx_word' id='word_1_438' title='bbox 1307 1990 1529 2021; x_wconf 87' lang='lat' dir='ltr'>assertoribus</span> <span class='ocrx_word' id='word_1_439' title='bbox 1544 1992 1616 2031; x_wconf 87' lang='lat' dir='ltr'>plu-</span> 
     </span>
     <span class='ocr_line' id='line_1_88' title="bbox 915 2042 1616 2083; baseline 0.001 -10"><span class='ocrx_word' id='word_1_440' title='bbox 915 2052 953 2073; x_wconf 90' lang='lat' dir='ltr'>ra</span> <span class='ocrx_word' id='word_1_441' title='bbox 969 2043 1042 2083; x_wconf 85' lang='lat' dir='ltr'>jam</span> <span class='ocrx_word' id='word_1_442' title='bbox 1060 2042 1280 2074; x_wconf 87' lang='lat' dir='ltr'>eruditissimi</span> <span class='ocrx_word' id='word_1_443' title='bbox 1296 2043 1461 2081; x_wconf 88' lang='lat' dir='ltr'>homines,</span> <span class='ocrx_word' id='word_1_444' title='bbox 1487 2043 1616 2074; x_wconf 83' lang='lat' dir='ltr'>Brisso-</span> 
     </span>
     <span class='ocr_line' id='line_1_89' title="bbox 914 2093 1614 2134; baseline 0.001 -10"><span class='ocrx_word' id='word_1_445' title='bbox 914 2095 1001 2134; x_wconf 89' lang='lat' dir='ltr'>nius,</span> <span class='ocrx_word' id='word_1_446' title='bbox 1021 2093 1354 2134; x_wconf 79' lang='lat' dir='ltr'>Cujacius‚&#39;rnrneb.</span> <span class='ocrx_word' id='word_1_447' title='bbox 1379 2093 1402 2124; x_wconf 91' lang='lat' dir='ltr'>l.</span> <span class='ocrx_word' id='word_1_448' title='bbox 1430 2096 1483 2124; x_wconf 85' lang='grc'>27.</span> <span class='ocrx_word' id='word_1_449' title='bbox 1509 2103 1539 2124; x_wconf 91' lang='lat' dir='ltr'>c.</span> <span class='ocrx_word' id='word_1_450' title='bbox 1565 2097 1614 2125; x_wconf 87' lang='lat'>15.</span> 
     </span>
     <span class='ocr_line' id='line_1_90' title="bbox 916 2144 1616 2184; baseline 0 -8"><span class='ocrx_word' id='word_1_451' title='bbox 916 2145 1003 2176; x_wconf 88' lang='lat' dir='ltr'>Haec</span> <span class='ocrx_word' id='word_1_452' title='bbox 1028 2149 1140 2174; x_wconf 84' lang='lat' dir='ltr'>antem</span> <span class='ocrx_word' id='word_1_453' title='bbox 1171 2144 1282 2174; x_wconf 90' lang='lat' dir='ltr'>omnia</span> <span class='ocrx_word' id='word_1_454' title='bbox 1307 2144 1415 2184; x_wconf 84' lang='lat' dir='ltr'>petita</span> <span class='ocrx_word' id='word_1_455' title='bbox 1444 2153 1461 2174; x_wconf 91' lang='lat' dir='ltr'>e</span> <span class='ocrx_word' id='word_1_456' title='bbox 1478 2145 1616 2176; x_wconf 80' lang='lat' dir='ltr'>Graeco-</span> 
     </span>
     <span class='ocr_line' id='line_1_91' title="bbox 916 2194 1615 2235; baseline 0.001 -10"><span class='ocrx_word' id='word_1_457' title='bbox 916 2205 988 2226; x_wconf 86' lang='lat' dir='ltr'>rum</span> <span class='ocrx_word' id='word_1_458' title='bbox 1013 2194 1178 2226; x_wconf 86' lang='lat' dir='ltr'>fontibus.</span> <span class='ocrx_word' id='word_1_459' title='bbox 1223 2195 1259 2225; x_wconf 90' lang='lat' dir='ltr'>Si</span> <span class='ocrx_word' id='word_1_460' title='bbox 1276 2194 1350 2235; x_wconf 87' lang='lat' dir='ltr'>quis</span> <span class='ocrx_word' id='word_1_461' title='bbox 1368 2195 1399 2224; x_wconf 92' lang='lat' dir='ltr'>in</span> <span class='ocrx_word' id='word_1_462' title='bbox 1416 2195 1615 2226; x_wconf 86' lang='lat' dir='ltr'>servitutem</span> 
     </span>
     <span class='ocr_line' id='line_1_92' title="bbox 917 2245 1617 2286; baseline -0.001 -8"><span class='ocrx_word' id='word_1_463' title='bbox 917 2246 1151 2278; x_wconf 86' lang='lat' dir='ltr'>abducebatur</span> <span class='ocrx_word' id='word_1_464' title='bbox 1180 2250 1239 2276; x_wconf 87' lang='lat' dir='ltr'>aut</span> <span class='ocrx_word' id='word_1_465' title='bbox 1261 2245 1454 2286; x_wconf 88' lang='lat' dir='ltr'>petebatur,</span> <span class='ocrx_word' id='word_1_466' title='bbox 1483 2250 1617 2284; x_wconf 82' lang='lat' dir='ltr'>poterat</span> 
     </span>
     <span class='ocr_line' id='line_1_93' title="bbox 917 2295 1617 2339; baseline -0.001 -11"><span class='ocrx_word' id='word_1_467' title='bbox 917 2297 1057 2339; x_wconf 85' lang='lat' dir='ltr'>quilibet</span> <span class='ocrx_word' id='word_1_468' title='bbox 1075 2305 1149 2326; x_wconf 88' lang='lat' dir='ltr'>eum</span> <span class='ocrx_word' id='word_1_469' title='bbox 1177 2295 1208 2325; x_wconf 88' lang='lat' dir='ltr'>in</span> <span class='ocrx_word' id='word_1_470' title='bbox 1234 2295 1429 2326; x_wconf 83' lang='lat' dir='ltr'>libertatem</span> <span class='ocrx_word' id='word_1_471' title='bbox 1454 2305 1617 2336; x_wconf 80' lang='lat' dir='ltr'>asserere,</span> 
     </span>
     <span class='ocr_line' id='line_1_94' title="bbox 918 2345 1617 2385; baseline 0 -7"><span class='ocrx_word' id='word_1_472' title='bbox 918 2347 1050 2378; x_wconf 90' lang='lat' dir='ltr'>liberali</span> <span class='ocrx_word' id='word_1_473' title='bbox 1067 2355 1216 2376; x_wconf 79' lang='lat' dir='ltr'>asserere</span> <span class='ocrx_word' id='word_1_474' title='bbox 1234 2355 1352 2376; x_wconf 81' lang='lat' dir='ltr'>caussa</span> <span class='ocrx_word' id='word_1_475' title='bbox 1376 2355 1486 2384; x_wconf 89' lang='lat' dir='ltr'>mann,</span> <span class='ocrx_word' id='word_1_476' title='bbox 1503 2345 1533 2376; x_wconf 87' lang='lat' dir='ltr'>id</span> <span class='ocrx_word' id='word_1_477' title='bbox 1550 2352 1617 2385; x_wconf 86' lang='lat' dir='ltr'>est,</span> 
     </span>
     <span class='ocr_line' id='line_1_95' title="bbox 920 2394 1615 2435; baseline -0.001 -7"><span class='ocrx_word' id='word_1_478' title='bbox 920 2407 1055 2428; x_wconf 89' lang='lat' dir='ltr'>manum</span> <span class='ocrx_word' id='word_1_479' title='bbox 1081 2396 1110 2426; x_wconf 91' lang='lat' dir='ltr'>ei</span> <span class='ocrx_word' id='word_1_480' title='bbox 1124 2396 1263 2435; x_wconf 85' lang='lat' dir='ltr'>injicere</span> <span class='ocrx_word' id='word_1_481' title='bbox 1278 2401 1312 2426; x_wconf 86' lang='lat' dir='ltr'>et</span> <span class='ocrx_word' id='word_1_482' title='bbox 1325 2394 1528 2435; x_wconf 87' lang='lat' dir='ltr'>adjudicem</span> <span class='ocrx_word' id='word_1_483' title='bbox 1545 2397 1615 2428; x_wconf 87' lang='lat' dir='ltr'>ire:</span> 
     </span>
     <span class='ocr_line' id='line_1_96' title="bbox 921 2445 1617 2489; baseline 0 -11"><span class='ocrx_word' id='word_1_484' title='bbox 921 2449 1010 2489; x_wconf 84' lang='lat' dir='ltr'>quod</span> <span class='ocrx_word' id='word_1_485' title='bbox 1036 2448 1224 2487; x_wconf 79' lang='grc' dir='ltr'>ἀφαιρεῖσθαι</span> <span class='ocrx_word' id='word_1_486' title='bbox 1239 2445 1279 2477; x_wconf 85' lang='grc' dir='ltr'>εἰς</span> <span class='ocrx_word' id='word_1_487' title='bbox 1305 2447 1475 2487; x_wconf 73' lang='grc' dir='ltr'>ἐλευθερίαν</span> <span class='ocrx_word' id='word_1_488' title='bbox 1503 2447 1617 2479; x_wconf 76' lang='lat' dir='ltr'>Graeci</span> 
     </span>
     <span class='ocr_line' id='line_1_97' title="bbox 920 2497 1619 2538; baseline 0 -9"><span class='ocrx_word' id='word_1_489' title='bbox 920 2500 1058 2530; x_wconf 85' lang='lat' dir='ltr'>dicunt:</span> <span class='ocrx_word' id='word_1_490' title='bbox 1094 2497 1374 2538; x_wconf 89' lang='lat' dir='ltr'>quemadmodum</span> <span class='ocrx_word' id='word_1_491' title='bbox 1392 2502 1511 2528; x_wconf 87' lang='lat' dir='ltr'>contra</span> <span class='ocrx_word' id='word_1_492' title='bbox 1535 2497 1619 2537; x_wconf 75' lang='grc' dir='ltr'>ἄγειν</span> 
     </span>
     <span class='ocr_line' id='line_1_98' title="bbox 921 2547 1620 2589; baseline 0 -9"><span class='ocrx_word' id='word_1_493' title='bbox 921 2548 962 2580; x_wconf 85' lang='grc' dir='ltr'>εἰς</span> <span class='ocrx_word' id='word_1_494' title='bbox 980 2547 1130 2588; x_wconf 85' lang='grc' dir='ltr'>δυυλείαν,</span> <span class='ocrx_word' id='word_1_495' title='bbox 1146 2557 1221 2578; x_wconf 91' lang='lat' dir='ltr'>cnm</span> <span class='ocrx_word' id='word_1_496' title='bbox 1237 2548 1311 2588; x_wconf 88' lang='lat' dir='ltr'>quis</span> <span class='ocrx_word' id='word_1_497' title='bbox 1326 2557 1416 2587; x_wconf 89' lang='lat' dir='ltr'>eum,</span> <span class='ocrx_word' id='word_1_498' title='bbox 1434 2558 1532 2589; x_wconf 86' lang='lat' dir='ltr'>quem</span> <span class='ocrx_word' id='word_1_499' title='bbox 1549 2559 1620 2580; x_wconf 89' lang='lat' dir='ltr'>ser-</span> 
     </span>
     <span class='ocr_line' id='line_1_99' title="bbox 922 2597 1617 2639; baseline 0 -9"><span class='ocrx_word' id='word_1_500' title='bbox 922 2610 997 2630; x_wconf 89' lang='lat' dir='ltr'>vum</span> <span class='ocrx_word' id='word_1_501' title='bbox 1021 2609 1116 2630; x_wconf 90' lang='lat' dir='ltr'>suum</span> <span class='ocrx_word' id='word_1_502' title='bbox 1145 2597 1352 2638; x_wconf 85' lang='lat' dir='ltr'>autumabat,</span> <span class='ocrx_word' id='word_1_503' title='bbox 1374 2599 1502 2639; x_wconf 80' lang='lat' dir='ltr'>injecta</span> <span class='ocrx_word' id='word_1_504' title='bbox 1516 2609 1617 2630; x_wconf 88' lang='lat' dir='ltr'>manu</span> 
     </span>
     <span class='ocr_line' id='line_1_100' title="bbox 921 2649 1616 2681; baseline -0.001 0"><span class='ocrx_word' id='word_1_505' title='bbox 921 2651 953 2681; x_wconf 88' lang='lat' dir='ltr'>in</span> <span class='ocrx_word' id='word_1_506' title='bbox 970 2650 1169 2681; x_wconf 81' lang='lat' dir='ltr'>servitutem</span> <span class='ocrx_word' id='word_1_507' title='bbox 1183 2649 1366 2681; x_wconf 86' lang='lat' dir='ltr'>asserebat.</span> <span class='ocrx_word' id='word_1_508' title='bbox 1390 2649 1522 2680; x_wconf 80' lang='lat' dir='ltr'>Herald.</span> <span class='ocrx_word' id='word_1_509' title='bbox 1560 2649 1616 2680; x_wconf 80' lang='lat' dir='ltr'>Su-</span> 
     </span>
     <span class='ocr_line' id='line_1_101' title="bbox 920 2699 1618 2742; baseline 0.001 -12"><span class='ocrx_word' id='word_1_510' title='bbox 920 2700 1021 2740; x_wconf 80' lang='lat' dir='ltr'>tisquc</span> <span class='ocrx_word' id='word_1_511' title='bbox 1045 2700 1187 2742; x_wconf 74' lang='lat' dir='ltr'>pra’sees]</span> <span class='ocrx_word' id='word_1_512' title='bbox 1221 2699 1389 2740; x_wconf 72' lang='lat' dir='ltr'>Satisdes»,</span> <span class='ocrx_word' id='word_1_513' title='bbox 1409 2700 1557 2741; x_wconf 73' lang='lat' dir='ltr'>praedem</span> <span class='ocrx_word' id='word_1_514' title='bbox 1584 2705 1618 2730; x_wconf 76' lang='lat' dir='ltr'>te</span> 
     </span>
     <span class='ocr_line' id='line_1_102' title="bbox 921 2751 987 2782; baseline 0 -1"><span class='ocrx_word' id='word_1_515' title='bbox 921 2751 987 2782; x_wconf 84' lang='lat' dir='ltr'>des.</span> 
     </span>
    </p>
   </div>
  </div>
 </body>
</html>
