1866 3131
275 164 385 205 1464
711 175 965 206 Rsscnnsus
1003 176 1282 207 EDthoNUM

270 286 314 311 ac
335 272 530 323 plerisque
551 272 587 309 in
609 272 701 311 locis
720 274 922 312 emendata
945 287 1010 324 per
1026 276 1244 313 Conradum
1259 277 1488 322 Gesnerum,
1512 278 1708 315 Medicum

271 343 309 374 et
337 336 519 375 naturalis
547 336 804 387 philosophiae
825 337 863 375 in
893 337 1075 388 Tigurino
1108 338 1280 387 Collegio
1312 340 1580 389 professorem.
1639 342 1708 378 His

275 406 521 438 accesserunt
552 400 693 450 dialogi
725 407 814 446 tres,
841 401 880 438 in
912 402 1052 451 quibus
1075 403 1169 438 ratio
1190 402 1307 452 hujus
1337 403 1500 441 instituti
1530 404 1712 450 redditur,

272 470 310 501 et
349 464 464 500 multa
495 463 542 501 de
570 465 779 514 puerilibus
814 464 950 502 studiis
985 466 1136 516 egregie
1173 475 1535 506 commemorantur.
1575 469 1714 506 Jacobi

269 527 421 577 Micylli
446 529 774 577 Argentoratensis
802 529 839 565 in
862 529 917 566 M.
935 529 1017 566 Val.
1040 529 1228 567 Martialis
1249 530 1523 579 epigrammata
1555 537 1713 569 annota-

269 591 405 628 tiones.
459 591 610 641 Tiguri,
633 592 852 629 excudebat
886 592 1165 630 Proschoverus
1198 606 1259 630 an.
1289 604 1485 632 MDXLIV.
1509 594 1613 632 Edit.
1640 608 1715 632 rar.

272 654 352 691 vid.
386 655 525 692 Bauer.
544 661 581 692 et
603 656 739 705 Engel.
762 655 827 692 ubi
859 656 1061 704 legendum
1090 662 1202 694 1544.
1234 670 1279 694 ex
1311 658 1396 695 Cat.
1434 658 1533 696 Bibl.
1567 659 1715 695 Bunav.

269 723 307 755 et
346 717 538 756 Schwarz,
588 718 631 754 P.
686 729 715 755 1.
756 731 793 756 n.
833 723 949 756 2203.
991 720 1060 756 Est
1109 733 1227 769 penes
1266 720 1387 769 perill.
1432 720 1714 770 Heideggeruru

268 781 413 819 Turici.

327 843 427 882 1546
448 844 673 894 Gryphiana
695 855 746 882 11.
769 850 807 883 8.
829 844 951 894 Lugd.
972 858 1032 895 ap.
1058 846 1148 883 Seb.
1172 847 1405 896 Gryphium.

321 930 375 935 —
395 907 507 945 Basil.
534 913 593 945 12.
615 908 672 945 Μ.
693 909 779 946 Val.
800 908 984 946 Martialis
1003 909 1313 958 Epigrammaton
1333 910 1419 947 libri
1440 921 1535 948 XIV.
1568 923 1715 948 summa

270 970 470 1020 diligentia
490 971 680 1020 castigati,
702 985 772 1022 per
791 972 876 1009 Nic.
895 972 1178 1022 Brylingerum.

326 1039 427 1072 1550
447 1034 679 1084 Gryphiana
697 1045 768 1073 111.
794 1033 852 1073 16.
875 1034 997 1085 Lugd.
1019 1048 1084 1085 ap.
1111 1035 1202 1073 Seb.
1225 1036 1295 1074 Gr.

326 1102 427 1136 1554
447 1098 568 1135 Paris.
592 1108 674 1135 vll.
699 1098 904 1136 Vascosani
925 1106 961 1136 4.
984 1111 1048 1148 ap.
1072 1099 1277 1136 Vascosan.
1302 1100 1488 1137 Martialis
1505 1107 1646 1146 castus,
1663 1102 1713 1139 ab

270 1161 374 1198 omni
389 1161 643 1198 obscoenitate
665 1169 900 1212 repurgatus.
934 1161 1037 1199 Edit.
1060 1175 1133 1199 rar.
1153 1169 1191 1199 et
1212 1163 1342 1200 nitida.

328 1229 427 1268 1559
449 1224 565 1261 Basil.
588 1234 661 1261 111.
685 1231 719 1262 ὅ.
741 1237 804 1274 ap.
826 1225 989 1273 Hervag.
1012 1238 1047 1261 c.
1070 1237 1105 1260 n.
1131 1224 1293 1274 Micylli.

321 1309 372 1316 —
394 1287 620 1336 Gryphiana
640 1297 701 1325 lv,
721 1293 778 1326 12.
794 1286 985 1336 Lugduni,
1006 1299 1069 1337 ap.
1090 1287 1179 1324 Seb.
1201 1287 1435 1337 Gryphium.
1457 1287 1587 1337 Engel.
1610 1289 1711 1327 Bibl.

271 1350 456 1387 selectiss.

327 1412 426 1451 1560
447 1412 567 1462 Lugd.
589 1419 647 1451 12.
664 1425 726 1462 ap.
747 1412 1018 1449 Vincentium:
1048 1426 1068 1449 e
1089 1412 1338 1463 castigatione
1368 1413 1430 1450 Jo.
1453 1414 1633 1452 Boulierii
1662 1416 1708 1454 ad

272 1476 389 1514 fidem
420 1476 764 1514 vetustissimorum
793 1475 990 1522 librorum,
1014 1482 1055 1514 ut
1084 1477 1196 1514 estin
1230 1477 1355 1522 titulo,
1377 1490 1465 1514 cum
1499 1479 1641 1516 notulis
1673 1480 1710 1516 in

272 1540 453 1589 margine.

330 1603 428 1641 1563
454 1613 511 1642 1v.
540 1610 597 1642 12.
620 1616 686 1652 per
706 1603 835 1641 Nicol.
853 1604 1131 1654 Brylingerum.

585 1868 729 1907 AETAS
759 1867 831 1906 111.
858 1869 1403 1908 JUNlo-GRUTERIANA

853 1931 1129 1971 1566-1618.

271 2048 457 2086 Inchoata
483 2048 531 2086 ab
548 2048 641 2085 Adr.
660 2048 788 2093 Junio,
823 2049 936 2097 cujus
966 2049 1135 2086 recensio
1166 2049 1291 2086 statim
1312 2061 1333 2086 a
1354 2048 1530 2086 Plautino
1551 2053 1590 2086 et
1619 2050 1711 2090 Ant.

270 2112 446 2162 Gryphio
457 2117 616 2161 recepta
630 2111 715 2157 fuit,
736 2125 798 2149 an.
823 2112 935 2157 1596.
954 2126 975 2150 a
996 2113 1145 2151 Theod.
1162 2113 1387 2157 Pulmanno,
1404 2112 1514 2161 cujus
1530 2119 1569 2149 et
1586 2112 1711 2163 Chph.

269 2176 395 2214 Coleri
427 2182 528 2213 notae
547 2175 885 2225 Junianisjunctae
919 2189 1004 2213 cum
1026 2175 1157 2213 Indice
1177 2188 1197 2213 a
1215 2176 1295 2213 Jos.
1314 2175 1460 2225 Langio
1481 2174 1596 2212 docte
1618 2187 1711 2212 con·

268 2239 372 2276 fecto
392 2238 485 2277 edit.
507 2240 865 2288 Argentoratensem
885 2251 946 2276 an.
968 2244 1079 2283 1595.
1106 2246 1288 2276 ornarunt
1306 2253 1315 2283 ;
1346 2238 1518 2288 perfecta
1555 2237 1711 2276 tandem

267 2302 354 2341 Jani
381 2302 538 2340 Gruteri
566 2301 667 2339 curis
686 2301 736 2338 ab
771 2314 831 2338 an.
860 2298 972 2346 1596.
1005 2302 1191 2339 Martialis
1222 2302 1361 2339 resecti
1395 2308 1591 2339 curatores
1620 2300 1713 2339 novi

267 2366 424 2402 extitere
444 2364 670 2402 Edmundus
684 2364 872 2414 Augerius
887 2376 950 2401 an.
971 2363 1084 2402 1568.
1104 2365 1278 2403 Plautino
1295 2365 1517 2410 inserviens,
1536 2372 1576 2404 et
1588 2365 1711 2403 Andr.

267 2429 421 2466 Frusius
435 2429 573 2467 Gallus
589 2441 649 2466 an.
671 2434 783 2467 1588.
819 2429 970 2466 Interea.
981 2441 1135 2478 quoque
1148 2435 1494 2467 commentatorum
1511 2442 1710 2466 numerum

265 2498 426 2530 auxerat
441 2491 595 2529 Theod.
610 2491 807 2530 Marcilius
824 2497 862 2529 et
880 2492 988 2529 Laur.
1007 2491 1238 2530 Ramiresius
1254 2492 1301 2530 de
1321 2493 1460 2537 Prado,
1481 2499 1554 2530 cet.
1575 2494 1708 2531 Vario-

269 2568 352 2593 rum
376 2555 442 2592 has
462 2569 570 2594 curas
590 2556 791 2607 plerasque
811 2569 900 2593 cum
920 2556 1026 2593 novis
1047 2557 1181 2595 Desid.
1203 2556 1363 2594 Heraldi
1384 2563 1423 2595 et
1443 2556 1532 2594 Nic.
1554 2556 1711 2606 Rigaltii

265 2619 546 2667 conjunxerunt
558 2619 730 2658 Parisina
744 2619 894 2658 Morelli
907 2632 969 2658 an.
991 2620 1105 2658 1601.
1121 2627 1157 2657 et
1171 2620 1235 2657 illa
1252 2620 1366 2664 1617.
1397 2620 1601 2670 Superavit
1618 2632 1706 2656 mox

262 2682 429 2721 omnium
445 2683 694 2735 interpretum
703 2697 812 2725 curas
823 2683 972 2735 egregia
985 2683 1160 2723 doctrina
1176 2684 1320 2722 Matth.
1338 2683 1491 2728 Raderi,
1508 2683 1575 2732 qui
1598 2683 1702 2721 Mar-
