1866 3131
391 163 440 194 M.
475 163 583 193 VAL.
618 161 890 193 MAR'I'IALIS
926 163 1084 194 EPIGR.
1120 166 1212 194 [ΑΒ.
1248 165 1277 194 1.

119 255 197 286 tulis
235 262 383 293 vacaret,
428 256 610 298 doloreque
648 260 815 296 concepto

119 305 209 346 quod
226 307 357 337 unicam
372 312 503 338 tantum
522 312 715 347 acceperat,
731 316 817 337 mor-

120 360 197 386 tuus
215 361 318 387 esset.

164 408 266 439 Epio.
284 416 428 439 Lxxxn.
467 411 482 438 l
513 408 539 438 E
553 406 654 446 servo]
677 407 732 438 Sic
749 417 817 438 om-

121 465 180 487 nes
211 457 301 488 libri.
348 458 446 490 Quod
463 467 538 488 cum
562 456 697 488 difficile
725 457 817 488 vide-

120 513 225 546 retur,
249 507 416 546 fecerunt,
443 509 469 538 E
484 518 589 539 serva:
615 508 712 548 quasi
735 508 818 539 velit

118 558 264 599 intelligi
301 558 508 590 Sosibiannm
544 559 677 590 ancillae
712 558 816 590 filium

119 618 205 647 esse,
228 613 262 639 et
281 614 395 640 tamen
417 619 478 649 pro
496 609 602 640 libero
628 619 664 639 se
687 618 817 650 gerere,

121 658 223 690 fateri
249 663 373 698 tamen,
397 664 435 690 ut
453 660 499 690 vis
521 660 673 691 veritatis
697 670 818 701 magna

119 714 187 748 est,
209 719 244 741 se
261 709 365 741 filium
390 720 464 741 esse
482 711 625 748 ancillae,
649 721 707 742 seu
723 711 816 751 geni-

120 765 191 791 tum
218 771 236 792 e
264 771 384 800 serva;
422 772 524 803 quum
555 767 688 802 patrem
719 772 815 793 suum

117 812 126 827 ‘
140 810 328 842 dominum’
345 812 484 842 salutat.
508 812 680 853 Ejusmodi
692 822 813 853 nempe

119 861 365 902 paterfamilias
381 863 487 903 qualis
503 863 747 902 epigrammate
761 866 813 894 85.

119 917 295 953 sequente,
315 914 324 930 ‘
340 912 544 950 Quirinalis,'
559 913 701 943 ancillas
718 913 815 953 quasi

119 963 274 1003 gallinas,
297 972 362 993 non
393 963 547 1003 parendi,
573 962 630 992 sed
658 962 814 1002 pariendi

120 1022 222 1044 causa
256 1013 442 1053 possidens.
479 1012 684 1044 Musmnbert.
730 1014 815 1044 Cum

120 1069 252 1105 patrem
280 1064 431 1104 appellas
452 1064 622 1095 dominum
638 1063 744 1105 (quod
768 1064 817 1094 in-

123 1115 224 1157 genui
235 1115 409 1146 faciebant
422 1116 554 1146 honoris
565 1114 683 1155 causa)
701 1121 747 1152 tu,
763 1124 819 1145 na-

124 1166 244 1198 talium
260 1166 332 1196 vitii
349 1166 410 1197 tibi
426 1166 594 1205 conscius,
610 1175 669 1205 per
687 1164 816 1195 blandi·

121 1218 183 1248 tias
213 1217 286 1248 illas
309 1216 426 1248 fateris
458 1221 491 1247 te
529 1225 602 1246 esse
627 1215 816 1256 hybridam,

119 1272 235 1299 natum
252 1268 383 1299 scilicet
395 1277 413 1298 e
427 1277 524 1298 serva
536 1272 572 1298 et
586 1268 705 1298 libero.
728 1268 818 1298 Scri-

120 1318 230 1349 verius
255 1318 307 1350 liic
331 1318 490 1359 grandius
516 1323 685 1349 secretum
707 1318 816 1349 latere

119 1370 311 1401 existimat:
330 1370 467 1400 vivente
481 1370 569 1401 enim
584 1374 680 1409 patre
691 1369 818 1400 Sosibi-

120 1420 186 1460 ani,
208 1430 322 1451 servus
353 1420 425 1460 ejus
460 1425 637 1461 suspectus
667 1425 742 1451 erat
773 1421 816 1451 de

119 1470 364 1502 consuetudine
395 1470 504 1510 stupri
532 1480 607 1501 cum
634 1470 714 1501 hera
744 1480 816 1509 sua,

120 1522 204 1553 adeo
220 1527 258 1553 ut
271 1523 414 1563 populus
429 1521 587 1554 crederet
602 1522 817 1553 Sosibianum

120 1578 270 1604 nostrum
299 1583 341 1604 ex
365 1583 462 1605 servo
497 1574 570 1613 ipso
602 1579 817 1613 conceptum.

121 1624 200 1655 Non
214 1628 278 1662 est,
291 1624 400 1664 inquit
412 1624 596 1663 Martialis,
611 1623 699 1664 quod
715 1623 745 1653 in
761 1622 818 1654 du-

121 1674 212 1705 bium
230 1684 425 1705 revocemus
442 1674 488 1712 id,
505 1673 592 1714 quod
610 1682 726 1703 omnes
741 1672 817 1704 hac-

124 1729 221 1756 tenus
247 1725 412 1766 suspicati
432 1728 522 1760 sunt,
546 1727 581 1754 te
601 1733 619 1754 e
644 1732 742 1753 servo
760 1727 818 1753 tuo

121 1776 312 1807 domestico
337 1775 508 1815 genitum:
536 1773 567 1804 id
585 1773 674 1804 enim
693 1771 817 1803 blande

123 1827 253 1867 fateris,
285 1837 386 1868 quum
422 1826 529 1866 ipsum
560 1833 693 1855 servum
724 1823 817 1854 illum

123 1888 221 1910 vocas
247 1876 475 1916 ‘Dominnm‚'
497 1875 554 1916 qui
579 1883 698 1905 revera
720 1878 818 1914 pater

122 1933 200 1960 tuus
210 1932 275 1960 est.
300 1927 386 1959 Nam
402 1925 541 1958 Domini
555 1934 616 1965 per
631 1923 818 1955 irrisionem

122 1989 214 2020 saepe
237 1987 353 2010 servos
375 1986 451 2008 suos
480 1975 652 2007 vocabant
679 1975 688 1991 ‘
703 1974 819 2005 Domi-

121 2039 182 2060 nos
197 2028 218 2060 :'
242 2028 319 2059 vide
336 2027 531 2068 epigramm.
548 2028 599 2057 58.
615 2026 638 2055 1.
654 2029 686 2056 5.
733 2025 819 2056 Gro-

122 2080 239 2111 novius
264 2080 329 2110 hoc
345 2077 485 2118 accipit,
509 2077 598 2118 quod
614 2077 714 2117 fingit
728 2077 818 2107 Scri·

122 2130 248 2168 verius,
262 2129 425 2160 Sosibiani
439 2132 597 2167 matrem,
610 2128 717 2168 patris
731 2128 819 2168 ejus-

124 2179 202 2210 dem
229 2188 381 2218 uxorem,
403 2177 594 2209 clanculum
614 2187 691 2208 cum
715 2187 819 2208 verna

125 2240 185 2262 suo
215 2231 430 2261 consuevisse
453 2228 633 2261 cubilibus.
679 2227 727 2259 At
751 2238 818 2259 non

128 2281 266 2321 accipit,
301 2280 344 2312 τὰ
369 2281 378 2296 ‘
404 2281 489 2312 Cum
518 2280 605 2311 dicis
635 2279 818 2310 dommum'

126 2331 328 2371 explicanda
348 2340 434 2370 esse,
460 2340 561 2371 quum
589 2330 697 2370 ipsum
726 2329 819 2361 illum

126 2392 260 2414 servum
291 2392 393 2413 vocas
433 2382 648 2420 ‘dominum,⁷
685 2382 740 2423 qui
771 2392 821 2413 re-

125 2443 210 2464 vera
239 2437 339 2473 pater
370 2437 447 2464 tuus
472 2438 535 2465 est.
589 2434 696 2464 Immo
721 2443 820 2474 quem

126 2483 341 2514 ‘dominum’
361 2483 516 2521 vocabat,
538 2493 603 2515 non
631 2493 746 2514 servus
769 2482 819 2524 (id

131 2534 219 2565 euim
253 2542 319 2564 non
356 2533 418 2563 nisi
453 2543 515 2573 per
548 2533 731 2564 ludibrium
762 2533 819 2564 fie-

128 2583 203 2623 bat)
229 2583 287 2615 sed
317 2584 463 2614 creditus
480 2593 519 2615 ac
545 2583 714 2624 professus
733 2584 821 2614 illius

130 2639 228 2675 pater
268 2639 352 2664 erat.
405 2633 492 2664 Haec
536 2638 648 2665 autem
689 2638 822 2665 senten-

129 2686 197 2716 tia:
228 2685 325 2724 Jure,
346 2684 535 2724 Sosibiane,
565 2690 698 2725 patrem
727 2689 821 2716 tuum

129 2744 191 2776 per
205 2734 394 2776 blanditias,
409 2735 417 2750 ‘
429 2734 608 2766 dominum’
632 2745 731 2767 vocas
745 2746 753 2766 :
771 2738 823 2765 est

1450 157 1563 199 1123

866 256 953 287 enim
970 257 1122 290 dominus
1137 265 1213 291 tuus
1228 270 1357 301 revera,
1370 270 1435 292 non
1446 268 1562 302 pater:

866 317 976 348 neque
992 309 1079 339 enim
1096 320 1137 340 ex
1157 311 1223 350 illo,
1247 312 1304 343 sed
1319 322 1358 342 ex
1377 322 1475 345 servo
1492 324 1564 345 ves-

867 363 920 389 tro
937 358 1105 399 familiari,
1121 371 1162 391 ex
1180 364 1348 404 mancipio
1365 364 1449 404 ejus,
1463 374 1562 405 quem

867 406 953 439 falso
970 414 1101 449 patrem
1120 421 1236 450 vocas,
1259 418 1445 453 conceptus
1462 419 1496 445 et
1510 425 1566 454 ge-

867 458 957 489 nitus
971 469 1016 491 es.
1064 460 1138 490 Nec
1155 461 1258 501 objici
1274 463 1376 494 debet
1392 464 1566 496 Juriscon-

867 510 1032 541 sultorum
1044 511 1217 552 exceptio,
1234 513 1243 530 ⁶
1258 518 1390 553 partum
1408 520 1562 546 ventrem

867 560 988 601 sequi.'
1032 562 1120 593 Nam
1138 563 1228 594 illam
1244 563 1459 595 dissimulans
1474 565 1564 596 Mar-

867 611 969 650 tialis,
992 621 1135 643 acumen
1159 614 1316 654 captavit
1341 624 1382 645 ex
1411 616 1565 655 generali

866 662 995 701 regula,
1020 672 1192 694 servorum
1210 673 1274 703 res,
1291 665 1472 706 adquisita,
1489 676 1566 706 par-

866 716 933 750 tus,
956 712 1110 753 vicarios,
1125 723 1191 744 non
1209 713 1370 755 ipsorum,
1387 715 1447 746 sed
1463 715 1567 747 domi-

864 763 1079 804 norumjuris
1095 769 1130 794 et
1147 765 1328 804 potestatis
1345 775 1432 797 esse.
1465 767 1564 798 (ἕν-οη.

906 814 1011 845 Eme..
1030 823 1187 846 Lxxxur.
1227 819 1243 847 1
1269 816 1442 857 Ηιεο,ᾅέ.]
1466 817 1567 857 Ejus-

863 864 941 894 dem
965 864 1154 903 argumenti
1171 871 1206 896 et
1222 865 1359 897 artificii
1382 876 1457 897 cum
1474 867 1565 908 epig.

864 916 915 945 13.
930 923 1042 954 supra,
1054 915 1145 955 quod
1163 915 1251 946 vide.

906 967 925 995 2
948 964 1083 1004 Longas,
1109 965 1179 1006 ἔξω]
1220 967 1307 997 Nam
1325 967 1476 1007 porticus
1493 973 1569 1000 erat

864 1016 976 1055 longa,
991 1020 1024 1046 et
1041 1017 1278 1057 soluta'magis
1301 1018 1568 1051 extendebatur.

908 1070 927 1098 3
952 1067 1116 1107 Absoluta]
1143 1068 1217 1099 Heu
1233 1068 1323 1100 ferre
1340 1079 1496 1110 possum:
1521 1071 1567 1101 vi-

866 1120 932 1148 tato
947 1127 1013 1148 non
1030 1116 1116 1148 fero.
1141 1118 1216 1149 Nec
1234 1123 1346 1150 tamen
1364 1120 1373 1137 ‘
1390 1120 1567 1151 absoluta'

868 1173 919 1198 est
934 1167 1112 1207 dissoluta,
1129 1178 1189 1199 sen
1206 1169 1240 1199 in
1257 1170 1367 1200 varias
1385 1175 1500 1210 partes
1517 1171 1568 1201 di-

868 1221 963 1251 vulsa
976 1231 984 1258 ;
1009 1225 1067 1251 aut
1079 1222 1219 1252 crimine
1233 1222 1406 1253 absoluta:
1425 1224 1483 1254 sed
1497 1228 1568 1254 tan-

868 1270 1040 1302 tummodo
1054 1281 1124 1302 suae
1152 1270 1421 1312 significationis,
1435 1273 1568 1304 absolu—

870 1327 902 1352 ta
916 1332 995 1353 casu
1013 1322 1133 1362 grandi
1150 1328 1310 1364 tanquam
1327 1323 1480 1356 crimine.
1525 1325 1567 1356 Id

868 1373 957 1404 enim
984 1373 1106 1413 ipsum,
1124 1373 1212 1414 quod
1240 1374 1314 1404 lnco
1339 1374 1489 1405 criminis
1505 1381 1570 1414 est,

867 1429 1010 1465 apparet
1037 1424 1070 1454 in
1105 1428 1270 1455 contextu
1311 1424 1504 1465 verborum,
1533 1431 1570 1456 et

866 1475 874 1490 ‘
889 1481 1016 1515 quanto
1043 1484 1124 1505 casu
1152 1474 1331 1506 absoluta'
1368 1480 1434 1513 est,
1466 1485 1569 1517 quam

867 1526 979 1566 gravis
995 1536 1092 1557 casus
1106 1525 1246 1557 crimine
1261 1525 1465 1567 infamiaque
1486 1527 1570 1558 libe-

867 1582 951 1608 rata.
995 1578 1057 1607 Est
1073 1582 1187 1607 autem
1203 1586 1300 1608 casus
1316 1577 1372 1608 ille
1388 1588 1478 1609 mors
1503 1578 1569 1608 Re-

868 1627 948 1668 guli.
994 1629 1104 1661 Quam
1132 1628 1240 1658 dirum
1263 1628 1570 1669 detestandumque

869 1688 983 1709 casum
1010 1678 1041 1708 ei
1067 1678 1271 1708 remiserunt
1299 1677 1358 1716 dii,
1387 1678 1444 1719 qui
1471 1678 1569 1709 mini-

868 1737 958 1758 mum
973 1727 1105 1766 aberat,
1123 1727 1202 1767 quin
1224 1727 1436 1767 contigisset.
1467 1729 1568 1760 Gron.

911 1781 932 1808 9
958 1778 1065 1808 Tantce
1095 1778 1226 1818 Regale,
1250 1777 1321 1818 ὅπη]
1364 1778 1453 1810 Vide
1481 1788 1567 1810 vers.

870 1831 921 1860 12.
937 1828 1046 1868 epigr.
1064 1831 1117 1858 13.

912 1879 1188 1910 EP1G.r.xxx1v.
1212 1881 1229 1908 1
1257 1879 1301 1908 Os
1317 1881 1347 1909 et
1362 1879 1463 1920 labra]
1487 1879 1568 1910 Oris

869 1931 904 1959 et
920 1927 1087 1958 labiorum
1105 1928 1278 1968 Mannejae
1296 1929 1492 1968 spurcitiam
1510 1940 1569 1960 no—

869 1983 921 2009 tat
936 1979 1000 2009 hoc
1023 1978 1281 2018 epigrammate,
1308 1979 1396 2020 quod
1421 1979 1569 2020 lingeret

868 2029 1005 2069 catella,
1022 2029 1148 2069 quippe
1162 2029 1225 2059 hoc
1242 2030 1367 2060 animal
1383 2030 1570 2062 lambendis

868 2080 1087 2111 immunditiis
1103 2080 1306 2110 delectatur.

911 2134 931 2162 2
955 2132 1085 2162 Merdas
1113 2132 1140 2160 si
1170 2130 1244 2161 libet
1279 2130 1357 2170 esse]
1402 2131 1569 2162 Phaedrus

868 2181 952 2212 Fab.
969 2183 1021 2212 27.
1051 2182 1060 2198 ‘
1079 2181 1110 2211 Ο
1129 2181 1235 2219 canis,
1251 2181 1487 2222 meritojaceS,
1502 2182 1571 2214 Qui

869 2231 1057 2272 concupisti
1075 2230 1184 2262 subito
1202 2232 1330 2272 regales
1347 2242 1441 2272 opeS,
1455 2232 1570 2262 Trivio

869 2287 1054 2323 conceptus
1066 2286 1100 2312 et
1113 2281 1277 2312 educatus
1291 2281 1469 2313 stercore.’
1488 2282 1570 2312 Gro-

869 2334 987 2364 novius.
1030 2333 1245 2372 Merdas,§w.]
1268 2333 1352 2364 Quae
1366 2336 1455 2363 tetro
1467 2332 1570 2364 odore

870 2393 936 2414 non
954 2387 1118 2422 superant
1145 2382 1154 2398 ‘
1171 2383 1310 2413 artificis
1338 2382 1386 2413 tui
1407 2383 1473 2413 oris
1489 2383 1571 2414 hali-

872 2432 1101 2471 tum‚’Juven.
1118 2432 1153 2463 S.
1170 2434 1220 2462 10.
1234 2434 1307 2463 238.

914 2484 1164 2514 Emomxxxv.
1189 2485 1204 2512 l
1225 2482 1370 2519 Uxorem,
1383 2483 1451 2523 ἐξιῇ]
1475 2483 1569 2514 Salse

871 2538 967 2564 notat
983 2533 1193 2565 Quirinalem
1203 2532 1351 2572 equitem
1370 2534 1570 2572 Romanum,

873 2586 928 2625 qui
954 2582 1079 2614 coelcbs
1109 2591 1210 2623 quum
1236 2588 1327 2612 esset
1352 2592 1386 2612 se
1417 2583 1569 2614 omnibus

874 2634 1002 2665 aucillis
1018 2634 1082 2664 suis
1099 2634 1273 2673 miscebat,
1289 2643 1331 2664 ex
1356 2634 1475 2675 quibus
1494 2644 1571 2675 per·

874 2685 994 2714 multos
1010 2683 1218 2724 suscipiebat
1234 2683 1370 2715 liberos.

916 2740 935 2768 4
960 2736 1162 2776 Domumque,
1175 2739 1204 2767 et
1216 2745 1308 2776 agros
1319 2736 1440 2779 implet]
1460 2736 1570 2769 Urba-
