1866 3131
415 184 462 213 M.
497 182 607 212 VAL.
640 176 915 210 MARTtALIS
950 176 1109 207 EPIGR.
1145 175 1237 205 [ΑΒ.
1270 175 1333 204 Vl.

158 277 332 315 nificaret;
346 278 506 318 illumque
520 280 665 314 cestum,
678 275 724 305 ait
736 273 858 312 Poeta,

160 334 228 360 tarn
246 339 361 359 verum
380 334 414 359 et
443 332 632 368 potentem,
647 331 685 355 nt
701 325 859 355 videatur

161 380 202 409 ab
231 379 334 419 ipsius
361 378 537 418 Cupidinis
562 378 647 408 collo
672 376 860 414 detractus,

157 430 224 459 imo
251 430 307 469 qui
336 429 448 459 vincat
474 428 631 465 eundem,
655 430 692 456 ut
721 425 746 455 si
768 425 859 457 Juno

160 485 218 509 aut
250 480 364 509 venus
387 483 517 509 cestum
543 476 729 514 desideret,
751 475 860 516 possit

159 530 250 560 illum
276 539 341 560 non
363 529 435 568 jam
453 538 472 558 a
488 527 671 568 Cupidine,
689 526 747 557 sed
767 536 786 556 a
800 526 860 558 Ju-

160 580 205 610 lia
222 585 371 610 mutuum
389 578 558 618 accipere.
586 578 666 608 [ιάιΙ.

203 635 218 662 l
247 632 325 666 Quis
349 634 378 661 te
406 630 567 669 Phidiaco,
589 629 658 669 Sym]
686 628 770 661 Quis
793 632 859 659 sta-

160 687 251 712 tuam
301 687 393 712 tuam
433 679 533 710 finxit
570 684 665 710 tanto
704 678 861 718 artificio,

159 739 194 763 ut
215 732 346 763 Phidiae
364 731 476 762 eximii
503 731 648 761 toreutis
673 739 860 770 superasse,

158 783 330 823 ipsiusque
368 781 520 812 Palladis
567 786 675 812 artem
722 790 859 821 aequare

159 833 335 863 videatur?
369 832 477 872 Jnlz'a]
504 831 592 862 Filia
615 831 683 862 Titi
712 831 800 871 Imp.
826 836 861 862 et

158 884 295 914 Martiae
314 883 483 918 Furvill‘ae,
501 882 554 912 cui
573 881 757 921 impensius
771 891 860 912 ama·

160 939 201 964 t-ae.
224 933 439 964 Domitianus
455 938 594 972 patruus
609 932 773 971 insignem
793 936 861 962 sta-

160 991 249 1015 tuam
269 990 443 1016 tenentem
460 994 561 1015 manu
573 988 723 1022 nestum,
739 993 806 1024 quo
824 992 860 1013 se

157 1045 356 1074 percussum
386 1035 554 1074 innueret,
594 1034 714 1064 erexit.
763 1032 861 1073 Coelo]

158 1085 243 1116 Stilo
263 1085 462 1125 sculptorio.

199 1138 218 1166 3
253 1136 322 1166 Non
353 1135 464 1174 tacita,
492 1133 558 1174 δῖα]
593 1133 648 1164 Ad
679 1134 788 1164 vivum
815 1133 864 1163 ita

158 1195 331 1226 expressa,
347 1190 385 1216 ut
403 1185 493 1226 loqui
511 1184 680 1215 videatur.
722 1183 863 1223 Lygdos]

157 1237 309 1267 Marmor
328 1235 538 1276 Lygdinum:
565 1244 583 1265 e
596 1235 709 1265 Tauro
724 1239 760 1264 et
777 1234 862 1264 Ara-

158 1287 223 1317 bia.
243 1286 363 1327 Epigr.
380 1289 434 1316 42.
453 1284 552 1316 infra.

199 1340 218 1368 4
241 1337 334 1368 Vivus
348 1337 382 1367 in
404 1346 456 1366 ore
482 1334 596 1376 liquor]
622 1334 772 1366 Omnino
788 1334 860 1365 baec

158 1397 240 1418 vera
256 1388 380 1418 lectio:
400 1387 458 1418 sed
473 1386 552 1427 quid
566 1387 629 1417 sibi
644 1386 737 1425 velit,
749 1389 860 1416 osten-

157 1438 208 1470 dit
225 1439 417 1469 Gronovius
434 1437 605 1469 Diatribis
633 1436 675 1467 ad
700 1437 790 1467 Stat.
808 1446 861 1466 ca-

157 1489 229 1528 pite
244 1497 349 1520 xxrv.
363 1490 454 1518 circa
466 1486 567 1518 finem
579 1497 657 1527 pag.
671 1489 742 1517 153.
754 1486 862 1516 Vivus

157 1540 268 1579 liquor
283 1543 336 1569 est
354 1548 475 1569 succus
491 1537 546 1568 ille
561 1543 596 1568 et
612 1537 744 1577 sanguis
760 1536 863 1567 faciei

159 1590 216 1630 qui
241 1589 399 1629 splendet
416 1598 434 1619 e
456 1588 596 1626 viventi,
612 1587 690 1617 viva
713 1596 860 1627 veraque

159 1639 267 1671 facie:
295 1641 349 1670 ille
373 1639 482 1679 fulget
505 1639 539 1669 in
564 1639 626 1669 bac
651 1642 786 1669 statua:
811 1637 859 1667 lo-

159 1690 215 1731 qui
235 1696 346 1730 putes,
362 1695 396 1721 et
413 1690 487 1720 vivo
505 1698 606 1720 succo
623 1698 659 1718 os
672 1687 824 1718 accendi.

202 1745 219 1771 5
244 1739 356 1780 Ludit]
384 1739 588 1770 Ludibunda
605 1744 640 1769 et
657 1739 751 1769 velut
768 1744 861 1768 tene-

159 1803 196 1823 ra
213 1801 251 1823 ac
266 1792 357 1822 molli
374 1801 474 1822 manu
491 1790 734 1830 geritcestum‚
751 1789 783 1819 id
797 1794 862 1827 est,

160 1844 331 1874 baltheum
350 1843 472 1874 amoris
485 1847 673 1882 potentem,
696 1841 858 1881 Cupidini

158 1900 327 1934 ereptum,
345 1903 411 1935 quo
428 1894 577 1924 Martem
595 1893 722 1931 Venus,
738 1891 861 1923 Jovem

157 1945 247 1977 Juno
270 1949 399 1976 tactum
428 1944 469 1974 ad
497 1952 646 1974 amorem
671 1943 860 1973 accendere

158 1996 279 2027 fertur.
327 1995 415 2025 Vide
434 1993 578 2034 Gyraldi
594 1993 738 2033 Syntag.
756 1992 861 2024 13.de

158 2047 304 2078 Venere.
351 2046 507 2084 Acidalio,
536 2044 603 2084 ξω]
635 2045 752 2075 Venus
783 2043 862 2075 Aei-

157 2098 247 2128 (lalia
263 2098 357 2128 dicta
371 2102 425 2128 est
442 2097 483 2127 ab
498 2095 622 2135 ἀκήδεις,
638 2096 669 2126 id
686 2100 750 2134 est,
762 2105 861 2126 curas

159 2158 242 2189 quas
266 2148 399 2188 injicit:
423 2147 477 2177 vel
505 2148 548 2178 ab
578 2147 733 2178 Acidalio
764 2146 859 2177 fonte.

159 2198 190 2228 in
209 2198 426 2229 Orchomeno
442 2198 584 2227 Boeotiae
610 2207 675 2238 quo
692 2206 727 2227 se
742 2197 860 2228 lavare

160 2248 290 2279 Gratiae
306 2247 518 2285 ferebantur,
535 2248 566 2278 in
584 2248 647 2279 hoc
664 2252 776 2278 autem
791 2248 860 2279 cin-

160 2299 238 2339 gulo
265 2307 380 2329 omnes
408 2299 519 2328 inesse
543 2299 680 2329 Gratias
697 2303 732 2329 et
749 2299 861 2329 Vene-

160 2359 213 2380 res
250 2349 343 2379 canit
367 2348 506 2379 Homer.
527 2349 567 2379 ll.
584 2352 609 2388 ξ.
655 2349 664 2366 ‘
685 2348 860 2379 Acidalius

160 2400 267 2431 nodus
281 2403 288 2414 ’
319 2409 379 2429 seu
410 2399 632 2439 Cupidineus,
670 2410 731 2439 pro
765 2404 861 2430 cesto

160 2452 316 2488 sumitur,
334 2459 398 2490 quo
416 2459 618 2490 percussura
634 2450 770 2481 videtui·
789 2451 860 2481 Do-

159 2502 347 2533 mitianum.

202 2557 220 2584 7
243 2554 285 2584 Ue
315 2552 445 2591 Martis,
465 2551 535 2591 ἐξα]
560 2551 652 2583 Juno
681 2556 718 2582 et
742 2552 860 2582 Venus

160 2611 322 2646 tanquam
339 2603 484 2633 minores
502 2603 588 2632 Deae
606 2612 625 2632 a
641 2607 674 2633 te
690 2602 765 2642 (ubi
783 2611 862 2632 con-

161 2656 294 2687 ciliatos
334 2653 451 2683 volunt
477 2652 601 2684 Jovein
633 2658 668 2683 et
700 2650 864 2689 Martem)

161 2711 283 2747 petant
300 2705 471 2744 cingulum
497 2703 572 2741 hoc,
598 2714 664 2743 quo
691 2709 723 2734 iu
750 2705 861 2733 incen-

162 2758 211 2787 ‹lis
228 2756 459 2787 Domitianum
477 2755 587 2784 Donni
612 2759 645 2784 et
671 2755 770 2784 Doni.
788 2763 862 2783 nos-

1497 162 1611 205 '1255

911 277 1010 302 trum.

951 324 970 351 8
988 322 1099 351 Ceston
1115 325 1145 351 et
1161 321 1228 361 ipsa
1249 319 1368 361 Venus]
1392 318 1497 350 Modo
1525 326 1611 348 vers.

908 375 940 402 5.
985 371 994 388 ‘
1009 370 1187 402 Acidalius
1203 372 1333 403 nodus!

952 422 1055 452 EPIG.
1074 430 1150 452 xiv.
1167 421 1317 452 Difficile
1336 421 1442 452 Poeta
1467 419 1615 451 affirmat

910 473 1081 514 ingenium
1099 474 1273 503 excellens
1289 478 1395 503 artem
1418 481 1485 503 non
1502 475 1614 502 osten-

910 528 1009 555 tare:
1035 524 1230 564 nullumque
1255 522 1327 554 fere
1350 532 1437 561 esse,
1462 522 1611 562 quicum

909 574 1036 616 aliquid
1062 584 1097 605 se
1126 574 1215 604 scire
1240 579 1366 614 praeter
1383 577 1528 604 caeteros
1552 580 1612 611 pu·

911 630 975 664 tet,
988 625 1070 655 nolit
1086 625 1149 655 hoc
1166 624 1247 654 alios
1262 623 1305 654 de
1320 633 1355 653 se
1370 623 1472 653 scire.

953 679 972 707 2
988 674 1118 715 Laberi]
1145 674 1241 706 Alius
1268 673 1322 704 bic
1346 683 1365 703 a
1389 671 1537 703 Laberio
1553 669 1614 700 mi-

910 735 1040 756 morum
1058 727 1237 766 scriptore.

952 778 971 805 4
996 775 1105 805 Virum
1119 774 1249 815 putabo]
1274 773 1340 806 Qui
1367 772 1473 813 possit
1489 770 1613 802 famam

910 834 947 860 et
975 830 1117 868 gloriam
1147 833 1382 865 contemnere,
1409 835 1477 855 non
1505 828 1616 855 osten·

910 881 1015 912 tando
1033 884 1139 910 artem
1159 889 1252 909 suam
1267 887 1307 908 ac
1323 876 1515 907 scientiam.

954 931 1060 961 EP1G.
1086 939 1147 961 xv.
1176 932 1191 960 1
1213 919 1437 965 Phaethontea,
1457 923 1524 965 Syna]
1548 924 1613 955 Po-

911 984 1021 1023 pulea.
1047 983 1134 1013 Vide
1152 982 1270 1022 Epigr.
1287 983 1339 1011 25.
1354 978 1413 1010 lib.
1429 980 1462 1009 4.
1477 986 1565 1008 vers.
1582 979 1612 1006 2.

954 1036 973 1064 2
998 1032 1128 1072 Fer-am]
1146 1031 1348 1063 Formicam.

953 1086 972 1114 4
1006 1083 1181 1115 Funeribus
1203 1081 1294 1120 sacta
1319 1082 1378 1118 est,
1398 1077 1466 1118 alsa]
1497 1076 1613 1108 Simile

912 1135 956 1165 de
974 1134 1102 1174 vipera,
1129 1133 1384 1173 Epigrammate
1400 1131 1453 1160 59.
1476 1127 1563 1158 libro
1579 1129 1614 1157 4.

913 1194 1001 1215 vers·
1015 1189 1046 1215 5,

956 1236 1059 1265 EPIG.
1073 1242 1166 1264 xvu.
1191 1235 1208 1263 1
1228 1229 1374 1270 Cinnam]
1398 1226 1615 1260 Uthabearis

913 1285 1048 1324 nobilis,
1073 1289 1109 1315 et
1135 1283 1256 1322 Cinna,
1280 1276 1616 1319 consulariquidexn,

913 1336 972 1367 sed
990 1334 1122 1366 crudeli
1148 1334 1219 1364 viro
1243 1330 1418 1363 oriundus.
1454 1330 1614 1365 Cimmme,

911 1386 981 1427 δῖα]
1005 1387 1156 1423 Tonsor,
1173 1384 1215 1415 de
1233 1393 1299 1424 quo
1311 1382 1428 1422 Epigr.
1441 1382 1493 1410 64.
1511 1377 1568 1409 lib.
1581 1380 1615 1408 7.

954 1442 974 1470 4
992 1439 1061 1470 Ista
1072 1437 1192 1468 ratione
1206 1436 1367 1476 dicereris]
1382 1433 1536 1464 Barbara
1551 1431 1614 1462 hac

912 1488 1087 1531 Apocope.

946 1541 1052 1571 Eme.
1066 1548 1176 1570 xvnr.
1193 1541 1209 1569 1
1227 1538 1345 1568 Sancta
1355 1533 1513 1574 Salonini]
1528 1532 1615 1563 Pro-

912 1591 986 1630 prie
1025 1589 1212 1621 ‘Sanctaz'
1236 1598 1310 1619 nam
1342 1588 1462 1617 Manes
1490 1585 1614 1615 sancti.

912 1641 1000 1672 Vide
1017 1641 1173 1671 Macrob.
1190 1639 1248 1670 lib.
1264 1642 1294 1669 3.
1310 1636 1480 1668 Saturnal.
1496 1636 1613 1674 cap.3.

910 1692 1033 1731 Virgil.
1047 1695 1098 1722 11.
1115 1690 1247 1721 AEneid.
1273 1690 1282 1705 ⁴
1297 1689 1460 1728 Tuque,o
1471 1684 1613 1716 sanctis-

911 1743 995 1773 sima
1010 1743 1147 1783 conjux,
1159 1741 1255 1772 Felix
1274 1744 1383 1770 morte
1400 1737 1483 1769 tua!
1521 1737 1615 1767 Nota

912 1794 1014 1824 etiam
1033 1795 1041 1810 ‘
1054 1793 1138 1824 felix
1152 1792 1160 1805 '
1184 1790 1352 1831 μακαρίτις.
1380 1790 1423 1819 Et
1439 1789 1614 1819 ‘Deorum

912 1843 1058 1873 manium
1101 1843 1182 1882 jura
1226 1846 1346 1870 sancta
1378 1837 1478 1877 sunt,’
1525 1839 1614 1878 apud

912 1894 1062 1924 MTuu.
1086 1893 1145 1923 lib.
1160 1894 1191 1923 2.
1218 1891 1260 1921 de
1289 1889 1389 1930 legib.
1427 1888 1613 1919 Et‘Sanc-

912 1943 1013 1975 titus’
1046 1943 1182 1983 proprie
1199 1942 1353 1982 ‘justitia
1370 1949 1452 1979 erga
1475 1938 1613 1977 manes,'

912 1994 1048 2025 utidem
1075 1995 1122 2023 ait
1150 1993 1182 2023 in
1213 1991 1360 2031 Topicis.
1412 1991 1521 2020 Recte
1551 1989 1613 2029 igi-

913 2045 1016 2076 turin
1047 2045 1149 2084 gloss.
1194 2043 1369 2079 ‘Sanctam
1392 2040 1486 2077 ὅσιος,
1503 2038 1613 2078 ἅγιος.’

912 2095 1045 2125 Herald.
1092 2094 1198 2124 Terris
1224 2092 1388 2133 requiescit
1418 2090 1533 2130 Iberis]
1571 2090 1613 2122 In

909 2145 1090 2185 Hispania.

953 2198 972 2225 2
1009 2195 1079 2229 Qua
1114 2193 1233 2232 melior,
1269 2192 1340 2232 Sym]
1385 2192 1461 2224 Qua
1495 2190 1615 2222 umbra

910 2255 977 2276 non
991 2250 1043 2276 est
1059 2245 1126 2275 alia
1141 2243 1233 2284 apud
1250 2242 1378 2273 inferos
1394 2242 1556 2273 sanctior.

955 2299 973 2326 3
1007 2295 1069 2326 Sed
1097 2295 1216 2334 lugere,
1242 2293 1310 2333 ihu]
1349 2292 1495 2323 ‘Absint
1521 2292 1613 2322 inani

912 2349 1032 2380 funere
1059 2347 1201 2385 naeni-oef
1228 2349 1292 2377 &c.
1313 2346 1434 2376 Horat.
1463 2344 1541 2375 Ode
1557 2347 1611 2375 20.

912 2401 1014 2431 libe.
1032 2400 1109 2440 quia
1135 2398 1260 2428 ‘multa
1282 2406 1359 2437 pars
1386 2395 1451 2426 mei
1480 2395 1614 2427 Vitabit

915 2451 1119 2481 Libitinam:
1146 2457 1253 2488 usque
1271 2456 1333 2487 ego
1358 2451 1498 2487 postera
1514 2446 1612 2477 Cres-

914 2512 987 2533 cam
1004 2499 1104 2531 laude
1121 2508 1238 2529 recens
1253 2498 1275 2528 :'
1300 2497 1409 2538 inquit
1422 2497 1509 2527 idem
1535 2496 1612 2528 Ode

914 2555 967 2582 30.
984 2551 1044 2581 lib.
1061 2554 1092 2581 3.
1123 2550 1251 2588 Magna
1278 2548 1413 2588 quidem
1438 2548 1508 2588 ejus
1535 2556 1614 2588 pars

914 2607 965 2633 est
981 2604 1167 2641 superstes,
1182 2600 1237 2629 cui
1264 2602 1421 2639 superest
1439 2598 1545 2638 gloria
1569 2607 1612 2629 ex

914 2653 1013 2683 claris
1027 2650 1140 2690 factis,
1155 2656 1243 2681 etex
1260 2649 1344 2680 bene
1367 2649 1493 2679 meritis
1509 2650 1612 2680 nomi-

915 2704 964 2734 nis
979 2703 1178 2732 celebritas:
1206 2700 1264 2731 sod
1282 2701 1347 2730 alia
1369 2700 1422 2731 liic
1437 2709 1529 2730 mens
1546 2699 1611 2730 Po-

914 2755 979 2783 &tw
1022 2753 1127 2784 nostri
1162 2757 1193 2782 et
1234 2752 1320 2782 ratio
1361 2751 1611 2791 Pythagorica:
