<?xml version="1.0" encoding="UTF-8"?>
<!DOCTYPE html PUBLIC "-//W3C//DTD XHTML 1.0 Transitional//EN"
    "http://www.w3.org/TR/xhtml1/DTD/xhtml1-transitional.dtd">
<html xmlns="http://www.w3.org/1999/xhtml" xml:lang="en" lang="en">
 <head>
  <title>
</title>
<meta http-equiv="Content-Type" content="text/html;charset=utf-8" />
  <meta name='ocr-system' content='tesseract 3.04.00' />
  <meta name='ocr-capabilities' content='ocr_page ocr_carea ocr_par ocr_line ocrx_word'/>
</head>
<body>
  <div class='ocr_page' id='page_1' title='image "./epigrammataexedi03martuoft_0085.png"; bbox 0 0 1866 3131; ppageno 0'>
   <div class='ocr_carea' id='block_1_1' title="bbox 412 177 1318 216">
    <p class='ocr_par' dir='ltr' id='par_1_1' title="bbox 412 177 1318 216">
     <span class='ocr_line' id='line_1_1' title="bbox 412 177 1318 216; baseline -0.01 -3"><span class='ocrx_word' id='word_1_1' title='bbox 412 187 459 216; x_wconf 76' lang='lat' dir='ltr'>M.</span> <span class='ocrx_word' id='word_1_2' title='bbox 491 185 602 214; x_wconf 69' lang='lat' dir='ltr'>x&#39;AL.</span> <span class='ocrx_word' id='word_1_3' title='bbox 636 180 908 211; x_wconf 64' lang='lat' dir='ltr'>MAR‘I‘lALlS</span> <span class='ocrx_word' id='word_1_4' title='bbox 945 180 1105 208; x_wconf 75' lang='lat' dir='ltr'>Fl’lGR.</span> <span class='ocrx_word' id='word_1_5' title='bbox 1141 178 1230 206; x_wconf 83' lang='lat' dir='ltr'>LIB.</span> <span class='ocrx_word' id='word_1_6' title='bbox 1266 177 1318 205; x_wconf 88' lang='lat'>11.</span> 
     </span>
    </p>
   </div>
   <div class='ocr_carea' id='block_1_2' title="bbox 135 278 848 2799">
    <p class='ocr_par' dir='ltr' id='par_1_2' title="bbox 135 278 835 374">
     <span class='ocr_line' id='line_1_2' title="bbox 135 278 835 321; baseline -0.013 -7"><span class='ocrx_word' id='word_1_7' title='bbox 135 281 201 321; x_wconf 57' lang='lat' dir='ltr'>mn]</span> <span class='ocrx_word' id='word_1_8' title='bbox 240 280 388 312; x_wconf 76' lang='lat' dir='ltr'>Fullonis</span> <span class='ocrx_word' id='word_1_9' title='bbox 415 284 485 311; x_wconf 87' lang='lat' dir='ltr'>arte</span> <span class='ocrx_word' id='word_1_10' title='bbox 510 278 679 316; x_wconf 83' lang='lat' dir='ltr'>dealbata,</span> <span class='ocrx_word' id='word_1_11' title='bbox 702 279 835 307; x_wconf 82' lang='lat' dir='ltr'>cretata</span> 
     </span>
     <span class='ocr_line' id='line_1_3' title="bbox 138 343 288 374; baseline 0 -10"><span class='ocrx_word' id='word_1_12' title='bbox 138 343 288 374; x_wconf 67' lang='lat' dir='ltr'>llbllpcl&#39;·</span> 
     </span>
    </p>

    <p class='ocr_par' dir='ltr' id='par_1_3' title="bbox 137 377 834 668">
     <span class='ocr_line' id='line_1_4' title="bbox 179 377 834 423; baseline -0.014 -8"><span class='ocrx_word' id='word_1_13' title='bbox 179 390 196 415; x_wconf 87' lang='lat'><strong>5</strong></span> <span class='ocrx_word' id='word_1_14' title='bbox 224 383 429 423; x_wconf 70' lang='lat' dir='ltr'>marceliano]</span> <span class='ocrx_word' id='word_1_15' title='bbox 443 383 624 422; x_wconf 80' lang='lat' dir='ltr'>Unguento</span> <span class='ocrx_word' id='word_1_16' title='bbox 639 377 799 410; x_wconf 79' lang='lat' dir='ltr'>confecto</span> <span class='ocrx_word' id='word_1_17' title='bbox 815 387 834 407; x_wconf 92' lang='lat' dir='ltr'>a</span> 
     </span>
     <span class='ocr_line' id='line_1_5' title="bbox 137 430 833 476; baseline -0.011 -11"><span class='ocrx_word' id='word_1_18' title='bbox 137 436 312 476; x_wconf 68' lang='lat' dir='ltr'>myropola</span> <span class='ocrx_word' id='word_1_19' title='bbox 325 434 500 471; x_wconf 84' lang='lat' dir='ltr'>Marcelio,</span> <span class='ocrx_word' id='word_1_20' title='bbox 510 433 561 462; x_wconf 85' lang='lat' dir='ltr'>vel</span> <span class='ocrx_word' id='word_1_21' title='bbox 571 430 833 467; x_wconf 64' lang='lat' dir='ltr'>Marcellomam</span> 
     </span>
     <span class='ocr_line' id='line_1_6' title="bbox 137 481 833 522; baseline -0.009 -6"><span class='ocrx_word' id='word_1_22' title='bbox 137 487 263 522; x_wconf 63' lang='lat' dir='ltr'>legitur</span> <span class='ocrx_word' id='word_1_23' title='bbox 280 491 314 516; x_wconf 89' lang='lat' dir='ltr'>et</span> <span class='ocrx_word' id='word_1_24' title='bbox 330 485 526 516; x_wconf 71' lang='lat' dir='ltr'>Maroellcmo.</span> <span class='ocrx_word' id='word_1_25' title='bbox 571 481 716 514; x_wconf 81' lang='lat' dir='ltr'><strong>Quidam</strong></span> <span class='ocrx_word' id='word_1_26' title='bbox 730 489 833 520; x_wconf 85' lang='lat' dir='ltr'>expo-</span> 
     </span>
     <span class='ocr_line' id='line_1_7' title="bbox 139 531 833 578; baseline -0.01 -11"><span class='ocrx_word' id='word_1_27' title='bbox 139 542 235 576; x_wconf 88' lang='lat' dir='ltr'>nunt,</span> <span class='ocrx_word' id='word_1_28' title='bbox 250 536 337 578; x_wconf 87' lang='lat' dir='ltr'>quod</span> <span class='ocrx_word' id='word_1_29' title='bbox 352 545 412 576; x_wconf 87' lang='lat' dir='ltr'>per</span> <span class='ocrx_word' id='word_1_30' title='bbox 429 539 538 565; x_wconf 88' lang='lat' dir='ltr'>totum</span> <span class='ocrx_word' id='word_1_31' title='bbox 555 532 725 563; x_wconf 79' lang='lat' dir='ltr'>theatrum</span> <span class='ocrx_word' id='word_1_32' title='bbox 739 531 833 561; x_wconf 85' lang='lat' dir='ltr'>Mar-</span> 
     </span>
     <span class='ocr_line' id='line_1_8' title="bbox 138 579 834 626; baseline -0.01 -9"><span class='ocrx_word' id='word_1_33' title='bbox 138 587 215 617; x_wconf 88' lang='lat' dir='ltr'>celli</span> <span class='ocrx_word' id='word_1_34' title='bbox 240 589 458 626; x_wconf 75' lang='lat' dir='ltr'>spargeretur</span> <span class='ocrx_word' id='word_1_35' title='bbox 482 583 577 622; x_wconf 86' lang='lat' dir='ltr'>odor,</span> <span class='ocrx_word' id='word_1_36' title='bbox 593 591 659 623; x_wconf 87' lang='lat' dir='ltr'>quo</span> <span class='ocrx_word' id='word_1_37' title='bbox 679 579 834 622; x_wconf 86' lang='lat' dir='ltr'>perfusus</span> 
     </span>
     <span class='ocr_line' id='line_1_9' title="bbox 139 634 540 668; baseline -0.007 0"><span class='ocrx_word' id='word_1_38' title='bbox 139 643 212 668; x_wconf 84' lang='lat' dir='ltr'>crat</span> <span class='ocrx_word' id='word_1_39' title='bbox 233 637 288 667; x_wconf 92' lang='lat' dir='ltr'>ille</span> <span class='ocrx_word' id='word_1_40' title='bbox 306 645 434 667; x_wconf 81' lang='lat' dir='ltr'>servus.</span> <span class='ocrx_word' id='word_1_41' title='bbox 461 634 540 665; x_wconf 76' lang='lat' dir='ltr'>Rad.</span> 
     </span>
    </p>

    <p class='ocr_par' dir='ltr' id='par_1_4' title="bbox 139 684 835 879">
     <span class='ocr_line' id='line_1_10' title="bbox 181 684 835 728; baseline -0.009 -10"><span class='ocrx_word' id='word_1_42' title='bbox 181 691 201 717; x_wconf 82' lang='lat' dir='ltr'>O</span> <span class='ocrx_word' id='word_1_43' title='bbox 223 687 401 728; x_wconf 80' lang='lat' dir='ltr'>Splendent,</span> <span class='ocrx_word' id='word_1_44' title='bbox 416 686 484 726; x_wconf 59' lang='lat'>[5⁶2]</span> <span class='ocrx_word' id='word_1_45' title='bbox 518 684 770 722; x_wconf 82' lang='lat' dir='ltr'>Pumice‚nuce</span> <span class='ocrx_word' id='word_1_46' title='bbox 785 692 835 712; x_wconf 84' lang='lat' dir='ltr'>ar-</span> 
     </span>
     <span class='ocr_line' id='line_1_11' title="bbox 139 733 835 777; baseline -0.007 -9"><span class='ocrx_word' id='word_1_47' title='bbox 139 738 253 769; x_wconf 78' lang='lat' dir='ltr'>denti:</span> <span class='ocrx_word' id='word_1_48' title='bbox 278 735 476 777; x_wconf 83' lang='grc' dir='ltr'>δρωπακίσμῳ</span> <span class='ocrx_word' id='word_1_49' title='bbox 492 744 549 765; x_wconf 82' lang='lat' dir='ltr'>seu</span> <span class='ocrx_word' id='word_1_50' title='bbox 574 734 735 774; x_wconf 76' lang='lat' dir='ltr'>psilothro</span> <span class='ocrx_word' id='word_1_51' title='bbox 753 733 835 764; x_wconf 85' lang='lat' dir='ltr'>deli-</span> 
     </span>
     <span class='ocr_line' id='line_1_12' title="bbox 140 784 834 826; baseline -0.006 -8"><span class='ocrx_word' id='word_1_52' title='bbox 140 789 205 818; x_wconf 75' lang='lat' dir='ltr'>cati</span> <span class='ocrx_word' id='word_1_53' title='bbox 227 792 259 819; x_wconf 85' lang='lat' dir='ltr'>et</span> <span class='ocrx_word' id='word_1_54' title='bbox 282 788 394 818; x_wconf 74' lang='lat' dir='ltr'>molles</span> <span class='ocrx_word' id='word_1_55' title='bbox 419 796 453 817; x_wconf 84' lang='lat' dir='ltr'>se</span> <span class='ocrx_word' id='word_1_56' title='bbox 484 785 681 826; x_wconf 86' lang='lat' dir='ltr'>depilabant</span> <span class='ocrx_word' id='word_1_57' title='bbox 708 784 834 823; x_wconf 82' lang='lat' dir='ltr'>leviga·</span> 
     </span>
     <span class='ocr_line' id='line_1_13' title="bbox 141 842 299 879; baseline -0.006 -9"><span class='ocrx_word' id='word_1_58' title='bbox 141 842 299 879; x_wconf 85' lang='lat' dir='ltr'>bantque.</span> 
     </span>
    </p>

    <p class='ocr_par' dir='ltr' id='par_1_5' title="bbox 136 887 847 2345">
     <span class='ocr_line' id='line_1_14' title="bbox 181 887 836 929; baseline -0.006 -8"><span class='ocrx_word' id='word_1_59' title='bbox 181 894 198 921; x_wconf 81' lang='lat'>7</span> <span class='ocrx_word' id='word_1_60' title='bbox 227 891 293 921; x_wconf 78' lang='lat' dir='ltr'>Non</span> <span class='ocrx_word' id='word_1_61' title='bbox 306 889 555 929; x_wconf 68' lang='lat' dir='ltr'>luesternasedet]</span> <span class='ocrx_word' id='word_1_62' title='bbox 586 887 732 926; x_wconf 78' lang='lat' dir='ltr'>Recens,</span> <span class='ocrx_word' id='word_1_63' title='bbox 747 896 836 918; x_wconf 86' lang='lat' dir='ltr'>nova</span> 
     </span>
     <span class='ocr_line' id='line_1_15' title="bbox 138 937 832 978; baseline -0.006 -7"><span class='ocrx_word' id='word_1_64' title='bbox 138 940 258 971; x_wconf 81' lang='lat' dir='ltr'>indies.</span> <span class='ocrx_word' id='word_1_65' title='bbox 287 938 456 970; x_wconf 86' lang='lat' dir='ltr'>Heraldus</span> <span class='ocrx_word' id='word_1_66' title='bbox 474 938 569 978; x_wconf 85' lang='lat' dir='ltr'>legit,</span> <span class='ocrx_word' id='word_1_67' title='bbox 585 938 702 978; x_wconf 79' lang='lat' dir='ltr'><strong><em>Cuique</em></strong></span> <span class='ocrx_word' id='word_1_68' title='bbox 714 937 832 968; x_wconf 80' lang='lat' dir='ltr'>hester-</span> 
     </span>
     <span class='ocr_line' id='line_1_16' title="bbox 138 988 836 1028; baseline -0.001 -9"><span class='ocrx_word' id='word_1_69' title='bbox 138 1001 196 1021; x_wconf 67' lang='grc' dir='ltr'>ηας</span> <span class='ocrx_word' id='word_1_70' title='bbox 224 990 256 1021; x_wconf 93' lang='lat' dir='ltr'>id</span> <span class='ocrx_word' id='word_1_71' title='bbox 286 995 348 1028; x_wconf 87' lang='lat' dir='ltr'>est,</span> <span class='ocrx_word' id='word_1_72' title='bbox 364 999 473 1020; x_wconf 86' lang='lat' dir='ltr'>nova:</span> <span class='ocrx_word' id='word_1_73' title='bbox 511 993 550 1020; x_wconf 86' lang='lat' dir='ltr'>ut</span> <span class='ocrx_word' id='word_1_74' title='bbox 581 988 719 1019; x_wconf 80' lang='lat' dir='ltr'><strong>Persius</strong></span> <span class='ocrx_word' id='word_1_75' title='bbox 747 988 836 1018; x_wconf 87' lang='lat' dir='ltr'>dixit</span> 
     </span>
     <span class='ocr_line' id='line_1_17' title="bbox 136 1038 839 1079; baseline -0.004 -9"><span class='ocrx_word' id='word_1_76' title='bbox 136 1042 143 1055; x_wconf 77' lang='lat'><strong><em>¹</em></strong></span> <span class='ocrx_word' id='word_1_77' title='bbox 158 1041 334 1071; x_wconf 81' lang='lat' dir='ltr'>hesternos</span> <span class='ocrx_word' id='word_1_78' title='bbox 358 1038 526 1072; x_wconf 82' lang='lat' dir='ltr'>Quirites&#39;</span> <span class='ocrx_word' id='word_1_79' title='bbox 550 1047 610 1079; x_wconf 91' lang='lat' dir='ltr'>pro</span> <span class='ocrx_word' id='word_1_80' title='bbox 634 1038 729 1069; x_wconf 89' lang='lat' dir='ltr'>novis</span> <span class='ocrx_word' id='word_1_81' title='bbox 759 1038 839 1068; x_wconf 84' lang='lat' dir='ltr'>civi-</span> 
     </span>
     <span class='ocr_line' id='line_1_18' title="bbox 139 1091 840 1133; baseline -0.001 -12"><span class='ocrx_word' id='word_1_82' title='bbox 139 1091 212 1123; x_wconf 86' lang='lat' dir='ltr'>bus.</span> <span class='ocrx_word' id='word_1_83' title='bbox 256 1091 344 1122; x_wconf 83' lang='lat' dir='ltr'>Sunt</span> <span class='ocrx_word' id='word_1_84' title='bbox 368 1091 423 1132; x_wconf 86' lang='lat' dir='ltr'>qui</span> <span class='ocrx_word' id='word_1_85' title='bbox 444 1092 573 1133; x_wconf 80' lang='lat' dir='ltr'>legant,</span> <span class='ocrx_word' id='word_1_86' title='bbox 602 1091 675 1121; x_wconf 84' lang='lat' dir='ltr'>Non</span> <span class='ocrx_word' id='word_1_87' title='bbox 701 1093 840 1120; x_wconf 74' lang='lat' dir='ltr'>extrema</span> 
     </span>
     <span class='ocr_line' id='line_1_19' title="bbox 138 1140 839 1182; baseline -0.004 -10"><span class='ocrx_word' id='word_1_88' title='bbox 138 1142 233 1181; x_wconf 78' lang='lat' dir='ltr'>sedet,</span> <span class='ocrx_word' id='word_1_89' title='bbox 261 1151 322 1182; x_wconf 82' lang='lat' dir='ltr'>per</span> <span class='ocrx_word' id='word_1_90' title='bbox 342 1141 491 1179; x_wconf 88' lang='lat' dir='ltr'>Litoten,</span> <span class='ocrx_word' id='word_1_91' title='bbox 516 1150 578 1181; x_wconf 91' lang='lat' dir='ltr'>pro</span> <span class='ocrx_word' id='word_1_92' title='bbox 605 1140 696 1171; x_wconf 86' lang='lat' dir='ltr'>inter</span> <span class='ocrx_word' id='word_1_93' title='bbox 713 1140 839 1181; x_wconf 85' lang='lat' dir='ltr'>primas</span> 
     </span>
     <span class='ocr_line' id='line_1_20' title="bbox 139 1182 839 1230; baseline -0.006 -7"><span class='ocrx_word' id='word_1_94' title='bbox 139 1192 347 1223; x_wconf 84' lang='lat' dir='ltr'>numeranda</span> <span class='ocrx_word' id='word_1_95' title='bbox 359 1196 393 1222; x_wconf 88' lang='lat' dir='ltr'>et</span> <span class='ocrx_word' id='word_1_96' title='bbox 404 1191 516 1221; x_wconf 89' lang='lat' dir='ltr'>multis</span> <span class='ocrx_word' id='word_1_97' title='bbox 530 1190 721 1230; x_wconf 80' lang='lat' dir='ltr'>pretiosior.</span> <span class='ocrx_word' id='word_1_98' title='bbox 742 1182 839 1220; x_wconf 68' lang='lat' dir='ltr'>Han.</span> 
     </span>
     <span class='ocr_line' id='line_1_21' title="bbox 138 1241 839 1282; baseline -0.004 -9"><span class='ocrx_word' id='word_1_99' title='bbox 138 1242 260 1274; x_wconf 85' lang='lat' dir='ltr'>Junius</span> <span class='ocrx_word' id='word_1_100' title='bbox 284 1243 397 1282; x_wconf 82' lang='lat' dir='ltr'>legens</span> <span class='ocrx_word' id='word_1_101' title='bbox 419 1251 479 1272; x_wconf 85' lang='lat' dir='ltr'>non</span> <span class='ocrx_word' id='word_1_102' title='bbox 503 1241 660 1279; x_wconf 78' lang='lat' dir='ltr'>hesterna,</span> <span class='ocrx_word' id='word_1_103' title='bbox 685 1249 747 1280; x_wconf 85' lang='lat' dir='ltr'>pro</span> <span class='ocrx_word' id='word_1_104' title='bbox 772 1249 839 1270; x_wconf 88' lang='lat' dir='ltr'>non</span> 
     </span>
     <span class='ocr_line' id='line_1_22' title="bbox 138 1291 841 1333; baseline -0.003 -9"><span class='ocrx_word' id='word_1_105' title='bbox 138 1302 279 1333; x_wconf 82' lang='lat' dir='ltr'>nupera,</span> <span class='ocrx_word' id='word_1_106' title='bbox 302 1298 340 1323; x_wconf 88' lang='lat' dir='ltr'>ut</span> <span class='ocrx_word' id='word_1_107' title='bbox 356 1296 525 1323; x_wconf 89' lang='lat' dir='ltr'>vetustam</span> <span class='ocrx_word' id='word_1_108' title='bbox 544 1291 760 1323; x_wconf 85' lang='lat' dir='ltr'>nobilitatem</span> <span class='ocrx_word' id='word_1_109' title='bbox 777 1291 841 1332; x_wconf 89' lang='lat' dir='ltr'>sig-</span> 
     </span>
     <span class='ocr_line' id='line_1_23' title="bbox 139 1343 840 1384; baseline -0.001 -10"><span class='ocrx_word' id='word_1_110' title='bbox 139 1343 267 1382; x_wconf 82' lang='lat' dir='ltr'>nificet,</span> <span class='ocrx_word' id='word_1_111' title='bbox 290 1344 378 1374; x_wconf 86' lang='lat' dir='ltr'>hand</span> <span class='ocrx_word' id='word_1_112' title='bbox 404 1343 475 1374; x_wconf 85' lang='lat' dir='ltr'>lieri</span> <span class='ocrx_word' id='word_1_113' title='bbox 501 1348 558 1374; x_wconf 89' lang='lat' dir='ltr'>aut</span> <span class='ocrx_word' id='word_1_114' title='bbox 586 1353 696 1384; x_wconf 89' lang='lat' dir='ltr'>nuper</span> <span class='ocrx_word' id='word_1_115' title='bbox 712 1348 840 1374; x_wconf 84' lang='lat' dir='ltr'>natam.</span> 
     </span>
     <span class='ocr_line' id='line_1_24' title="bbox 140 1393 841 1435; baseline -0.001 -10"><span class='ocrx_word' id='word_1_116' title='bbox 140 1395 210 1425; x_wconf 82' lang='lat' dir='ltr'>Non</span> <span class='ocrx_word' id='word_1_117' title='bbox 222 1395 374 1434; x_wconf 74' lang='lat' dir='ltr'>hesterna,</span> <span class='ocrx_word' id='word_1_118' title='bbox 384 1394 454 1434; x_wconf 58' lang='grc' dir='ltr'>εμπ]</span> <span class='ocrx_word' id='word_1_119' title='bbox 467 1393 536 1425; x_wconf 85' lang='lat' dir='ltr'>Alii</span> <span class='ocrx_word' id='word_1_120' title='bbox 551 1394 619 1435; x_wconf 86' lang='lat' dir='ltr'>leg.</span> <span class='ocrx_word' id='word_1_121' title='bbox 631 1404 689 1424; x_wconf 80' lang='lat' dir='ltr'>non</span> <span class='ocrx_word' id='word_1_122' title='bbox 702 1397 841 1432; x_wconf 77' lang='lat' dir='ltr'>externa,</span> 
     </span>
     <span class='ocr_line' id='line_1_25' title="bbox 139 1446 840 1486; baseline -0.003 -9"><span class='ocrx_word' id='word_1_123' title='bbox 139 1446 194 1477; x_wconf 86' lang='lat' dir='ltr'>alii</span> <span class='ocrx_word' id='word_1_124' title='bbox 219 1457 276 1477; x_wconf 81' lang='lat' dir='ltr'>non</span> <span class='ocrx_word' id='word_1_125' title='bbox 306 1450 446 1477; x_wconf 72' lang='lat' dir='ltr'>extrema</span> <span class='ocrx_word' id='word_1_126' title='bbox 471 1447 569 1484; x_wconf 81' lang='lat' dir='ltr'>sedet,</span> <span class='ocrx_word' id='word_1_127' title='bbox 602 1451 840 1486; x_wconf 81' lang='lat' dir='ltr'>conanturque</span> 
     </span>
     <span class='ocr_line' id='line_1_26' title="bbox 141 1495 841 1537; baseline -0.003 -9"><span class='ocrx_word' id='word_1_128' title='bbox 141 1506 326 1537; x_wconf 79' lang='lat' dir='ltr'>exponere,</span> <span class='ocrx_word' id='word_1_129' title='bbox 346 1496 404 1528; x_wconf 86' lang='lat' dir='ltr'>sed</span> <span class='ocrx_word' id='word_1_130' title='bbox 428 1497 532 1528; x_wconf 90' lang='lat' dir='ltr'>invito</span> <span class='ocrx_word' id='word_1_131' title='bbox 547 1495 720 1536; x_wconf 85' lang='lat' dir='ltr'>Apolline.</span> <span class='ocrx_word' id='word_1_132' title='bbox 765 1496 841 1536; x_wconf 84' lang='lat' dir='ltr'>Ego</span> 
     </span>
     <span class='ocr_line' id='line_1_27' title="bbox 141 1547 843 1588; baseline 0 -11"><span class='ocrx_word' id='word_1_133' title='bbox 141 1548 298 1579; x_wconf 70' lang='lat' dir='ltr'>existimo</span> <span class='ocrx_word' id='word_1_134' title='bbox 310 1547 362 1579; x_wconf 87' lang='lat' dir='ltr'>hic</span> <span class='ocrx_word' id='word_1_135' title='bbox 380 1558 398 1578; x_wconf 89' lang='lat' dir='ltr'>a</span> <span class='ocrx_word' id='word_1_136' title='bbox 411 1547 572 1579; x_wconf 85' lang='lat' dir='ltr'>Martiale</span> <span class='ocrx_word' id='word_1_137' title='bbox 588 1548 724 1588; x_wconf 82' lang='lat' dir='ltr'>ligulam</span> <span class='ocrx_word' id='word_1_138' title='bbox 741 1547 843 1587; x_wconf 90' lang='lat' dir='ltr'>illam,</span> 
     </span>
     <span class='ocr_line' id='line_1_28' title="bbox 142 1597 840 1638; baseline -0.001 -10"><span class='ocrx_word' id='word_1_139' title='bbox 142 1608 216 1638; x_wconf 81' lang='lat' dir='ltr'>quae</span> <span class='ocrx_word' id='word_1_140' title='bbox 248 1599 280 1628; x_wconf 92' lang='lat' dir='ltr'>in</span> <span class='ocrx_word' id='word_1_141' title='bbox 312 1598 400 1638; x_wconf 82' lang='lat' dir='ltr'>pedo</span> <span class='ocrx_word' id='word_1_142' title='bbox 429 1597 526 1628; x_wconf 89' lang='lat' dir='ltr'>sedet</span> <span class='ocrx_word' id='word_1_143' title='bbox 556 1607 624 1628; x_wconf 83' lang='lat' dir='ltr'>non</span> <span class='ocrx_word' id='word_1_144' title='bbox 655 1602 840 1628; x_wconf 80' lang='lat' dir='ltr'>extremam</span> 
     </span>
     <span class='ocr_line' id='line_1_29' title="bbox 142 1647 841 1689; baseline -0.001 -10"><span class='ocrx_word' id='word_1_145' title='bbox 142 1648 222 1687; x_wconf 87' lang='lat' dir='ltr'>dici,</span> <span class='ocrx_word' id='word_1_146' title='bbox 248 1649 326 1689; x_wconf 79' lang='lat' dir='ltr'>quia</span> <span class='ocrx_word' id='word_1_147' title='bbox 350 1648 547 1688; x_wconf 86' lang='lat' dir='ltr'>Stigmatias</span> <span class='ocrx_word' id='word_1_148' title='bbox 573 1647 644 1687; x_wconf 91' lang='lat' dir='ltr'>ille,</span> <span class='ocrx_word' id='word_1_149' title='bbox 674 1648 708 1678; x_wconf 89' lang='lat' dir='ltr'>in</span> <span class='ocrx_word' id='word_1_150' title='bbox 742 1657 841 1688; x_wconf 85' lang='lat' dir='ltr'>quem</span> 
     </span>
     <span class='ocr_line' id='line_1_30' title="bbox 142 1697 842 1738; baseline 0.001 -11"><span class='ocrx_word' id='word_1_151' title='bbox 142 1698 311 1729; x_wconf 79' lang='lat' dir='ltr'>invehitur</span> <span class='ocrx_word' id='word_1_152' title='bbox 326 1698 506 1738; x_wconf 85' lang='lat' dir='ltr'>Martialis,</span> <span class='ocrx_word' id='word_1_153' title='bbox 527 1697 659 1728; x_wconf 84' lang='lat' dir='ltr'>calceos</span> <span class='ocrx_word' id='word_1_154' title='bbox 680 1698 842 1738; x_wconf 84' lang='lat' dir='ltr'>patricios</span> 
     </span>
     <span class='ocr_line' id='line_1_31' title="bbox 143 1747 842 1788; baseline -0.001 -10"><span class='ocrx_word' id='word_1_155' title='bbox 143 1752 288 1788; x_wconf 86' lang='lat' dir='ltr'>quatuor</span> <span class='ocrx_word' id='word_1_156' title='bbox 305 1747 527 1788; x_wconf 85' lang='lat' dir='ltr'>corrigiarum</span> <span class='ocrx_word' id='word_1_157' title='bbox 545 1747 720 1788; x_wconf 78' lang='lat' dir='ltr'>portabat,</span> <span class='ocrx_word' id='word_1_158' title='bbox 741 1753 842 1788; x_wconf 85' lang='lat' dir='ltr'>atque</span> 
     </span>
     <span class='ocr_line' id='line_1_32' title="bbox 143 1797 841 1838; baseline -0.001 -9"><span class='ocrx_word' id='word_1_159' title='bbox 143 1799 191 1829; x_wconf 85' lang='lat' dir='ltr'>ita</span> <span class='ocrx_word' id='word_1_160' title='bbox 211 1799 312 1837; x_wconf 84' lang='lat' dir='ltr'>ligula</span> <span class='ocrx_word' id='word_1_161' title='bbox 325 1798 382 1829; x_wconf 90' lang='lat' dir='ltr'>illa</span> <span class='ocrx_word' id='word_1_162' title='bbox 398 1797 524 1837; x_wconf 83' lang='lat' dir='ltr'>infima,</span> <span class='ocrx_word' id='word_1_163' title='bbox 538 1807 612 1838; x_wconf 87' lang='lat' dir='ltr'>quae</span> <span class='ocrx_word' id='word_1_164' title='bbox 629 1797 752 1838; x_wconf 86' lang='lat' dir='ltr'>pedem</span> <span class='ocrx_word' id='word_1_165' title='bbox 768 1802 841 1828; x_wconf 89' lang='lat' dir='ltr'>tan-</span> 
     </span>
     <span class='ocr_line' id='line_1_33' title="bbox 142 1849 841 1890; baseline 0.001 -10"><span class='ocrx_word' id='word_1_166' title='bbox 142 1849 190 1888; x_wconf 63' lang='lat' dir='ltr'>git</span> <span class='ocrx_word' id='word_1_167' title='bbox 225 1850 312 1880; x_wconf 82' lang='lat' dir='ltr'>haud</span> <span class='ocrx_word' id='word_1_168' title='bbox 354 1858 520 1890; x_wconf 87' lang='lat' dir='ltr'>quaquam</span> <span class='ocrx_word' id='word_1_169' title='bbox 557 1855 711 1880; x_wconf 82' lang='lat' dir='ltr'>extrema</span> <span class='ocrx_word' id='word_1_170' title='bbox 745 1854 841 1889; x_wconf 79' lang='lat' dir='ltr'>erat3</span> 
     </span>
     <span class='ocr_line' id='line_1_34' title="bbox 142 1900 844 1940; baseline 0.003 -10"><span class='ocrx_word' id='word_1_171' title='bbox 142 1911 216 1931; x_wconf 83' lang='lat' dir='ltr'>cum</span> <span class='ocrx_word' id='word_1_172' title='bbox 228 1900 390 1931; x_wconf 78' lang='lat' dir='ltr'>contrairi</span> <span class='ocrx_word' id='word_1_173' title='bbox 403 1900 681 1940; x_wconf 73' lang='lat' dir='ltr'>calceis&#39;plebeiis</span> <span class='ocrx_word' id='word_1_174' title='bbox 691 1905 844 1932; x_wconf 88' lang='lat' dir='ltr'>extrema</span> 
     </span>
     <span class='ocr_line' id='line_1_35' title="bbox 143 1949 843 1989; baseline 0.003 -8"><span class='ocrx_word' id='word_1_175' title='bbox 143 1955 256 1989; x_wconf 82' lang='lat' dir='ltr'>esset;</span> <span class='ocrx_word' id='word_1_176' title='bbox 291 1949 338 1981; x_wconf 92' lang='lat' dir='ltr'>illi</span> <span class='ocrx_word' id='word_1_177' title='bbox 361 1950 449 1981; x_wconf 92' lang='lat' dir='ltr'>enim</span> <span class='ocrx_word' id='word_1_178' title='bbox 475 1960 542 1982; x_wconf 91' lang='lat' dir='ltr'>non</span> <span class='ocrx_word' id='word_1_179' title='bbox 564 1950 737 1983; x_wconf 91' lang='lat' dir='ltr'>habebant</span> <span class='ocrx_word' id='word_1_180' title='bbox 760 1952 843 1983; x_wconf 84' lang='lat' dir='ltr'>alias</span> 
     </span>
     <span class='ocr_line' id='line_1_36' title="bbox 142 2000 844 2043; baseline 0.004 -13"><span class='ocrx_word' id='word_1_181' title='bbox 142 2000 215 2031; x_wconf 82' lang='lat' dir='ltr'>illas</span> <span class='ocrx_word' id='word_1_182' title='bbox 231 2001 447 2042; x_wconf 79' lang='lat' dir='ltr'>ligulas‚quae</span> <span class='ocrx_word' id='word_1_183' title='bbox 461 2001 550 2032; x_wconf 86' lang='lat' dir='ltr'>inter</span> <span class='ocrx_word' id='word_1_184' title='bbox 565 2011 601 2032; x_wconf 88' lang='lat' dir='ltr'>se</span> <span class='ocrx_word' id='word_1_185' title='bbox 612 2001 771 2043; x_wconf 86' lang='lat' dir='ltr'>implexae</span> <span class='ocrx_word' id='word_1_186' title='bbox 790 2013 844 2033; x_wconf 91' lang='lat' dir='ltr'>us-</span> 
     </span>
     <span class='ocr_line' id='line_1_37' title="bbox 142 2051 843 2092; baseline 0.004 -10"><span class='ocrx_word' id='word_1_187' title='bbox 142 2061 207 2092; x_wconf 84' lang='lat' dir='ltr'>que</span> <span class='ocrx_word' id='word_1_188' title='bbox 234 2051 276 2083; x_wconf 87' lang='lat' dir='ltr'>ad</span> <span class='ocrx_word' id='word_1_189' title='bbox 305 2061 397 2082; x_wconf 76' lang='lat' dir='ltr'>suras</span> <span class='ocrx_word' id='word_1_190' title='bbox 433 2052 677 2085; x_wconf 86' lang='lat' dir='ltr'>ascendebant.</span> <span class='ocrx_word' id='word_1_191' title='bbox 725 2053 843 2086; x_wconf 81' lang='lat' dir='ltr'>Ruben.</span> 
     </span>
     <span class='ocr_line' id='line_1_38' title="bbox 143 2102 844 2146; baseline 0.004 -14"><span class='ocrx_word' id='word_1_192' title='bbox 143 2103 264 2133; x_wconf 76' lang='lat' dir='ltr'>Lunata</span> <span class='ocrx_word' id='word_1_193' title='bbox 277 2102 400 2143; x_wconf 73' lang='lat' dir='ltr'>planta]</span> <span class='ocrx_word' id='word_1_194' title='bbox 430 2102 553 2134; x_wconf 87' lang='lat' dir='ltr'>Calceo</span> <span class='ocrx_word' id='word_1_195' title='bbox 569 2104 698 2144; x_wconf 90' lang='lat' dir='ltr'>lunato,</span> <span class='ocrx_word' id='word_1_196' title='bbox 721 2104 762 2134; x_wconf 89' lang='lat' dir='ltr'>de</span> <span class='ocrx_word' id='word_1_197' title='bbox 779 2115 844 2146; x_wconf 91' lang='lat' dir='ltr'>quo</span> 
     </span>
     <span class='ocr_line' id='line_1_39' title="bbox 142 2153 845 2196; baseline 0.004 -13"><span class='ocrx_word' id='word_1_198' title='bbox 142 2154 219 2184; x_wconf 66' lang='lat' dir='ltr'>virle</span> <span class='ocrx_word' id='word_1_199' title='bbox 236 2154 342 2193; x_wconf 80' lang='lat' dir='ltr'>epigr.</span> <span class='ocrx_word' id='word_1_200' title='bbox 360 2156 412 2185; x_wconf 89' lang='lat'>50.</span> <span class='ocrx_word' id='word_1_201' title='bbox 429 2153 450 2184; x_wconf 84' lang='lat' dir='ltr'>l.</span> <span class='ocrx_word' id='word_1_202' title='bbox 462 2156 492 2184; x_wconf 88' lang='lat'>1.</span> <span class='ocrx_word' id='word_1_203' title='bbox 511 2163 597 2185; x_wconf 86' lang='lat' dir='ltr'>vers.</span> <span class='ocrx_word' id='word_1_204' title='bbox 614 2157 667 2186; x_wconf 84' lang='lat'>23.</span> <span class='ocrx_word' id='word_1_205' title='bbox 693 2155 845 2196; x_wconf 81' lang='lat' dir='ltr'>Lingula]</span> 
     </span>
     <span class='ocr_line' id='line_1_40' title="bbox 144 2204 845 2246; baseline 0.004 -12"><span class='ocrx_word' id='word_1_206' title='bbox 144 2205 322 2235; x_wconf 86' lang='lat' dir='ltr'>Vinculum</span> <span class='ocrx_word' id='word_1_207' title='bbox 339 2204 468 2235; x_wconf 87' lang='lat' dir='ltr'>calcei:</span> <span class='ocrx_word' id='word_1_208' title='bbox 504 2204 592 2244; x_wconf 86' lang='lat' dir='ltr'>aliis,</span> <span class='ocrx_word' id='word_1_209' title='bbox 610 2204 710 2236; x_wconf 85' lang='lat' dir='ltr'>fibula</span> <span class='ocrx_word' id='word_1_210' title='bbox 727 2216 845 2246; x_wconf 84' lang='lat' dir='ltr'>argen-</span> 
     </span>
     <span class='ocr_line' id='line_1_41' title="bbox 145 2254 847 2288; baseline 0.006 -4"><span class='ocrx_word' id='word_1_211' title='bbox 145 2260 200 2285; x_wconf 84' lang='lat' dir='ltr'>tea</span> <span class='ocrx_word' id='word_1_212' title='bbox 217 2264 275 2285; x_wconf 85' lang='lat' dir='ltr'>seu</span> <span class='ocrx_word' id='word_1_213' title='bbox 292 2263 394 2285; x_wconf 87' lang='lat' dir='ltr'>aurea</span> <span class='ocrx_word' id='word_1_214' title='bbox 422 2254 456 2285; x_wconf 94' lang='lat' dir='ltr'>in</span> <span class='ocrx_word' id='word_1_215' title='bbox 479 2255 604 2286; x_wconf 87' lang='lat' dir='ltr'>calceis</span> <span class='ocrx_word' id='word_1_216' title='bbox 631 2266 651 2287; x_wconf 89' lang='lat' dir='ltr'>a</span> <span class='ocrx_word' id='word_1_217' title='bbox 674 2256 847 2288; x_wconf 90' lang='lat' dir='ltr'>nobiliori-</span> 
     </span>
     <span class='ocr_line' id='line_1_42' title="bbox 146 2305 369 2345; baseline 0 -9"><span class='ocrx_word' id='word_1_218' title='bbox 146 2305 207 2336; x_wconf 86' lang='lat' dir='ltr'>bus</span> <span class='ocrx_word' id='word_1_219' title='bbox 225 2309 369 2345; x_wconf 80' lang='lat' dir='ltr'>gestata.</span> 
     </span>
    </p>

    <p class='ocr_par' dir='ltr' id='par_1_6' title="bbox 144 2355 848 2799">
     <span class='ocr_line' id='line_1_43' title="bbox 188 2355 847 2398; baseline 0.006 -13"><span class='ocrx_word' id='word_1_220' title='bbox 188 2358 207 2385; x_wconf 84' lang='lat' dir='ltr'>S</span> <span class='ocrx_word' id='word_1_221' title='bbox 234 2355 364 2386; x_wconf 78' lang='lat' dir='ltr'>Coccina</span> <span class='ocrx_word' id='word_1_222' title='bbox 392 2365 452 2386; x_wconf 82' lang='lat' dir='ltr'>non</span> <span class='ocrx_word' id='word_1_223' title='bbox 480 2356 598 2396; x_wconf 82' lang='lat' dir='ltr'>loesum,</span> <span class='ocrx_word' id='word_1_224' title='bbox 621 2358 688 2398; x_wconf 78' lang='grc' dir='ltr'>8)·ε.]</span> <span class='ocrx_word' id='word_1_225' title='bbox 722 2358 788 2389; x_wconf 88' lang='lat' dir='ltr'>Ubi</span> <span class='ocrx_word' id='word_1_226' title='bbox 811 2364 847 2390; x_wconf 88' lang='lat' dir='ltr'>et</span> 
     </span>
     <span class='ocr_line' id='line_1_44' title="bbox 144 2403 846 2447; baseline 0.003 -10"><span class='ocrx_word' id='word_1_227' title='bbox 144 2406 226 2437; x_wconf 90' lang='lat' dir='ltr'>illud</span> <span class='ocrx_word' id='word_1_228' title='bbox 254 2405 449 2445; x_wconf 86' lang='lat' dir='ltr'>notandum,</span> <span class='ocrx_word' id='word_1_229' title='bbox 478 2407 569 2447; x_wconf 90' lang='lat' dir='ltr'>quod</span> <span class='ocrx_word' id='word_1_230' title='bbox 601 2408 770 2439; x_wconf 87' lang='lat' dir='ltr'>Martialis</span> <span class='ocrx_word' id='word_1_231' title='bbox 794 2403 846 2439; x_wconf 71' lang='lat' dir='ltr'>¹re-</span> 
     </span>
     <span class='ocr_line' id='line_1_45' title="bbox 145 2456 848 2497; baseline 0.006 -11"><span class='ocrx_word' id='word_1_232' title='bbox 145 2456 326 2497; x_wconf 83' lang='lat' dir='ltr'>prehendit</span> <span class='ocrx_word' id='word_1_233' title='bbox 337 2456 370 2486; x_wconf 91' lang='lat' dir='ltr'>in</span> <span class='ocrx_word' id='word_1_234' title='bbox 384 2466 423 2487; x_wconf 88' lang='lat' dir='ltr'>eo</span> <span class='ocrx_word' id='word_1_235' title='bbox 438 2457 526 2497; x_wconf 91' lang='lat' dir='ltr'>quod</span> <span class='ocrx_word' id='word_1_236' title='bbox 540 2459 548 2474; x_wconf 92' lang='lat'>‘</span> <span class='ocrx_word' id='word_1_237' title='bbox 563 2467 627 2488; x_wconf 90' lang='lat' dir='ltr'>non</span> <span class='ocrx_word' id='word_1_238' title='bbox 641 2459 756 2490; x_wconf 84' lang='lat' dir='ltr'>laesnm</span> <span class='ocrx_word' id='word_1_239' title='bbox 773 2469 848 2490; x_wconf 85' lang='lat' dir='ltr'>coc-</span> 
     </span>
     <span class='ocr_line' id='line_1_46' title="bbox 144 2506 846 2551; baseline 0.007 -15"><span class='ocrx_word' id='word_1_240' title='bbox 144 2507 222 2537; x_wconf 85' lang='lat' dir='ltr'>cina</span> <span class='ocrx_word' id='word_1_241' title='bbox 251 2507 344 2537; x_wconf 88' lang='lat' dir='ltr'>aluta</span> <span class='ocrx_word' id='word_1_242' title='bbox 365 2506 495 2546; x_wconf 75' lang='lat' dir='ltr'>cingit-⁷</span> <span class='ocrx_word' id='word_1_243' title='bbox 538 2507 675 2539; x_wconf 88' lang='lat' dir='ltr'>Etenim</span> <span class='ocrx_word' id='word_1_244' title='bbox 706 2509 768 2548; x_wconf 89' lang='lat' dir='ltr'>illi,</span> <span class='ocrx_word' id='word_1_245' title='bbox 790 2509 846 2551; x_wconf 88' lang='lat' dir='ltr'>qui</span> 
     </span>
     <span class='ocr_line' id='line_1_47' title="bbox 144 2556 847 2600; baseline 0.007 -14"><span class='ocrx_word' id='word_1_246' title='bbox 144 2556 249 2597; x_wconf 82' lang='lat' dir='ltr'>pedes</span> <span class='ocrx_word' id='word_1_247' title='bbox 266 2556 362 2587; x_wconf 86' lang='lat' dir='ltr'>laesos</span> <span class='ocrx_word' id='word_1_248' title='bbox 378 2556 549 2588; x_wconf 87' lang='lat' dir='ltr'>habebant</span> <span class='ocrx_word' id='word_1_249' title='bbox 567 2558 636 2589; x_wconf 84' lang='lat' dir='ltr'>sine</span> <span class='ocrx_word' id='word_1_250' title='bbox 662 2561 847 2600; x_wconf 88' lang='lat' dir='ltr'>reprehen-</span> 
     </span>
     <span class='ocr_line' id='line_1_48' title="bbox 145 2606 845 2649; baseline 0.006 -12"><span class='ocrx_word' id='word_1_251' title='bbox 145 2608 238 2637; x_wconf 88' lang='lat' dir='ltr'>sione</span> <span class='ocrx_word' id='word_1_252' title='bbox 278 2606 415 2637; x_wconf 89' lang='lat' dir='ltr'>coccina</span> <span class='ocrx_word' id='word_1_253' title='bbox 452 2607 545 2638; x_wconf 90' lang='lat' dir='ltr'>aluta</span> <span class='ocrx_word' id='word_1_254' title='bbox 582 2609 631 2639; x_wconf 87' lang='lat' dir='ltr'>uti</span> <span class='ocrx_word' id='word_1_255' title='bbox 670 2614 845 2649; x_wconf 86' lang='lat' dir='ltr'>poterant.</span> 
     </span>
     <span class='ocr_line' id='line_1_49' title="bbox 146 2656 847 2699; baseline 0.007 -13"><span class='ocrx_word' id='word_1_256' title='bbox 146 2656 318 2687; x_wconf 79' lang='lat' dir='ltr'>Partliicae</span> <span class='ocrx_word' id='word_1_257' title='bbox 337 2656 425 2687; x_wconf 91' lang='lat' dir='ltr'>enim</span> <span class='ocrx_word' id='word_1_258' title='bbox 443 2658 562 2697; x_wconf 88' lang='lat' dir='ltr'>pelles,</span> <span class='ocrx_word' id='word_1_259' title='bbox 577 2659 753 2699; x_wconf 67' lang='lat' dir='ltr'>‹ex-quibus</span> <span class='ocrx_word' id='word_1_260' title='bbox 769 2670 847 2691; x_wconf 88' lang='lat' dir='ltr'>coc-</span> 
     </span>
     <span class='ocr_line' id='line_1_50' title="bbox 145 2706 844 2741; baseline 0.006 -4"><span class='ocrx_word' id='word_1_261' title='bbox 145 2707 210 2738; x_wconf 88' lang='lat' dir='ltr'>cini</span> <span class='ocrx_word' id='word_1_262' title='bbox 227 2707 329 2737; x_wconf 79' lang='lat' dir='ltr'>calcei</span> <span class='ocrx_word' id='word_1_263' title='bbox 340 2706 629 2738; x_wconf 86' lang='lat' dir='ltr'>concinnabantur</span> <span class='ocrx_word' id='word_1_264' title='bbox 642 2709 844 2741; x_wconf 75' lang='lat' dir='ltr'>mollissima·</span> 
     </span>
     <span class='ocr_line' id='line_1_51' title="bbox 147 2756 845 2799; baseline 0.003 -12"><span class='ocrx_word' id='word_1_265' title='bbox 147 2762 368 2799; x_wconf 74' lang='lat' dir='ltr'>erant‚atquc</span> <span class='ocrx_word' id='word_1_266' title='bbox 386 2756 461 2787; x_wconf 87' lang='lat' dir='ltr'>ideo</span> <span class='ocrx_word' id='word_1_267' title='bbox 475 2758 563 2788; x_wconf 79' lang='lat' dir='ltr'>laesis</span> <span class='ocrx_word' id='word_1_268' title='bbox 576 2758 716 2798; x_wconf 75' lang='lat' dir='ltr'>pedibus</span> <span class='ocrx_word' id='word_1_269' title='bbox 736 2765 845 2799; x_wconf 68' lang='lat' dir='ltr'>aptae;</span> 
     </span>
    </p>
   </div>
   <div class='ocr_carea' id='block_1_3' title="bbox 1470 163 1580 203">
    <p class='ocr_par' dir='ltr' id='par_1_7' title="bbox 1470 163 1580 203">
     <span class='ocr_line' id='line_1_52' title="bbox 1470 163 1580 203; baseline 0 -1"><span class='ocrx_word' id='word_1_270' title='bbox 1470 163 1580 203; x_wconf 55' lang='lat'>1145</span> 
     </span>
    </p>
   </div>
   <div class='ocr_carea' id='block_1_4' title="bbox 882 271 1603 2799">
    <p class='ocr_par' dir='ltr' id='par_1_8' title="bbox 882 271 1590 1074">
     <span class='ocr_line' id='line_1_53' title="bbox 887 271 1581 315; baseline -0.003 -11"><span class='ocrx_word' id='word_1_271' title='bbox 887 275 1038 315; x_wconf 74' lang='lat' dir='ltr'>quamvis</span> <span class='ocrx_word' id='word_1_272' title='bbox 1050 278 1179 314; x_wconf 82' lang='lat' dir='ltr'>postea,</span> <span class='ocrx_word' id='word_1_273' title='bbox 1190 281 1263 303; x_wconf 87' lang='lat' dir='ltr'>cum</span> <span class='ocrx_word' id='word_1_274' title='bbox 1278 271 1506 312; x_wconf 81' lang='lat' dir='ltr'>Imperatores</span> <span class='ocrx_word' id='word_1_275' title='bbox 1520 272 1581 302; x_wconf 79' lang='lat' dir='ltr'>soli</span> 
     </span>
     <span class='ocr_line' id='line_1_54' title="bbox 886 323 1585 361; baseline -0.004 -6"><span class='ocrx_word' id='word_1_276' title='bbox 886 324 1099 355; x_wconf 84' lang='lat' dir='ltr'>vindicarunt</span> <span class='ocrx_word' id='word_1_277' title='bbox 1117 325 1180 354; x_wconf 81' lang='lat' dir='ltr'>sibi</span> <span class='ocrx_word' id='word_1_278' title='bbox 1191 324 1347 355; x_wconf 85' lang='lat' dir='ltr'>coccinos</span> <span class='ocrx_word' id='word_1_279' title='bbox 1357 323 1500 361; x_wconf 63' lang='lat' dir='ltr'>calceos,</span> <span class='ocrx_word' id='word_1_280' title='bbox 1512 323 1585 352; x_wconf 81' lang='lat' dir='ltr'>aliis</span> 
     </span>
     <span class='ocr_line' id='line_1_55' title="bbox 886 373 1583 406; baseline -0.004 0"><span class='ocrx_word' id='word_1_281' title='bbox 886 375 1040 406; x_wconf 81' lang='lat' dir='ltr'>omnibus</span> <span class='ocrx_word' id='word_1_282' title='bbox 1073 374 1293 405; x_wconf 84' lang='lat' dir='ltr'>interdictum</span> <span class='ocrx_word' id='word_1_283' title='bbox 1317 373 1420 404; x_wconf 87' lang='lat' dir='ltr'>fuerit</span> <span class='ocrx_word' id='word_1_284' title='bbox 1451 373 1583 403; x_wconf 85' lang='lat' dir='ltr'>illarum</span> 
     </span>
     <span class='ocr_line' id='line_1_56' title="bbox 887 424 1584 466; baseline -0.009 -8"><span class='ocrx_word' id='word_1_285' title='bbox 887 436 975 458; x_wconf 82' lang='lat' dir='ltr'>usus.</span> <span class='ocrx_word' id='word_1_286' title='bbox 1011 426 1180 466; x_wconf 86' lang='lat' dir='ltr'>Corippus</span> <span class='ocrx_word' id='word_1_287' title='bbox 1193 425 1234 455; x_wconf 85' lang='lat' dir='ltr'>de</span> <span class='ocrx_word' id='word_1_288' title='bbox 1248 425 1374 462; x_wconf 53' lang='lat' dir='ltr'>Calicis</span> <span class='ocrx_word' id='word_1_289' title='bbox 1390 425 1478 464; x_wconf 86' lang='lat' dir='ltr'>Imp.</span> <span class='ocrx_word' id='word_1_290' title='bbox 1495 424 1584 456; x_wconf 89' lang='lat' dir='ltr'>Cou-</span> 
     </span>
     <span class='ocr_line' id='line_1_57' title="bbox 882 475 1581 515; baseline -0.006 -7"><span class='ocrx_word' id='word_1_291' title='bbox 882 477 1125 508; x_wconf 67' lang='lat' dir='ltr'>mantino-Pol.</span> <span class='ocrx_word' id='word_1_292' title='bbox 1147 478 1155 493; x_wconf 89' lang='lat'>‘</span> <span class='ocrx_word' id='word_1_293' title='bbox 1173 476 1332 507; x_wconf 83' lang='lat' dir='ltr'>Parthica</span> <span class='ocrx_word' id='word_1_294' title='bbox 1348 475 1581 515; x_wconf 82' lang='lat' dir='ltr'>campano(an</span> 
     </span>
     <span class='ocr_line' id='line_1_58' title="bbox 885 526 1583 570; baseline -0.006 -10"><span class='ocrx_word' id='word_1_295' title='bbox 885 526 1080 570; x_wconf 44' lang='lat' dir='ltr'>compago&amp;</span> <span class='ocrx_word' id='word_1_296' title='bbox 1120 527 1288 558; x_wconf 78' lang='lat' dir='ltr'>dederant</span> <span class='ocrx_word' id='word_1_297' title='bbox 1325 537 1397 567; x_wconf 70' lang='lat' dir='ltr'>qua&gt;</span> <span class='ocrx_word' id='word_1_298' title='bbox 1445 531 1583 566; x_wconf 76' lang='lat' dir='ltr'>tergora</span> 
     </span>
     <span class='ocr_line' id='line_1_59' title="bbox 887 575 1584 620; baseline -0.009 -8"><span class='ocrx_word' id='word_1_299' title='bbox 887 581 977 620; x_wconf 84' lang='lat' dir='ltr'>fuco,</span> <span class='ocrx_word' id='word_1_300' title='bbox 991 580 1050 620; x_wconf 81' lang='lat' dir='ltr'>(an</span> <span class='ocrx_word' id='word_1_301' title='bbox 1067 575 1194 616; x_wconf 57' lang='grc' dir='ltr'>,ἠλεί-(εἳ)</span> <span class='ocrx_word' id='word_1_302' title='bbox 1217 577 1417 617; x_wconf 81' lang='lat' dir='ltr'>Sanguincis</span> <span class='ocrx_word' id='word_1_303' title='bbox 1442 577 1584 617; x_wconf 69' lang='lat' dir='ltr'>prmlata</span> 
     </span>
     <span class='ocr_line' id='line_1_60' title="bbox 886 628 1585 670; baseline -0.006 -9"><span class='ocrx_word' id='word_1_304' title='bbox 886 632 981 670; x_wconf 82' lang='lat' dir='ltr'>rosis,</span> <span class='ocrx_word' id='word_1_305' title='bbox 1006 629 1143 660; x_wconf 87' lang='lat' dir='ltr'>laudata</span> <span class='ocrx_word' id='word_1_306' title='bbox 1171 628 1295 659; x_wconf 85' lang='lat' dir='ltr'>rubore</span> <span class='ocrx_word' id='word_1_307' title='bbox 1326 628 1496 667; x_wconf 77' lang='lat' dir='ltr'>Lectaque</span> <span class='ocrx_word' id='word_1_308' title='bbox 1523 636 1585 666; x_wconf 88' lang='lat' dir='ltr'>pro</span> 
     </span>
     <span class='ocr_line' id='line_1_61' title="bbox 887 676 1583 717; baseline -0.01 -4"><span class='ocrx_word' id='word_1_309' title='bbox 887 682 990 713; x_wconf 88' lang='lat' dir='ltr'>sacris</span> <span class='ocrx_word' id='word_1_310' title='bbox 1007 685 1103 710; x_wconf 86' lang='lat' dir='ltr'>tactu</span> <span class='ocrx_word' id='word_1_311' title='bbox 1121 678 1317 710; x_wconf 78' lang='lat' dir='ltr'>mollissima</span> <span class='ocrx_word' id='word_1_312' title='bbox 1332 676 1483 717; x_wconf 68' lang='lat' dir='ltr'>plantis!</span> <span class='ocrx_word' id='word_1_313' title='bbox 1518 677 1583 707; x_wconf 79' lang='lat' dir='ltr'>Ru-</span> 
     </span>
     <span class='ocr_line' id='line_1_62' title="bbox 887 727 1584 769; baseline -0.01 -5"><span class='ocrx_word' id='word_1_314' title='bbox 887 733 953 764; x_wconf 83' lang='lat' dir='ltr'>ben.</span> <span class='ocrx_word' id='word_1_315' title='bbox 1001 732 1133 763; x_wconf 76' lang='lat' dir='ltr'>Coccina</span> <span class='ocrx_word' id='word_1_316' title='bbox 1148 731 1232 761; x_wconf 82' lang='lat' dir='ltr'>aluta</span> <span class='ocrx_word' id='word_1_317' title='bbox 1247 727 1369 769; x_wconf 79' lang='lat' dir='ltr'>pedem]</span> <span class='ocrx_word' id='word_1_318' title='bbox 1406 729 1584 758; x_wconf 77' lang='lat' dir='ltr'>Senatores</span> 
     </span>
     <span class='ocr_line' id='line_1_63' title="bbox 887 779 1586 824; baseline -0.01 -9"><span class='ocrx_word' id='word_1_319' title='bbox 887 785 996 824; x_wconf 88' lang='lat' dir='ltr'>primo</span> <span class='ocrx_word' id='word_1_320' title='bbox 1030 782 1154 814; x_wconf 79' lang='lat' dir='ltr'>calceis</span> <span class='ocrx_word' id='word_1_321' title='bbox 1184 791 1226 811; x_wconf 81' lang='lat' dir='ltr'>ex</span> <span class='ocrx_word' id='word_1_322' title='bbox 1254 781 1345 811; x_wconf 84' lang='lat' dir='ltr'>aluta</span> <span class='ocrx_word' id='word_1_323' title='bbox 1380 779 1485 819; x_wconf 80' lang='lat' dir='ltr'>nigra,</span> <span class='ocrx_word' id='word_1_324' title='bbox 1508 788 1586 809; x_wconf 74' lang='lat' dir='ltr'>mox</span> 
     </span>
     <span class='ocr_line' id='line_1_64' title="bbox 886 829 1590 876; baseline -0.011 -10"><span class='ocrx_word' id='word_1_325' title='bbox 886 836 1081 876; x_wconf 85' lang='lat' dir='ltr'>(crescente</span> <span class='ocrx_word' id='word_1_326' title='bbox 1094 832 1190 871; x_wconf 80' lang='lat' dir='ltr'>luxu)</span> <span class='ocrx_word' id='word_1_327' title='bbox 1205 840 1317 871; x_wconf 86' lang='lat' dir='ltr'>cerea,</span> <span class='ocrx_word' id='word_1_328' title='bbox 1327 829 1437 871; x_wconf 81' lang='lat' dir='ltr'>galba,</span> <span class='ocrx_word' id='word_1_329' title='bbox 1454 829 1590 868; x_wconf 69' lang='lat' dir='ltr'>uuillen,</span> 
     </span>
     <span class='ocr_line' id='line_1_65' title="bbox 886 881 1588 924; baseline -0.01 -8"><span class='ocrx_word' id='word_1_330' title='bbox 886 886 1066 924; x_wconf 78' lang='lat' dir='ltr'>ederacea‚</span> <span class='ocrx_word' id='word_1_331' title='bbox 1081 884 1243 915; x_wconf 84' lang='lat' dir='ltr'>coccinea</span> <span class='ocrx_word' id='word_1_332' title='bbox 1268 881 1371 922; x_wconf 80' lang='lat' dir='ltr'>pedes</span> <span class='ocrx_word' id='word_1_333' title='bbox 1395 881 1588 911; x_wconf 73' lang='lat' dir='ltr'>cinxerunt.</span> 
     </span>
     <span class='ocr_line' id='line_1_66' title="bbox 888 932 1588 976; baseline -0.01 -9"><span class='ocrx_word' id='word_1_334' title='bbox 888 937 960 967; x_wconf 83' lang='lat' dir='ltr'>Non</span> <span class='ocrx_word' id='word_1_335' title='bbox 973 935 1093 976; x_wconf 80' lang='lat' dir='ltr'>laesum]</span> <span class='ocrx_word' id='word_1_336' title='bbox 1118 934 1196 966; x_wconf 85' lang='lat' dir='ltr'>Non</span> <span class='ocrx_word' id='word_1_337' title='bbox 1209 933 1354 964; x_wconf 83' lang='lat' dir='ltr'>arctiore</span> <span class='ocrx_word' id='word_1_338' title='bbox 1371 932 1485 963; x_wconf 84' lang='lat' dir='ltr'>calceo</span> <span class='ocrx_word' id='word_1_339' title='bbox 1497 940 1588 971; x_wconf 86' lang='lat' dir='ltr'>pres-</span> 
     </span>
     <span class='ocr_line' id='line_1_67' title="bbox 887 981 1589 1026; baseline -0.009 -8"><span class='ocrx_word' id='word_1_340' title='bbox 887 997 986 1018; x_wconf 90' lang='lat' dir='ltr'>sum:</span> <span class='ocrx_word' id='word_1_341' title='bbox 1021 987 1073 1017; x_wconf 83' lang='lat' dir='ltr'>vel</span> <span class='ocrx_word' id='word_1_342' title='bbox 1098 985 1220 1026; x_wconf 86' lang='lat' dir='ltr'>pedem</span> <span class='ocrx_word' id='word_1_343' title='bbox 1245 993 1312 1015; x_wconf 88' lang='lat' dir='ltr'>non</span> <span class='ocrx_word' id='word_1_344' title='bbox 1337 984 1454 1014; x_wconf 82' lang='lat' dir='ltr'>laesum</span> <span class='ocrx_word' id='word_1_345' title='bbox 1472 981 1589 1013; x_wconf 83' lang='lat' dir='ltr'>fasciis</span> 
     </span>
     <span class='ocr_line' id='line_1_68' title="bbox 887 1033 1590 1074; baseline -0.009 -6"><span class='ocrx_word' id='word_1_346' title='bbox 887 1047 929 1069; x_wconf 87' lang='lat' dir='ltr'>ex</span> <span class='ocrx_word' id='word_1_347' title='bbox 947 1037 1039 1068; x_wconf 86' lang='lat' dir='ltr'>aluta</span> <span class='ocrx_word' id='word_1_348' title='bbox 1056 1037 1217 1067; x_wconf 86' lang='lat' dir='ltr'>coccinea</span> <span class='ocrx_word' id='word_1_349' title='bbox 1239 1034 1387 1074; x_wconf 79' lang='lat' dir='ltr'>subligat</span> <span class='ocrx_word' id='word_1_350' title='bbox 1411 1033 1590 1064; x_wconf 67' lang='lat' dir='ltr'>delicatus·</span> 
     </span>
    </p>

    <p class='ocr_par' dir='ltr' id='par_1_9' title="bbox 889 1085 1602 2336">
     <span class='ocr_line' id='line_1_69' title="bbox 931 1085 1589 1125; baseline -0.006 -8"><span class='ocrx_word' id='word_1_351' title='bbox 931 1090 951 1118; x_wconf 81' lang='lat'><strong>9</strong></span> <span class='ocrx_word' id='word_1_352' title='bbox 980 1087 1017 1117; x_wconf 75' lang='lat' dir='ltr'>Et</span> <span class='ocrx_word' id='word_1_353' title='bbox 1036 1096 1194 1117; x_wconf 79' lang='lat' dir='ltr'>numerosa</span> <span class='ocrx_word' id='word_1_354' title='bbox 1207 1085 1323 1125; x_wconf 70' lang='lat' dir='ltr'>linunt]</span> <span class='ocrx_word' id='word_1_355' title='bbox 1348 1085 1392 1115; x_wconf 87' lang='lat' dir='ltr'>Et</span> <span class='ocrx_word' id='word_1_356' title='bbox 1404 1085 1510 1115; x_wconf 88' lang='lat' dir='ltr'>multa</span> <span class='ocrx_word' id='word_1_357' title='bbox 1523 1093 1589 1114; x_wconf 81' lang='lat' dir='ltr'>em-</span> 
     </span>
     <span class='ocr_line' id='line_1_70' title="bbox 889 1134 1589 1180; baseline -0.007 -11"><span class='ocrx_word' id='word_1_358' title='bbox 889 1139 1032 1180; x_wconf 84' lang='lat' dir='ltr'>plastra,</span> <span class='ocrx_word' id='word_1_359' title='bbox 1045 1147 1119 1179; x_wconf 77' lang='lat' dir='ltr'>quae</span> <span class='ocrx_word' id='word_1_360' title='bbox 1135 1136 1144 1154; x_wconf 57' lang='grc' dir='ltr'>ί</span> <span class='ocrx_word' id='word_1_361' title='bbox 1160 1136 1309 1177; x_wconf 83' lang='lat' dir='ltr'>splenia&#39;</span> <span class='ocrx_word' id='word_1_362' title='bbox 1335 1140 1470 1173; x_wconf 77' lang='lat' dir='ltr'>vocant,</span> <span class='ocrx_word' id='word_1_363' title='bbox 1482 1139 1517 1165; x_wconf 88' lang='lat' dir='ltr'>et</span> <span class='ocrx_word' id='word_1_364' title='bbox 1532 1134 1589 1164; x_wconf 88' lang='lat' dir='ltr'>ad-</span> 
     </span>
     <span class='ocr_line' id='line_1_71' title="bbox 889 1187 1592 1229; baseline -0.004 -10"><span class='ocrx_word' id='word_1_365' title='bbox 889 1189 1050 1222; x_wconf 80' lang='lat' dir='ltr'>hibentur</span> <span class='ocrx_word' id='word_1_366' title='bbox 1067 1189 1108 1218; x_wconf 87' lang='lat' dir='ltr'>ad</span> <span class='ocrx_word' id='word_1_367' title='bbox 1127 1188 1249 1229; x_wconf 87' lang='lat' dir='ltr'>capitis</span> <span class='ocrx_word' id='word_1_368' title='bbox 1265 1187 1414 1218; x_wconf 88' lang='lat' dir='ltr'>dolorem</span> <span class='ocrx_word' id='word_1_369' title='bbox 1440 1187 1493 1217; x_wconf 84' lang='lat' dir='ltr'>vel</span> <span class='ocrx_word' id='word_1_370' title='bbox 1512 1195 1592 1216; x_wconf 87' lang='lat' dir='ltr'>ocu-</span> 
     </span>
     <span class='ocr_line' id='line_1_72' title="bbox 890 1237 1592 1284; baseline -0.01 -13"><span class='ocrx_word' id='word_1_371' title='bbox 890 1241 998 1284; x_wconf 65' lang='lat' dir='ltr'>lorum</span> <span class='ocrx_word' id='word_1_372' title='bbox 1011 1239 1175 1278; x_wconf 83' lang='lat' dir='ltr'>morbum,</span> <span class='ocrx_word' id='word_1_373' title='bbox 1187 1237 1333 1268; x_wconf 84' lang='lat' dir='ltr'>frontem</span> <span class='ocrx_word' id='word_1_374' title='bbox 1349 1237 1419 1277; x_wconf 83' lang='lat' dir='ltr'>ejus</span> <span class='ocrx_word' id='word_1_375' title='bbox 1432 1241 1592 1276; x_wconf 86' lang='lat' dir='ltr'>tanquam</span> 
     </span>
     <span class='ocr_line' id='line_1_73' title="bbox 892 1284 1592 1330; baseline -0.009 -8"><span class='ocrx_word' id='word_1_376' title='bbox 892 1291 1001 1322; x_wconf 88' lang='lat' dir='ltr'>stellis</span> <span class='ocrx_word' id='word_1_377' title='bbox 1028 1289 1251 1330; x_wconf 85' lang='lat' dir='ltr'>distinguunt.</span> <span class='ocrx_word' id='word_1_378' title='bbox 1297 1288 1452 1328; x_wconf 66' lang='lat' dir='ltr'>Quaeque</span> <span class='ocrx_word' id='word_1_379' title='bbox 1479 1284 1592 1317; x_wconf 84' lang='lat' dir='ltr'>Rufus</span> 
     </span>
     <span class='ocr_line' id='line_1_74' title="bbox 892 1339 1595 1373; baseline -0.01 0"><span class='ocrx_word' id='word_1_380' title='bbox 892 1341 999 1373; x_wconf 88' lang='lat' dir='ltr'>videri</span> <span class='ocrx_word' id='word_1_381' title='bbox 1016 1340 1123 1372; x_wconf 90' lang='lat' dir='ltr'>voluit</span> <span class='ocrx_word' id='word_1_382' title='bbox 1145 1339 1336 1371; x_wconf 85' lang='lat' dir='ltr'>delitiarum</span> <span class='ocrx_word' id='word_1_383' title='bbox 1358 1347 1479 1369; x_wconf 87' lang='lat' dir='ltr'>caussa</span> <span class='ocrx_word' id='word_1_384' title='bbox 1499 1346 1595 1368; x_wconf 84' lang='lat' dir='ltr'>usur-</span> 
     </span>
     <span class='ocr_line' id='line_1_75' title="bbox 892 1388 1597 1434; baseline -0.009 -10"><span class='ocrx_word' id='word_1_385' title='bbox 892 1403 995 1434; x_wconf 86' lang='lat' dir='ltr'>pare:</span> <span class='ocrx_word' id='word_1_386' title='bbox 1020 1391 1190 1423; x_wconf 87' lang='lat' dir='ltr'>Martialis</span> <span class='ocrx_word' id='word_1_387' title='bbox 1206 1395 1324 1422; x_wconf 88' lang='lat' dir='ltr'>contra</span> <span class='ocrx_word' id='word_1_388' title='bbox 1349 1390 1400 1420; x_wconf 83' lang='lat' dir='ltr'>liis</span> <span class='ocrx_word' id='word_1_389' title='bbox 1429 1388 1597 1420; x_wconf 88' lang='lat' dir='ltr'>occultari</span> 
     </span>
     <span class='ocr_line' id='line_1_76' title="bbox 891 1440 1594 1481; baseline -0.006 -7"><span class='ocrx_word' id='word_1_390' title='bbox 891 1448 987 1474; x_wconf 88' lang='lat' dir='ltr'>notas</span> <span class='ocrx_word' id='word_1_391' title='bbox 1003 1443 1157 1478; x_wconf 85' lang='lat' dir='ltr'>serviles,</span> <span class='ocrx_word' id='word_1_392' title='bbox 1178 1446 1215 1473; x_wconf 91' lang='lat' dir='ltr'>et</span> <span class='ocrx_word' id='word_1_393' title='bbox 1239 1441 1363 1472; x_wconf 87' lang='lat' dir='ltr'>Rufum</span> <span class='ocrx_word' id='word_1_394' title='bbox 1387 1441 1479 1472; x_wconf 87' lang='lat' dir='ltr'>illum</span> <span class='ocrx_word' id='word_1_395' title='bbox 1512 1440 1594 1481; x_wconf 79' lang='lat' dir='ltr'>stig-</span> 
     </span>
     <span class='ocr_line' id='line_1_77' title="bbox 891 1490 1595 1533; baseline -0.006 -8"><span class='ocrx_word' id='word_1_396' title='bbox 891 1494 1029 1525; x_wconf 81' lang='lat' dir='ltr'>matiam</span> <span class='ocrx_word' id='word_1_397' title='bbox 1058 1503 1144 1532; x_wconf 89' lang='lat' dir='ltr'>esse,</span> <span class='ocrx_word' id='word_1_398' title='bbox 1168 1493 1238 1523; x_wconf 76' lang='grc' dir='ltr'>οὔτε</span> <span class='ocrx_word' id='word_1_399' title='bbox 1264 1493 1399 1533; x_wconf 80' lang='grc' dir='ltr'>καθαρῶς</span> <span class='ocrx_word' id='word_1_400' title='bbox 1423 1490 1595 1532; x_wconf 78' lang='grc' dir='ltr'>ἐλεύθερον.</span> 
     </span>
     <span class='ocr_line' id='line_1_78' title="bbox 893 1542 1597 1584; baseline -0.004 -9"><span class='ocrx_word' id='word_1_401' title='bbox 893 1545 983 1584; x_wconf 79' lang='lat' dir='ltr'>Ergo</span> <span class='ocrx_word' id='word_1_402' title='bbox 997 1545 1024 1574; x_wconf 92' lang='lat' dir='ltr'>si</span> <span class='ocrx_word' id='word_1_403' title='bbox 1041 1544 1115 1584; x_wconf 83' lang='lat' dir='ltr'>quis</span> <span class='ocrx_word' id='word_1_404' title='bbox 1132 1544 1262 1584; x_wconf 84' lang='lat' dir='ltr'>splenia</span> <span class='ocrx_word' id='word_1_405' title='bbox 1280 1543 1334 1573; x_wconf 84' lang='lat' dir='ltr'>illa</span> <span class='ocrx_word' id='word_1_406' title='bbox 1350 1544 1380 1573; x_wconf 93' lang='lat' dir='ltr'>ei</span> <span class='ocrx_word' id='word_1_407' title='bbox 1397 1542 1597 1583; x_wconf 85' lang='lat' dir='ltr'>dempserit,</span> 
     </span>
     <span class='ocr_line' id='line_1_79' title="bbox 893 1592 1597 1633; baseline -0.004 -8"><span class='ocrx_word' id='word_1_408' title='bbox 893 1594 966 1626; x_wconf 89' lang='lat' dir='ltr'>fore</span> <span class='ocrx_word' id='word_1_409' title='bbox 984 1600 1021 1625; x_wconf 92' lang='lat' dir='ltr'>ut</span> <span class='ocrx_word' id='word_1_410' title='bbox 1037 1599 1144 1625; x_wconf 88' lang='lat' dir='ltr'>totum</span> <span class='ocrx_word' id='word_1_411' title='bbox 1174 1594 1256 1624; x_wconf 91' lang='lat' dir='ltr'>illud</span> <span class='ocrx_word' id='word_1_412' title='bbox 1281 1594 1467 1624; x_wconf 86' lang='lat' dir='ltr'>Senatoriae</span> <span class='ocrx_word' id='word_1_413' title='bbox 1484 1592 1597 1633; x_wconf 85' lang='lat' dir='ltr'>digni-</span> 
     </span>
     <span class='ocr_line' id='line_1_80' title="bbox 893 1642 1594 1684; baseline -0.003 -9"><span class='ocrx_word' id='word_1_414' title='bbox 893 1645 974 1676; x_wconf 81' lang='lat' dir='ltr'>tatis</span> <span class='ocrx_word' id='word_1_415' title='bbox 993 1644 1200 1684; x_wconf 80' lang='lat' dir='ltr'>choragium,</span> <span class='ocrx_word' id='word_1_416' title='bbox 1218 1649 1360 1684; x_wconf 88' lang='lat' dir='ltr'>repente</span> <span class='ocrx_word' id='word_1_417' title='bbox 1378 1643 1469 1674; x_wconf 86' lang='lat' dir='ltr'>Rufo</span> <span class='ocrx_word' id='word_1_418' title='bbox 1492 1643 1524 1673; x_wconf 92' lang='lat' dir='ltr'>in</span> <span class='ocrx_word' id='word_1_419' title='bbox 1550 1642 1594 1673; x_wconf 91' lang='lat' dir='ltr'>ri-</span> 
     </span>
     <span class='ocr_line' id='line_1_81' title="bbox 894 1693 1598 1735; baseline -0.001 -10"><span class='ocrx_word' id='word_1_420' title='bbox 894 1700 1010 1726; x_wconf 84' lang='lat' dir='ltr'>sumet</span> <span class='ocrx_word' id='word_1_421' title='bbox 1023 1695 1245 1735; x_wconf 88' lang='lat' dir='ltr'>opprobrium</span> <span class='ocrx_word' id='word_1_422' title='bbox 1260 1698 1425 1724; x_wconf 77' lang='lat' dir='ltr'>vertatur.</span> <span class='ocrx_word' id='word_1_423' title='bbox 1441 1693 1598 1725; x_wconf 80' lang='lat' dir='ltr'>Musamb.</span> 
     </span>
     <span class='ocr_line' id='line_1_82' title="bbox 893 1744 1600 1785; baseline 0 -10"><span class='ocrx_word' id='word_1_424' title='bbox 893 1745 1088 1785; x_wconf 75' lang='lat' dir='ltr'>stellantem,</span> <span class='ocrx_word' id='word_1_425' title='bbox 1101 1745 1169 1785; x_wconf 57' lang='grc' dir='ltr'>ἐγὼ]</span> <span class='ocrx_word' id='word_1_426' title='bbox 1206 1745 1273 1776; x_wconf 89' lang='lat' dir='ltr'>Alii</span> <span class='ocrx_word' id='word_1_427' title='bbox 1299 1745 1468 1784; x_wconf 78' lang='lat' dir='ltr'>stellatam,</span> <span class='ocrx_word' id='word_1_428' title='bbox 1482 1744 1516 1774; x_wconf 85' lang='lat' dir='ltr'>id</span> <span class='ocrx_word' id='word_1_429' title='bbox 1533 1749 1600 1783; x_wconf 83' lang='lat' dir='ltr'>est,</span> 
     </span>
     <span class='ocr_line' id='line_1_83' title="bbox 894 1795 1597 1835; baseline -0.001 -9"><span class='ocrx_word' id='word_1_430' title='bbox 894 1795 1101 1832; x_wconf 81' lang='lat' dir='ltr'>distinctam,</span> <span class='ocrx_word' id='word_1_431' title='bbox 1119 1795 1338 1835; x_wconf 87' lang='lat' dir='ltr'>dispunctam</span> <span class='ocrx_word' id='word_1_432' title='bbox 1355 1795 1457 1826; x_wconf 84' lang='lat' dir='ltr'>notis.</span> <span class='ocrx_word' id='word_1_433' title='bbox 1501 1795 1597 1825; x_wconf 82' lang='lat' dir='ltr'>Tolle</span> 
     </span>
     <span class='ocr_line' id='line_1_84' title="bbox 893 1844 1600 1886; baseline -0.001 -9"><span class='ocrx_word' id='word_1_434' title='bbox 893 1846 1037 1886; x_wconf 86' lang='lat' dir='ltr'>splenia,</span> <span class='ocrx_word' id='word_1_435' title='bbox 1055 1850 1090 1877; x_wconf 91' lang='lat' dir='ltr'>et</span> <span class='ocrx_word' id='word_1_436' title='bbox 1104 1855 1147 1876; x_wconf 85' lang='lat' dir='ltr'>ex</span> <span class='ocrx_word' id='word_1_437' title='bbox 1162 1845 1270 1876; x_wconf 87' lang='lat' dir='ltr'>literis</span> <span class='ocrx_word' id='word_1_438' title='bbox 1288 1844 1394 1876; x_wconf 87' lang='lat' dir='ltr'>fronti</span> <span class='ocrx_word' id='word_1_439' title='bbox 1419 1846 1491 1886; x_wconf 84' lang='lat' dir='ltr'>ejus</span> <span class='ocrx_word' id='word_1_440' title='bbox 1507 1845 1600 1876; x_wconf 87' lang='lat' dir='ltr'>inus-</span> 
     </span>
     <span class='ocr_line' id='line_1_85' title="bbox 893 1896 1602 1937; baseline -0.001 -9"><span class='ocrx_word' id='word_1_441' title='bbox 893 1898 937 1928; x_wconf 83' lang='lat' dir='ltr'>tis</span> <span class='ocrx_word' id='word_1_442' title='bbox 952 1906 1139 1937; x_wconf 84' lang='lat' dir='ltr'>cognosces</span> <span class='ocrx_word' id='word_1_443' title='bbox 1151 1906 1227 1927; x_wconf 90' lang='lat' dir='ltr'>eum</span> <span class='ocrx_word' id='word_1_444' title='bbox 1240 1906 1258 1927; x_wconf 90' lang='lat' dir='ltr'>e</span> <span class='ocrx_word' id='word_1_445' title='bbox 1269 1906 1366 1927; x_wconf 87' lang='lat' dir='ltr'>servo</span> <span class='ocrx_word' id='word_1_446' title='bbox 1380 1896 1552 1936; x_wconf 84' lang='lat' dir='ltr'>stigmatia</span> <span class='ocrx_word' id='word_1_447' title='bbox 1566 1900 1602 1927; x_wconf 90' lang='lat' dir='ltr'>et</span> 
     </span>
     <span class='ocr_line' id='line_1_86' title="bbox 893 1947 1599 1987; baseline -0.003 -8"><span class='ocrx_word' id='word_1_448' title='bbox 893 1948 1055 1979; x_wconf 88' lang='lat' dir='ltr'>literato:</span> <span class='ocrx_word' id='word_1_449' title='bbox 1088 1948 1151 1978; x_wconf 84' lang='lat' dir='ltr'>hoc</span> <span class='ocrx_word' id='word_1_450' title='bbox 1179 1952 1245 1987; x_wconf 89' lang='lat' dir='ltr'>est,</span> <span class='ocrx_word' id='word_1_451' title='bbox 1266 1947 1375 1978; x_wconf 87' lang='lat' dir='ltr'>literis</span> <span class='ocrx_word' id='word_1_452' title='bbox 1402 1952 1437 1978; x_wconf 89' lang='lat' dir='ltr'>et</span> <span class='ocrx_word' id='word_1_453' title='bbox 1464 1948 1599 1987; x_wconf 80' lang='lat' dir='ltr'>punctis</span> 
     </span>
     <span class='ocr_line' id='line_1_87' title="bbox 895 1997 1599 2037; baseline -0.003 -7"><span class='ocrx_word' id='word_1_454' title='bbox 895 1999 1006 2030; x_wconf 86' lang='lat' dir='ltr'>inusto</span> <span class='ocrx_word' id='word_1_455' title='bbox 1020 1998 1060 2029; x_wconf 89' lang='lat' dir='ltr'>ad</span> <span class='ocrx_word' id='word_1_456' title='bbox 1069 1998 1279 2029; x_wconf 79' lang='lat' dir='ltr'>Senatoriam</span> <span class='ocrx_word' id='word_1_457' title='bbox 1289 1997 1488 2037; x_wconf 80' lang='lat' dir='ltr'>dignitatem</span> <span class='ocrx_word' id='word_1_458' title='bbox 1501 2007 1599 2028; x_wconf 83' lang='lat' dir='ltr'>evec-</span> 
     </span>
     <span class='ocr_line' id='line_1_88' title="bbox 895 2049 1598 2090; baseline -0.004 -8"><span class='ocrx_word' id='word_1_459' title='bbox 895 2056 980 2082; x_wconf 88' lang='lat' dir='ltr'>tum.</span> <span class='ocrx_word' id='word_1_460' title='bbox 1026 2049 1231 2081; x_wconf 82' lang='lat' dir='ltr'>Ramircsius</span> <span class='ocrx_word' id='word_1_461' title='bbox 1263 2059 1338 2080; x_wconf 89' lang='lat' dir='ltr'>cum</span> <span class='ocrx_word' id='word_1_462' title='bbox 1371 2049 1487 2090; x_wconf 86' lang='lat' dir='ltr'>Lipsio</span> <span class='ocrx_word' id='word_1_463' title='bbox 1513 2049 1598 2089; x_wconf 85' lang='lat' dir='ltr'>legit</span> 
     </span>
     <span class='ocr_line' id='line_1_89' title="bbox 894 2099 1599 2141; baseline -0.004 -9"><span class='ocrx_word' id='word_1_464' title='bbox 894 2102 1074 2139; x_wconf 76' lang='lat' dir='ltr'>stillantem,</span> <span class='ocrx_word' id='word_1_465' title='bbox 1099 2100 1158 2131; x_wconf 85' lang='lat' dir='ltr'>sed</span> <span class='ocrx_word' id='word_1_466' title='bbox 1175 2100 1304 2141; x_wconf 86' lang='lat' dir='ltr'>inepte.</span> <span class='ocrx_word' id='word_1_467' title='bbox 1350 2100 1418 2133; x_wconf 82' lang='lat' dir='ltr'>Qui</span> <span class='ocrx_word' id='word_1_468' title='bbox 1434 2099 1521 2130; x_wconf 89' lang='lat' dir='ltr'>enim</span> <span class='ocrx_word' id='word_1_469' title='bbox 1540 2109 1599 2139; x_wconf 90' lang='lat' dir='ltr'>po-</span> 
     </span>
     <span class='ocr_line' id='line_1_90' title="bbox 897 2149 1598 2183; baseline -0.004 -1"><span class='ocrx_word' id='word_1_470' title='bbox 897 2152 1018 2183; x_wconf 82' lang='lat' dir='ltr'>tuisset</span> <span class='ocrx_word' id='word_1_471' title='bbox 1049 2150 1158 2182; x_wconf 84' lang='lat' dir='ltr'>Rufus</span> <span class='ocrx_word' id='word_1_472' title='bbox 1191 2151 1246 2182; x_wconf 86' lang='lat' dir='ltr'>ille</span> <span class='ocrx_word' id='word_1_473' title='bbox 1275 2151 1306 2181; x_wconf 93' lang='lat' dir='ltr'>in</span> <span class='ocrx_word' id='word_1_474' title='bbox 1335 2150 1441 2182; x_wconf 84' lang='lat' dir='ltr'>tantis</span> <span class='ocrx_word' id='word_1_475' title='bbox 1468 2149 1598 2181; x_wconf 88' lang='lat' dir='ltr'>deliciis</span> 
     </span>
     <span class='ocr_line' id='line_1_91' title="bbox 898 2200 1598 2243; baseline -0.004 -11"><span class='ocrx_word' id='word_1_476' title='bbox 898 2202 1031 2243; x_wconf 83' lang='lat' dir='ltr'>perpeti</span> <span class='ocrx_word' id='word_1_477' title='bbox 1046 2202 1196 2232; x_wconf 85' lang='lat' dir='ltr'>frontem</span> <span class='ocrx_word' id='word_1_478' title='bbox 1213 2211 1307 2232; x_wconf 88' lang='lat' dir='ltr'>suam</span> <span class='ocrx_word' id='word_1_479' title='bbox 1330 2201 1460 2232; x_wconf 84' lang='lat' dir='ltr'>stillare</span> <span class='ocrx_word' id='word_1_480' title='bbox 1475 2210 1484 2238; x_wconf 90' lang='lat'>;</span> <span class='ocrx_word' id='word_1_481' title='bbox 1509 2200 1598 2240; x_wconf 89' lang='lat' dir='ltr'>quod</span> 
     </span>
     <span class='ocr_line' id='line_1_92' title="bbox 896 2250 1600 2293; baseline -0.004 -10"><span class='ocrx_word' id='word_1_482' title='bbox 896 2258 931 2284; x_wconf 89' lang='lat' dir='ltr'>et</span> <span class='ocrx_word' id='word_1_483' title='bbox 961 2252 1108 2293; x_wconf 89' lang='lat' dir='ltr'>patienti</span> <span class='ocrx_word' id='word_1_484' title='bbox 1133 2252 1321 2293; x_wconf 84' lang='lat' dir='ltr'>molestum,</span> <span class='ocrx_word' id='word_1_485' title='bbox 1359 2256 1395 2282; x_wconf 87' lang='lat' dir='ltr'>et</span> <span class='ocrx_word' id='word_1_486' title='bbox 1430 2250 1600 2291; x_wconf 81' lang='lat' dir='ltr'>spectanti</span> 
     </span>
     <span class='ocr_line' id='line_1_93' title="bbox 896 2303 1225 2336; baseline -0.006 0"><span class='ocrx_word' id='word_1_487' title='bbox 896 2304 1046 2336; x_wconf 78' lang='lat' dir='ltr'>foedum?</span> <span class='ocrx_word' id='word_1_488' title='bbox 1070 2303 1225 2335; x_wconf 79' lang='lat' dir='ltr'>Musamb.</span> 
     </span>
    </p>

    <p class='ocr_par' dir='ltr' id='par_1_10' title="bbox 896 2352 1603 2799">
     <span class='ocr_line' id='line_1_94' title="bbox 941 2352 1600 2393; baseline -0.008 -6"><span class='ocrx_word' id='word_1_489' title='bbox 941 2357 1043 2387; x_wconf 72' lang='lat' dir='ltr'>Eme.</span> <span class='ocrx_word' id='word_1_490' title='bbox 1072 2363 1163 2386; x_wconf 73' lang='lat' dir='ltr'>XXX.</span> <span class='ocrx_word' id='word_1_491' title='bbox 1203 2358 1218 2385; x_wconf 91' lang='lat' dir='ltr'>l</span> <span class='ocrx_word' id='word_1_492' title='bbox 1238 2354 1353 2384; x_wconf 75' lang='lat' dir='ltr'>Mutua</span> <span class='ocrx_word' id='word_1_493' title='bbox 1378 2352 1506 2392; x_wconf 69' lang='lat' dir='ltr'>viginti,</span> <span class='ocrx_word' id='word_1_494' title='bbox 1528 2352 1600 2393; x_wconf 56' lang='grc' dir='ltr'>εγω]</span> 
     </span>
     <span class='ocr_line' id='line_1_95' title="bbox 898 2403 1601 2448; baseline -0.007 -9"><span class='ocrx_word' id='word_1_495' title='bbox 898 2406 1134 2448; x_wconf 87' lang='lat' dir='ltr'>Reprehendit</span> <span class='ocrx_word' id='word_1_496' title='bbox 1159 2406 1276 2446; x_wconf 89' lang='lat' dir='ltr'>Cajum</span> <span class='ocrx_word' id='word_1_497' title='bbox 1294 2409 1331 2435; x_wconf 92' lang='lat' dir='ltr'>ut</span> <span class='ocrx_word' id='word_1_498' title='bbox 1347 2403 1548 2435; x_wconf 87' lang='lat' dir='ltr'>illiberalem</span> <span class='ocrx_word' id='word_1_499' title='bbox 1565 2409 1601 2435; x_wconf 89' lang='lat' dir='ltr'>et</span> 
     </span>
     <span class='ocr_line' id='line_1_96' title="bbox 898 2453 1603 2499; baseline -0.007 -11"><span class='ocrx_word' id='word_1_500' title='bbox 898 2467 1016 2499; x_wconf 87' lang='lat' dir='ltr'>parum</span> <span class='ocrx_word' id='word_1_501' title='bbox 1031 2456 1093 2487; x_wconf 91' lang='lat' dir='ltr'>sibi</span> <span class='ocrx_word' id='word_1_502' title='bbox 1111 2455 1145 2486; x_wconf 91' lang='lat' dir='ltr'>in</span> <span class='ocrx_word' id='word_1_503' title='bbox 1162 2455 1310 2486; x_wconf 86' lang='lat' dir='ltr'>amicitia</span> <span class='ocrx_word' id='word_1_504' title='bbox 1326 2453 1603 2495; x_wconf 84' lang='lat' dir='ltr'>respondentem,</span> 
     </span>
     <span class='ocr_line' id='line_1_97' title="bbox 898 2506 1599 2549; baseline -0.004 -11"><span class='ocrx_word' id='word_1_505' title='bbox 898 2517 996 2549; x_wconf 89' lang='lat' dir='ltr'>aquo</span> <span class='ocrx_word' id='word_1_506' title='bbox 1021 2516 1095 2538; x_wconf 91' lang='lat' dir='ltr'>cum</span> <span class='ocrx_word' id='word_1_507' title='bbox 1119 2506 1277 2546; x_wconf 89' lang='lat' dir='ltr'>petiisset</span> <span class='ocrx_word' id='word_1_508' title='bbox 1301 2510 1419 2536; x_wconf 93' lang='lat' dir='ltr'>mutuo</span> <span class='ocrx_word' id='word_1_509' title='bbox 1437 2514 1599 2535; x_wconf 85' lang='lat' dir='ltr'>summam</span> 
     </span>
     <span class='ocr_line' id='line_1_98' title="bbox 898 2555 1601 2597; baseline -0.004 -8"><span class='ocrx_word' id='word_1_510' title='bbox 898 2562 1028 2589; x_wconf 90' lang='lat' dir='ltr'>certam</span> <span class='ocrx_word' id='word_1_511' title='bbox 1073 2556 1241 2597; x_wconf 77' lang='lat' dir='ltr'>pecuniae,</span> <span class='ocrx_word' id='word_1_512' title='bbox 1295 2557 1369 2597; x_wconf 88' lang='lat' dir='ltr'>ipse</span> <span class='ocrx_word' id='word_1_513' title='bbox 1414 2555 1601 2587; x_wconf 90' lang='lat' dir='ltr'>conabatur</span> 
     </span>
     <span class='ocr_line' id='line_1_99' title="bbox 898 2607 1603 2648; baseline 0 -10"><span class='ocrx_word' id='word_1_514' title='bbox 898 2607 1049 2640; x_wconf 84' lang='lat' dir='ltr'>Martiali</span> <span class='ocrx_word' id='word_1_515' title='bbox 1065 2607 1284 2648; x_wconf 87' lang='lat' dir='ltr'>persuadere,</span> <span class='ocrx_word' id='word_1_516' title='bbox 1295 2612 1332 2638; x_wconf 88' lang='lat' dir='ltr'>ut</span> <span class='ocrx_word' id='word_1_517' title='bbox 1343 2617 1460 2639; x_wconf 90' lang='lat' dir='ltr'>causas</span> <span class='ocrx_word' id='word_1_518' title='bbox 1472 2610 1603 2648; x_wconf 83' lang='lat' dir='ltr'>ageret·</span> 
     </span>
     <span class='ocr_line' id='line_1_100' title="bbox 896 2657 1601 2698; baseline -0.004 -8"><span class='ocrx_word' id='word_1_519' title='bbox 896 2658 963 2690; x_wconf 90' lang='lat' dir='ltr'>Sed</span> <span class='ocrx_word' id='word_1_520' title='bbox 980 2658 1164 2698; x_wconf 89' lang='lat' dir='ltr'>respondet</span> <span class='ocrx_word' id='word_1_521' title='bbox 1186 2658 1309 2696; x_wconf 74' lang='lat' dir='ltr'>Poeta,</span> <span class='ocrx_word' id='word_1_522' title='bbox 1336 2657 1515 2689; x_wconf 90' lang='lat' dir='ltr'>ridiculum</span> <span class='ocrx_word' id='word_1_523' title='bbox 1529 2666 1601 2688; x_wconf 88' lang='lat' dir='ltr'>esse</span> 
     </span>
     <span class='ocr_line' id='line_1_101' title="bbox 899 2707 1598 2748; baseline -0.001 -9"><span class='ocrx_word' id='word_1_524' title='bbox 899 2718 965 2739; x_wconf 89' lang='lat' dir='ltr'>non</span> <span class='ocrx_word' id='word_1_525' title='bbox 990 2709 1124 2748; x_wconf 82' lang='lat' dir='ltr'>petenti</span> <span class='ocrx_word' id='word_1_526' title='bbox 1151 2708 1325 2739; x_wconf 87' lang='lat' dir='ltr'>consilium</span> <span class='ocrx_word' id='word_1_527' title='bbox 1356 2707 1449 2739; x_wconf 85' lang='lat' dir='ltr'>dare.</span> <span class='ocrx_word' id='word_1_528' title='bbox 1493 2708 1598 2741; x_wconf 82' lang='lat' dir='ltr'>Jocus</span> 
     </span>
     <span class='ocr_line' id='line_1_102' title="bbox 898 2758 1599 2799; baseline -0.003 -9"><span class='ocrx_word' id='word_1_529' title='bbox 898 2760 950 2790; x_wconf 87' lang='lat' dir='ltr'>hic</span> <span class='ocrx_word' id='word_1_530' title='bbox 975 2759 1172 2799; x_wconf 78' lang='lat' dir='ltr'>desumptus</span> <span class='ocrx_word' id='word_1_531' title='bbox 1202 2768 1218 2789; x_wconf 84' lang='lat' dir='ltr'>a</span> <span class='ocrx_word' id='word_1_532' title='bbox 1246 2759 1388 2797; x_wconf 77' lang='lat' dir='ltr'>Seneca,</span> <span class='ocrx_word' id='word_1_533' title='bbox 1417 2758 1518 2799; x_wconf 76' lang='lat' dir='ltr'>epist,</span> <span class='ocrx_word' id='word_1_534' title='bbox 1550 2761 1599 2789; x_wconf 60' lang='lat'>1153,</span> 
     </span>
    </p>
   </div>
  </div>
 </body>
</html>
