1866 3131
263 158 280 196 ]
292 158 376 196 440

263 273 333 294 mos
350 273 468 294 aureos
483 275 489 293 2
515 265 523 280 ‘
541 264 585 294 Et
609 263 651 293 de
673 269 806 294 moneta
819 263 960 294 Caesaris

263 313 381 344 decem
408 312 536 345 flavos?
582 315 725 345 Fallitur
746 314 959 352 Calderinus,

262 364 317 404 qui
334 362 438 394 flavos
460 373 533 394 esse
557 369 659 405 putat
674 365 818 396 Flavios.
866 365 959 396 Flavi

259 414 347 444 enirn
366 418 444 443 suut
460 413 553 444 aurei
569 415 705 445 nummi.
758 415 814 446 Sic
843 424 958 445 recen-

260 463 364 494 tiores
386 462 550 502 ὑπέῤῥυγον
579 474 693 495 aurum
721 465 956 505 appellarunt:

258 514 336 544 inde
372 512 534 554 ὑπέῤῥνγα,
560 515 656 546 solidi
687 517 791 546 aurei.
827 515 958 546 Salmas.

257 564 399 604 Loculos]
418 566 598 606 Capsulam
615 565 894 605 interpretorhoc
910 566 957 596 lo-

259 615 310 653 ci;
341 616 451 656 qualia
477 615 575 646 hodie
613 616 770 646 scriniola
803 615 888 646 finnt
917 626 957 646 ex

259 664 375 704 ebore,
402 665 585 702 testudine,
601 675 696 703 auro,
720 672 874 703 argento,
894 668 957 696 ἃς.

259 715 300 746 ad
318 717 492 756 pecuniam
510 722 545 747 et
560 715 700 754 κειμήλια
723 716 956 747 custodienda.

301 769 320 796 2
347 766 721 807 Lignaserrmt].Loculi
737 766 849 805 lignei.

301 817 408 847 Eme.
426 826 508 848 xm.
525 820 539 847 1
584 817 671 847 Face
686 816 798 856 locelli]
824 816 955 855 Fundo,

257 865 391 903 πυθμένι.

299 919 318 947 2
344 917 437 947 Nihil
450 921 507 956 est,
520 917 588 957 eya]
612 917 646 947 Si
664 917 744 947 nihil
762 917 882 957 reliqui
900 917 955 955 sit,

257 968 393 998 dabitur
407 969 478 1008 ipse
495 969 646 998 locellus.

301 1020 406 1049 EPIG.
426 1028 500 1050 xlv,
529 1022 542 1049 1
562 1020 641 1050 Cum
655 1019 789 1057 steterit,
805 1018 874 1059 ἐγὼ]
891 1017 956 1048 Lu-

255 1069 402 1099 debatur
417 1070 493 1099 talis
508 1074 663 1110 quatuor,
680 1069 879 1110 quandoque
897 1069 955 1098 tri-

256 1119 316 1149 bus
332 1131 338 1149 :
365 1120 507 1150 talorum
524 1126 636 1150 autem
656 1120 955 1159 felicis-simusjac·

256 1176 310 1200 tus
324 1170 502 1202 dicebatur
527 1172 653 1210 Venus,
676 1171 734 1202 ubi
758 1171 878 1211 singuli
896 1172 955 1202 tali

254 1220 422 1250 diversam
451 1220 616 1252 habereut
653 1220 787 1260 faciem,
819 1231 955 1262 compa-

255 1271 405 1301 rentibus
439 1271 536 1301 simul
565 1281 663 1309 cane,
688 1271 851 1308 ternario,
876 1281 954 1312 qua-

257 1322 418 1358 ternario,
433 1326 468 1352 et
484 1322 634 1352 senione.
660 1321 954 1362 Luciani'Epw'res.

296 1373 315 1401 2
341 1371 486 1409 Iffimera,
513 1370 580 1410 ege]
627 1371 727 1402 Grati
763 1377 862 1402 erunt
893 1372 953 1402 tibi

255 1421 314 1450 tali
332 1421 386 1451 isti
401 1430 483 1461 quos
508 1421 568 1451 tibi
584 1421 669 1458 misi,
687 1431 747 1460 per
766 1431 802 1451 se
819 1421 954 1462 quidem

255 1482 373 1502 munus
406 1472 494 1508 leve,
520 1471 579 1502 sed
606 1477 747 1512 propter
764 1471 834 1502 ludi
852 1471 954 1512 depo-

253 1522 319 1551 sita
335 1531 499 1561 magnum.

298 1571 404 1605 prc..
421 1581 481 1602 xv.
528 1575 540 1602 1
570 1572 640 1602 Non
655 1573 713 1602 sim
728 1572 872 1611 calorum,
889 1572 954 1613 35⁶2]

253 1622 341 1652 Talis
358 1623 446 1653 enim
463 1622 645 1653 ludebatur
660 1625 690 1653 4.
713 1623 849 1653 tesseris
874 1632 954 1653 vero

254 1673 395 1710 duabus,
415 1673 457 1703 ad
474 1683 636 1704 sumtuum
666 1673 793 1704 tribus:
819 1680 853 1704 et
876 1674 952 1705 hine

253 1729 315 1762 est,
339 1724 429 1764 quod
457 1733 491 1754 se
522 1724 590 1754 talo
613 1724 775 1763 imparem
792 1722 952 1761 fateatur,

253 1783 405 1804 numero.

295 1827 314 1854 2
338 1825 415 1854 Alea
431 1833 510 1864 soepe
525 1823 616 1862 mihi]
641 1824 807 1864 Deposita
825 1829 860 1854 et
881 1824 951 1854 ludi

254 1874 366 1913 pretia
381 1875 557 1914 ampliora.

296 1926 399 1956 EPIG.
418 1934 494 1956 xvt.
520 1928 534 1955 1
564 1925 642 1959 Qua»
667 1926 727 1955 scit
752 1925 946 1965 compositos]

253 1975 376 2015 Yulgo,
396 1975 519 2009 Quaerz't
535 1976 725 2014 compositos.
782 1974 849 2005 Sed
867 1975 949 2006 illud

255 2035 271 2055 e
291 2025 366 2055 Pal.
385 2025 473 2054 eruit
492 2025 668 2055 Gruterus.
713 2024 768 2054 Ad
795 2024 948 2055 fraudem

251 2084 332 2114 ergo
350 2074 474 2104 inludo
491 2074 632 2104 talorum
652 2073 833 2111 vitandam,
850 2083 949 2106 exco-

251 2126 361 2164 gitata
379 2129 430 2155 est
449 2125 623 2162 turricula,
645 2124 798 2164 cylindro
815 2124 949 2155 Mathe-

250 2176 374 2205 matico
391 2176 509 2205 similis
524 2187 531 2212 ;
556 2185 639 2206 cava
665 2183 787 2211 tamen,
805 2181 840 2205 et
857 2176 949 2206 intus

251 2226 418 2266 gradatim
451 2225 579 2263 efficta,
604 2232 640 2256 ut
668 2226 726 2256 tali
755 2226 950 2256 excutiendi

250 2277 501 2317 impingerent:
526 2276 612 2307 hanc
638 2276 755 2307 Graeci
770 2275 886 2316 πύργον
903 2277 950 2307 di-

249 2332 342 2358 cunt.
366 2327 481 2358 Rader.
506 2327 627 2367 Epigr.
646 2329 697 2357 14.
711 2326 767 2357 lib.
784 2329 817 2357 4.
835 2337 880 2357 vs.
895 2329 927 2357 9.

293 2381 313 2408 2
337 2378 396 2408 Ml
416 2379 478 2407 nisi
492 2377 670 2416 votasacit]
697 2377 868 2415 Fortunae,
884 2387 948 2408 non

251 2428 315 2458 arti
329 2429 421 2458 locus
437 2434 501 2460 est.

293 2479 397 2510 EP1G.
412 2488 503 2509 xvu.
525 2481 538 2508 1
565 2477 799 2517 Bisse-110‚3,-c.]
823 2478 862 2508 In
873 2477 950 2508 aba·

249 2539 288 2561 co
301 2530 490 2571 (inquiunt)
501 2540 559 2561 seu
573 2531 667 2561 alveo
679 2530 808 2560 luditur
819 2528 948 2560 duabus

251 2582 401 2621 tesseris,
429 2591 565 2622 (piarum
598 2591 756 2612 numerus
787 2590 946 2618 summus,

251 2630 376 2670 duplex
403 2631 507 2661 senio.
552 2631 617 2661 Sed
641 2630 722 2670 quid
750 2631 776 2660 si
796 2630 946 2660 dicamus

251 2680 390 2710 abacum
401 2682 487 2712 hunc
504 2680 608 2711 fuisse
623 2680 822 2710 distinctum
842 2683 890 2710 12.
903 2679 945 2709 ab

253 2732 340 2761 ouini
358 2733 464 2762 latere
482 2732 619 2763 tesseris
634 2740 692 2761 seu
710 2731 846 2770 spaciis,
864 2740 944 2771 quas·

723 167 861 197 NOTAE
896 166 1157 201 VARtORLM
1197 167 1246 195 IN

1013 261 1179 300 regiones,
1202 263 1316 300 urbes,
1338 271 1395 292 seu
1420 262 1574 293 mandras
1592 265 1707 303 appel-

1013 313 1155 341 labant?
1180 317 1217 342 ut
1245 312 1361 352 Epigr.
1386 314 1438 343 71.
1465 312 1486 342 l.
1511 315 1545 343 7.
1574 323 1659 344 vers-
1676 318 1707 345 8.

1012 362 1088 401 vel,
1109 362 1117 378 ‘
1139 362 1249 399 Heic‚'
1274 363 1306 392 id
1323 368 1389 401 est,
1416 363 1448 392 in
1474 362 1603 402 tabula,
1629 363 1709 395 duo·

1012 410 1123 441 decim
1141 411 1275 451 punctis
1292 416 1424 450 notata,
1439 413 1565 444 luditur
1582 414 1624 444 ad
1642 419 1707 445 tes-

1013 471 1146 492 seram:
1181 468 1216 492 et
1245 463 1278 492 iu
1305 462 1425 494 eadem
1457 463 1560 494 etiarn
1592 464 1708 496 tabula

1011 513 1162 550 calculis,
1185 513 1248 543 hoc
1269 517 1334 550 est,
1350 514 1550 544 latrunculis
1566 514 1706 545 luditur.

1010 563 1077 593 Hie
1095 569 1146 594 est
1166 572 1281 594 sensus
1297 564 1384 593 illins
1401 563 1548 594 distichi.
1580 565 1706 595 Eadem

1009 614 1112 654 igitur
1129 614 1246 645 tabula
1260 621 1294 645 et
1313 615 1448 645 tesseris
1462 620 1496 645 et
1511 615 1708 647 latrunculis

1010 665 1199 696 serviebat:
1226 666 1284 696 sed
1304 666 1448 696 alterurn
1466 665 1587 696 tabula>
1605 667 1706 706 latus,

1009 716 1043 746 in
1070 726 1136 756 quo
1163 717 1300 747 tesseris
1324 716 1515 753 ludebatur,
1542 717 1637 747 lineis
1654 719 1706 748 vel

1008 765 1145 804 punctis
1156 766 1335 798 duodecim
1348 767 1555 807 descriptum
1568 767 1708 799 distinc-

1009 822 1147 857 tumque
1164 822 1248 855 erat,
1264 818 1297 848 in
1324 818 1442 859 quibus
1467 818 1586 849 calculi
1616 820 1706 850 varie

1007 865 1288 907 disponebantur,
1326 873 1428 908 prout
1453 872 1591 899 tesserae
1618 871 1706 900 ceci-

1007 916 1151 948 dissent.
1198 918 1322 948 Lineas
1355 918 1440 957 illas,
1470 919 1539 948 sive
1569 925 1707 958 puncta,

1007 967 1136 1006 scripta
1151 967 1253 998 etiam
1271 967 1385 998 Latini
1399 967 1577 1005 vocabant,
1593 968 1707 999 Graeci

1005 1018 1146 1057 ’γραμμὰς
1158 1020 1212 1050 vel
1224 1019 1401 1060 γράμματα.
1427 1020 1609 1051 Salmasius.
1637 1020 1708 1051 Pri-

1006 1077 1095 1098 mum
1113 1069 1153 1100 ab
1171 1069 1266 1100 Initio
1280 1069 1462 1110 legendum
1489 1080 1505 1100 e
1523 1071 1587 1102 Ms.
1639 1072 1707 1102 Hac

1007 1119 1101 1149 milti:
1113 1129 1236 1160 nempe
1253 1121 1366 1151 tabula
1383 1122 1523 1151 lusoria:
1542 1126 1578 1151 ut
1592 1122 1706 1161 Epigr.

1007 1171 1059 1199 35.
1075 1175 1111 1200 et
1127 1172 1179 1200 47.
1226 1170 1363 1201 Deinde
1381 1171 1559 1201 duodecim
1578 1178 1707 1211 puncta

1007 1227 1072 1248 non
1087 1224 1166 1250 sunt
1192 1220 1328 1258 tabulae,
1353 1220 1412 1250 sed
1432 1220 1582 1251 binarum
1602 1226 1705 1252 tesse-

1005 1278 1129 1308 rarum,
1148 1280 1250 1310 quum
1278 1271 1421 1310 singulae
1448 1280 1513 1301 non
1531 1271 1623 1302 ultra
1646 1282 1704 1302 sex

1005 1318 1166 1351 habeant.
1213 1321 1300 1352 Vide
1328 1320 1370 1351 de
1398 1321 1479 1352 Pee.
1507 1322 1586 1353 Vet.
1603 1325 1633 1352 3.
1652 1326 1702 1353 15.

1007 1369 1194 1402 Gronovius.

1047 1423 1066 1450 2
1097 1421 1242 1452 Calculus
1271 1422 1322 1452 hic
1350 1421 1490 1462 gemino]
1534 1423 1702 1463 Calculus,

1005 1470 1239 1510 deprehensus
1254 1472 1411 1513 utrinque
1426 1472 1544 1509 nudus,
1556 1473 1598 1504 ab
1609 1474 1705 1505 hoste

1005 1521 1256 1552 circumventus
1273 1523 1418 1562 eapitur.
1463 1524 1471 1539 ⁶
1490 1523 1556 1553 Fac
1584 1531 1705 1563 pereat

1005 1571 1112 1602 vitreo
1130 1572 1224 1603 miles
1253 1573 1292 1603 ab
1315 1573 1411 1603 hoste
1429 1573 1531 1612 tuus,'
1556 1574 1657 1605 Ovid.
1671 1579 1703 1606 2.

1005 1623 1047 1654 de
1077 1624 1172 1657 Arte.
1200 1631 1234 1654 et
1261 1627 1290 1655 3.
1313 1624 1432 1654 ‘Unus
1463 1633 1538 1655 curn
1570 1627 1704 1665 gemino

1004 1675 1153 1704 calculus
1170 1675 1266 1706 hoste
1294 1675 1404 1715 perit)
1452 1675 1595 1706 Discolor
1621 1677 1706 1708 hoste

1002 1724 1097 1764 peric]
1122 1725 1238 1765 Epigr.
1256 1729 1308 1757 71.
1326 1726 1389 1756 Ι.7.
1407 1735 1494 1756 vers.
1508 1729 1539 1757 8.
1554 1732 1589 1757 et
1602 1727 1703 1765 iufra,

1004 1775 1123 1814 Epigr.
1138 1777 1191 1806 20.

1044 1825 1148 1857 Eme.
1168 1835 1274 1857 xvn1.
1293 1829 1309 1856 1
1334 1826 1414 1857 Alea
1432 1826 1546 1866 parta]
1581 1827 1649 1858 Pro
1667 1838 1701 1858 re

1002 1874 1200 1914 depositam
1218 1877 1297 1908 ludo
1311 1877 1364 1908 hic
1377 1877 1521 1917 capitur,
1534 1887 1609 1918 quae
1626 1888 1702 1918 par-

1002 1934 1041 1955 va
1059 1931 1123 1965 est,
1140 1932 1173 1956 et
1190 1937 1252 1957 nec
1280 1927 1438 1957 damnum
1463 1926 1558 1966 facit,
1574 1937 1635 1958 nec
1652 1929 1700 1958 lu-

1001 1985 1116 2014 crum;
1140 1977 1251 2016 pueris
1277 1982 1388 2007 tamen
1406 1983 1460 2007 sat
1484 1977 1620 2016 grandis
1638 1983 1703 2016 est,

1001 2035 1075 2055 cum
1103 2027 1278 2065 vapulant.
1304 2026 1578 2066 Epig1·am1n.S5.
1595 2027 1651 2058 lib.
1667 2031 1698 2059 5.

1001 2084 1088 2105 vers·
1107 2078 1136 2105 l.

1042 2128 1061 2155 2
1084 2126 1222 2156 Abstulit
1251 2126 1306 2156 illa
1335 2126 1437 2166 nates]
1474 2127 1627 2158 Nudavit
1655 2129 1697 2158 ad

1000 2186 1124 2215 pteuaS,
1140 2178 1165 2206 si
1184 2177 1269 2206 ultra
1287 2177 1374 2207 diem
1394 2178 1593 2217 permissum
1611 2179 1698 2209 luse-

1000 2227 1077 2257 rint.
1105 2227 1290 2257 Farnubius.
1337 2227 1483 2258 Videtur
1507 2229 1620 2267 potius
1638 2230 1696 2258 ali-

999 2277 1076 2316 quid
1102 2282 1201 2317 turpe
1230 2287 1269 2308 ae
1297 2275 1477 2308 nefandum
1505 2277 1699 2318 significari.

1001 2326 1188 2357 Gronovius.

1041 2377 1144 2407 EmG.
1161 2385 1239 2408 xix.
1257 2380 1271 2408 l
1296 2378 1429 2408 Armure
1445 2379 1608 2419 memento]
1642 2378 1698 2410 Iu-

998 2432 1142 2457 struere.

1039 2480 1058 2508 2
1084 2478 1205 2508 Coetera
1235 2489 1287 2508 nos
1323 2478 1473 2518 dedimus]
1530 2479 1693 2511 Thecam.

996 2527 1125 2558 Leviora
1151 2529 1245 2568 para]
1283 2529 1454 2569 Calamos,
1478 2530 1583 2568 stilos,
1612 2532 1693 2561 scal·

995 2589 1102 2619 prum.

1038 2631 1144 2661 Eme.
1173 2634 1262 2661 xx.)
1293 2631 1525 2670 Insidiosorum,
1548 2631 1616 2670 Sym]
1651 2630 1690 2661 In

996 2681 1124 2711 insidiis
1142 2681 1231 2712 enim
1258 2682 1366 2712 latent
1391 2682 1602 2711 subsessores
1620 2683 1690 2721 qui-

994 2732 1071 2762 dam
1088 2741 1106 2762 e
1122 2731 1333 2771 latrunculis,
1359 2731 1415 2773 qui
1431 2732 1560 2762 hostem
1577 2731 1689 2761 incau-
