1866 3131
431 169 476 198 M.
513 168 620 198 vAL.

154 260 232 291 dida
243 265 334 299 cute,
347 260 501 291 cruribus
514 265 550 292 et
564 265 705 301 pectore
722 260 854 292 setosis.

155 312 230 342 Non
250 313 356 352 probo
386 312 492 342 virum
511 322 622 343 comas
645 313 677 342 in
703 313 854 343 statione

153 369 336 402 ponentem
353 373 444 395 more
461 362 684 403 foeminarum,
698 373 760 394 nec
777 373 852 394 con-

154 418 208 442 tra
245 414 386 453 capillos
424 413 662 444 disturbatum.
719 414 852 444 Furnab.

152 463 294 503 Triplex
313 473 394 503 ergo
420 464 616 503 capillorum
635 472 752 503 genus,
774 462 852 494 flexi

154 514 195 544 ad
210 514 379 554 pectinem
407 523 465 544 seu
483 513 573 553 pexi,
593 512 672 543 flexi
698 513 854 544 calamis-

154 564 228 603 tris,
246 570 280 595 et
299 564 434 595 turbati.
479 563 630 594 Primum
654 572 761 602 genus
786 564 853 594 ele-

152 616 299 655 ganfiae,
335 616 477 646 alterum
502 614 679 653 mollitiei5
714 614 852 644 tertium

152 667 224 696 sine
238 665 407 705 elegantia
421 671 454 695 et
471 669 664 695 venustate.
691 664 829 695 Musam.

194 719 213 747 2
237 715 369 746 Sordida
383 714 467 754 nolo]
505 718 513 731 ‘
532 715 592 745 Est
605 713 745 745 modus'
771 724 853 755 ergo

155 766 163 782 ‘
183 765 215 795 in
236 766 348 804 rebus,
365 770 443 796 sunt
458 765 543 796 certi
561 764 708 805 (lenique
723 764 833 795 fines.'

195 818 213 846 3
253 816 319 846 Nec
349 815 423 855 tihi]
470 816 545 847 Nec
591 815 651 845 tibi
682 814 725 846 sit
761 815 853 846 nulla

151 866 257 896 barba
297 866 337 896 ad
374 866 510 897 modum
551 864 761 896 foeminarum
817 870 853 896 et

152 915 433 946 eti'oeminatoruui
460 916 636 947 Gallorum
660 925 718 946 seu
745 915 853 956 Phry-

150 975 240 1005 gum,
281 966 336 1005 qui
362 970 511 997 mentum
541 965 755 1005 ‹lepilabant‚
777 974 852 1004 nec,

148 1018 211 1046 διε.
237 1016 349 1056 inquit
377 1016 551 1048 Raderus:
606 1017 672 1055 vel,
703 1026 765 1047 nec
789 1015 851 1046 tibi

149 1066 194 1096 sit
223 1065 330 1096 instar
365 1067 518 1097 mollium
556 1067 690 1097 illorum
734 1066 852 1097 mitras

150 1115 374 1155 gestantium,
419 1115 524 1147 barba
576 1125 705 1146 summo
757 1115 853 1145 cultu

149 1165 280 1195 nutrita
304 1169 339 1195 et
364 1164 406 1195 ad
437 1165 615 1205 speculum
650 1164 856 1204 composita,

149 1223 211 1245 nec
238 1218 349 1245 tannen
375 1219 505 1249 contra,
534 1213 699 1254 promissa
726 1218 761 1244 et
787 1213 852 1244 dis-

147 1263 294 1303 turbata,
320 1274 361 1295 ex
399 1265 559 1305 neglectu
596 1265 651 1295 vel
688 1262 850 1295 affectato

147 1315 304 1355 squalore
322 1324 466 1347 reorum.
512 1314 702 1354 Illitrarum]
728 1315 850 1346 Foemi-

147 1373 285 1396 narum:
309 1370 476 1397 matronae
495 1367 583 1396 enim
600 1367 716 1397 Romae
734 1366 851 1396 mitras

145 1414 314 1447 ferebant.
360 1416 469 1447 Burbu
481 1416 617 1456 reorum]
647 1416 785 1447 Inculta
800 1425 849 1447 sc.

146 1471 181 1496 et
197 1466 344 1496 horrida.

189 1518 208 1546 4
237 1516 317 1546 Nolo
344 1517 469 1557 parum]
515 1517 642 1548 Parum
670 1516 732 1547 viri
758 1517 849 1548 dice-

151 1565 274 1596 bantur
291 1565 493 1597 effoemiuuti.

190 1621 207 1647 5
236 1617 327 1647 Nunc
354 1618 425 1655 tibi,
446 1618 514 1658 lya]
550 1619 559 1635 ‘
578 1618 724 1658 Hispida
746 1628 850 1649 mem-

149 1666 209 1697 bra
227 1667 385 1707 ‹piide1n,’
401 1672 465 1699 occ.
481 1669 607 1699 Juven.
624 1671 654 1698 2.
672 1671 722 1699 10.

189 1720 209 1748 6
232 1718 293 1748 Sed
310 1728 405 1755 mens,
419 1718 487 1758 ἐγω]
511 1718 578 1749 Sed
595 1718 706 1749 auimo
723 1728 759 1749 es
777 1719 846 1758 gla-

146 1769 220 1809 bro,
236 1769 503 1808 Catacbrestice‚
526 1768 558 1799 id
577 1774 642 1804 est,
666 1769 773 1808 molli,
791 1779 848 1809 pa-

146 1830 217 1850 rum
232 1820 333 1850 virili.
378 1820 472 1850 silens
495 1818 597 1858 vulsa]
630 1818 847 1850 Effoeminata

144 1875 178 1900 et
207 1869 340 1900 luxuria
368 1869 520 1908 madens,
543 1869 578 1900 οὐ
599 1869 720 1909 πυκινὴ,
744 1868 844 1910 ἀραιά.

145 1919 278 1950 Herum.

201 1970 304 2001 Epic.
326 1978 476 2000 xxxvn.
500 1972 516 2000 1
540 1968 662 2008 Verris]
696 1969 846 2002 Notatur

144 2020 286 2052 hominis
304 2020 413 2060 gulosi
428 2025 463 2051 et
479 2019 607 2051 sordidi
622 2019 844 2061 impudentia,

144 2071 201 2112 qui
218 2080 257 2102 ea
275 2081 351 2112 quae
367 2070 500 2102 caeteris
517 2070 668 2102 convivis
686 2071 845 2111 apposita

143 2126 257 2161 erant,
280 2126 446 2160 verreret,
477 2126 513 2152 et
543 2121 677 2161 mappis
706 2121 845 2153 condita.

144 2172 278 2202 domurn
297 2171 472 2202 mitteret:
499 2171 740 2211 γαστριμαργίας
750 2182 845 2213 argu-

145 2226 295 2252 mentum
348 2220 495 2262 ἁρπάζειν
540 2221 692 2261 ἐσθίοντα,
736 2221 845 2262 inquit

145 2271 271 2302 Athen.
316 2280 419 2302 Lvnt.
464 2275 499 2302 et
537 2272 578 2302 τὰ
617 2272 672 2302 τοῦ
707 2272 845 2310 πλησίον

144 2322 338 2353 ἐπισπᾶσθαι.
370 2322 491 2363 Verris]
514 2323 630 2363 Rapis.

185 2376 205 2404 2
228 2373 383 2404 Mammas
408 2374 553 2414 suminis]
584 2375 709 2405 Sumen
725 2385 768 2405 ex
786 2385 843 2416 pa-

144 2423 235 2465 pillis
258 2433 370 2463 porcae
404 2423 445 2454 ab
469 2424 562 2455 edito
592 2424 675 2456 foetu
707 2427 843 2466 occisae,

144 2484 279 2516 quoque
305 2474 409 2513 magis
436 2474 583 2506 lacteum
609 2480 683 2506 erat
698 2475 760 2506 hoc
776 2485 843 2506 am-

142 2525 231 2566 plius
257 2524 580 2564 commendabatur3
612 2526 634 2557 l.
653 2529 705 2558 13.
734 2528 843 2568 epigr.

143 2578 196 2606 44.
241 2575 463 2615 Imbricemque
492 2576 590 2616 porci]
634 2577 842 2608 Vertebram

144 2625 292 2666 demptis
330 2625 442 2656 costis.
475 2626 639 2666 Anglice:
664 2628 715 2658 the
741 2627 841 2659 chine.

145 2675 354 2714 Auriculam,
367 2675 406 2707 Ρ,
422 2676 622 2717 Scriverius,
638 2686 712 2718 quie
728 2676 842 2708 imbri-

145 2734 218 2757 cem
232 2723 355 2757 refert.

654 167 931 199 MAR'HALIS
965 169 1124 200 EPlGR.
1160 170 1250 200 [AB.
1283 171 1334 200 11.

1491 161 1601 201 1147

948 264 966 291 3
997 262 1261 303 Communemque,
1288 262 1358 303 1512]
1398 260 1601 303 Appositum

906 311 1035 342 duobus
1052 314 1216 344 convivi&
1229 313 1394 353 Attagen,
1411 312 1474 344 Gr.
1494 313 1604 342 Ἀττα-

903 362 973 395 vas.
1019 361 1076 393 Al.
1101 363 1285 394 Hasel-bun.
1311 363 1450 403 Mullus,
1465 362 1525 394 Gr.
1541 361 1606 401 τρί-

903 417 980 451 γλα.
992 412 1088 451 Belg.
1100 413 1244 444 Barbeel.
1256 415 1381 454 Lupus,
1397 413 1458 445 Gr.
1474 412 1605 453 λάβραξ.

904 462 1005 502 Belg.
1021 461 1220 493 Zee-snoeclc.
1246 463 1414 503 Muraena,
1426 462 1522 504 fluta,
1541 464 1604 495 Gr.

903 511 1064 553 σμύραινα.
1110 512 1164 543 ΑΙ.
1195 513 1362 544 Meer-ael.
1396 513 1465 544 Sed
1482 514 1606 545 Murae-

903 563 993 603 nula,
1010 563 1108 604 Belg.
1132 573 1187 593 een
1204 563 1420 603 Negen-ooge.

946 617 964 644 5
1005 614 1177 653 Femur-que
1209 612 1302 653 pulli]
1347 613 1489 654 Optima
1521 614 1604 655 pulli

903 674 993 706 pars,
1017 663 1127 695 femur
1149 668 1184 695 et
1201 665 1265 695 ala.

944 718 964 746 ὃ
1011 714 1260 755 Stillantemque,
1298 714 1368 756 ἔξω]
1413 715 1603 747 Stillantem

902 765 1000 804 alica,
1024 774 1089 806 qua
1112 763 1221 795 fartus
1238 770 1325 805 erat,
1341 765 1398 796 vel
1428 770 1603 797 natantem

901 815 935 846 in
953 815 1170 847 condimento
1186 815 1294 855 alicae,
1310 825 1385 856 quae
1402 815 1442 847 fit
1455 825 1497 847 ex
1524 826 1604 854 zea;

902 865 991 896 Plin.
1008 865 1030 895 l.
1051 867 1102 896 10.
1129 875 1159 896 e.
1176 868 1208 897 8.
1233 866 1347 906 itaque
1370 866 1380 883 ‘
1394 866 1472 897 sua'
1498 866 1603 897 refer-

903 919 958 944 tur
975 914 1017 945 ad
1034 915 1169 954 alicam,
1192 925 1259 956 qua
1286 915 1393 947 fartus
1422 921 1519 955 erat;
1548 918 1601 947 vel

900 964 941 995 ad
960 975 1067 1005 zeam,
1082 976 1157 1006 quae
1183 966 1350 1006 palumbis
1365 967 1476 998 cibus.

942 1018 961 1046 7
986 1016 1137 1047 Madente
1159 1017 1285 1057 mappa]
1301 1016 1331 1048 A
1348 1018 1553 1059 pinguedine
1568 1023 1604 1050 et

900 1066 1125 1098 condimentis
1143 1068 1309 1100 ciborum.

943 1120 962 1148 8
988 1118 1182 1158 Traduntur,
1196 1119 1267 1159 δῖα]
1293 1120 1321 1150 Ε
1339 1129 1433 1151 more
1451 1120 1602 1151 Romano

900 1166 1028 1197 licebat
1051 1168 1213 1208 convivis,
1241 1173 1360 1208 rogata
1376 1170 1603 1202 convivatoris,

900 1217 1010 1256 venia,
1027 1217 1156 1258 aliquid
1171 1218 1532 1259 appositorum‘secum
1547 1230 1604 1251 au-

899 1266 1003 1306 ferre,
1020 1267 1073 1297 vel
1087 1277 1148 1307 per
1164 1268 1264 1298 alium
1280 1268 1431 1301 mittere.

942 1320 962 1347 9
986 1317 1054 1348 Nos
1069 1317 1285 1357 accumbimus,
1301 1318 1368 1359 Sym]
1392 1319 1605 1351 Nonhaben·

901 1372 951 1399 tes
968 1368 1001 1399 in
1019 1378 1085 1409 quo
1102 1368 1221 1400 dentes
1236 1378 1469 1402 exerceamus.
1498 1371 1552 1402 Sic
1570 1376 1605 1403 et

901 1419 1033 1450 Graecis
1046 1417 1218 1458 σχολάζειν
1229 1419 1387 1451 dicuntur
1399 1421 1431 1451 in
1440 1422 1608 1461 convivio,

901 1469 957 1509 qui
986 1469 1029 1500 ab
1052 1469 1187 1501 edendo
1213 1474 1250 1501 et
1276 1470 1425 1502 bibendo
1457 1478 1603 1505 cessant.

905 1520 1038 1550 Herald.

946 1575 983 1601 ll
1016 1571 1151 1611 Vocabo]
1183 1572 1326 1613 Optime
1354 1574 1507 1614 reposuit
1532 1575 1605 1606 Do-

903 1620 1019 1651 mitius
1037 1622 1155 1661 vocuvi,
1179 1623 1352 1654 locutione
1384 1624 1521 1664 quidem
1551 1635 1603 1656 so-

898 1670 996 1709 loeca,
1014 1680 1114 1702 seusu
1138 1672 1238 1712 louge
1255 1673 1399 1703 acutiori
1416 1684 1425 1712 ;
1451 1684 1483 1715 q.
1501 1674 1535 1705 d.
1568 1675 1602 1705 in

899 1720 1097 1752 hodiernum
1122 1721 1209 1752 diem
1234 1726 1268 1752 te
1293 1722 1450 1763 invitavi,
1476 1733 1540 1754 non
1565 1729 1603 1755 ut

898 1770 972 1801 liaec
988 1770 1021 1801 in
1037 1771 1223 1802 crastinum
1241 1780 1434 1804 reservares
1449 1783 1457 1804 ε
1473 1782 1602 1814 repone

898 1820 1015 1861 itaque
1030 1830 1108 1861 quae
1131 1822 1312 1853 sustulisti.

942 1871 1050 1901 Eme.
1066 1879 1231 1902 xxxvul.
1267 1875 1283 1902 l
1311 1871 1396 1907 Quid
1423 1873 1511 1914 mihi,
1531 1876 1602 1916 iffa]

897 1920 983 1951 Lino
1009 1921 1234 1961 exprobranti
1256 1922 1411 1953 Martiali
1431 1932 1602 1956 secessum

895 1970 929 2000 in
970 1981 1087 2011 agrum
1138 1971 1404 2013 Nomentanum,
1455 1976 1603 2015 roganti-

896 2030 960 2062 que
978 2021 1057 2063 quid
1081 2021 1220 2053 haberet
1234 2022 1362 2054 reditus
1380 2032 1422 2054 ex
1437 2034 1518 2065 agro
1532 2031 1601 2057 tam

896 2081 1010 2103 macro
1043 2077 1079 2104 et
1111 2073 1230 2113 sterili,
1270 2074 1456 2114 respondet
1491 2075 1601 2107 Poeta

897 2131 940 2152 ex
966 2122 1156 2163 inopinato,
1184 2124 1211 2154 si
1236 2123 1319 2154 nihil
1336 2123 1440 2164 aliud,
1456 2131 1551 2157 certe
1562 2136 1599 2157 se

897 2172 960 2203 hoc
977 2172 1110 2204 fructus
1128 2183 1169 2203 ex
1195 2183 1235 2204 eo
1261 2184 1398 2215 capere,
1421 2179 1460 2206 ut
1484 2182 1600 2209 careat

897 2227 1086 2263 conspectu
1105 2223 1180 2253 Lini
1194 2223 1337 2254 hominis
1355 2224 1478 2256 odiosi.

940 2274 1046 2305 Eme.
1066 2282 1199 2305 xxmx.
1232 2276 1247 2304 1
1269 2275 1412 2313 Coccina,
1426 2274 1495 2316 ἐξα]
1513 2277 1595 2308 Ves-

897 2328 950 2356 tes
970 2323 1033 2354 sibi
1050 2327 1167 2354 mutuo
1184 2323 1323 2354 mittere
1348 2324 1510 2357 divitibus
1529 2326 1599 2359 Ro-

895 2375 1002 2405 manis
1025 2375 1057 2405 in
1083 2383 1143 2405 usu
1159 2378 1245 2405 erat.
1270 2373 1337 2404 Sed
1350 2384 1411 2405 cur
1435 2380 1472 2406 tu
1501 2378 1601 2409 vesti-

895 2430 1011 2457 menta
1024 2434 1193 2465 purpurea
1204 2428 1239 2454 et
1250 2424 1404 2455 violacea
1418 2425 1600 2459 adulterae?

895 2475 1002 2515 magis
1018 2475 1066 2505 illi
1082 2474 1280 2505 conveniret
1296 2478 1376 2514 toga
1388 2476 1499 2508 missa.
1523 2478 1597 2509 Me.

895 2526 1037 2557 retrices
1055 2529 1167 2555 autem
1183 2529 1221 2555 ut
1237 2528 1270 2556 :t
1286 2525 1447 2557 adulterii
1463 2529 1596 2560 convic-

895 2582 955 2616 tm,
977 2577 1008 2606 in
1025 2575 1197 2616 publicum
1210 2579 1337 2617 togatae
1352 2577 1548 2619 prodibant,
1559 2585 1597 2611 ut

894 2627 1184 2667 dignoscerentur
1210 2636 1230 2657 a
1242 2626 1345 2659 castis
1362 2629 1522 2660 matronis
1531 2635 1597 2662 sto·

893 2677 969 2708 latis
983 2687 992 2715 ;
1008 2676 1114 2716 epigr.
1126 2678 1179 2707 64.
1197 2676 1218 2708 l.
1230 2679 1260 2708 6.
1276 2687 1365 2709 vers.
1378 2680 1409 2708 3.
1425 2684 1458 2709 et
1471 2679 1595 2712 Juven.

893 2730 923 2759 2.
938 2730 990 2759 70.
1035 2727 1190 2759 'rui-neb.
1218 2728 1241 2760 l.
1254 2731 1305 2761 16.
1318 2738 1347 2760 c.
1366 2731 1416 2761 19.
1432 2730 1594 2773 [anthim]
