1866 3131
220 163 236 201 ‚l
249 162 333 203 244

218 269 252 300 Is
278 269 340 300 tibi
367 279 448 301 sanc
465 275 606 311 propter
627 270 853 311 diligentiam,
870 276 918 302 at-

218 320 420 360 tentionem,
447 320 603 359 formam,
624 327 661 353 et
677 323 803 353 vultum
834 324 921 353 xivle-

219 376 275 401 tur
291 380 363 401 esse
381 376 580 411 procurator
597 382 697 412 acer;
725 382 789 414 ego
806 379 920 404 autem

218 422 390 462 perspicio
420 423 514 453 illum
545 433 619 454 esse
644 425 824 463 moechum,
854 436 920 465 quo

217 484 283 505 non
300 474 457 505 Aufidius
471 476 644 516 insignior.
689 477 741 507 De
759 487 825 517 quo
838 477 919 507 Ans.

215 526 342 557 Juven.
366 526 478 567 Satyr.
502 530 532 558 9.
560 536 647 558 verS.
672 529 726 559 25.
771 528 921 558 Possunt

215 582 253 606 et
276 577 352 607 haee
378 578 533 608 Mariano
556 578 766 609 collaudanti
790 578 919 617 crispu-

218 627 287 657 lum
317 627 418 666 hunc,
449 633 485 658 et
514 627 717 668 praeferenti
748 628 822 668 ejus
849 629 921 658 dili-

217 677 366 716 gentiam
384 678 568 709 attentioni
589 678 717 709 Aufidii
736 678 847 719 Lusci,
864 677 921 718 qui

216 737 236 757 e
253 727 392 759 decuria
417 729 606 760 scribarum
624 729 737 760 factus
753 734 807 760 est
835 739 920 769 prae-

216 783 283 816 tor,
311 779 513 819 continuari,
538 789 641 820 usque
668 780 709 810 ad
734 780 742 796 ‘
762 779 793 810 Ο
821 789 921 820 quam

216 828 362 869 dignus,’
378 832 442 861 ἀρ.

259 883 297 911 11
322 882 448 922 Alapz's]
472 883 526 913 De
552 880 658 921 alapis
673 890 713 912 ac
737 881 919 922 salapittis‚

215 931 337 972 quibus
368 932 499 973 stupidi
530 936 564 963 et
594 932 636 963 de
664 932 823 963 uxoribus
852 933 919 963 suis

214 992 332 1023 parum
357 984 493 1014 solliciti
506 984 776 1024 objurgabantur
799 984 832 1014 in
860 985 919 1014 mi-

214 1033 291 1072 mis,
319 1034 396 1065 vide
414 1034 605 1065 Heraldum
631 1035 672 1065 ad
691 1035 822 1066 Arnob.
838 1036 862 1066 l.
887 1039 918 1067 7.

259 1087 297 1115 13
323 1085 387 1115 Res
405 1085 515 1116 uxoris
530 1085 624 1126 agit]
664 1086 749 1117 Cum
766 1085 920 1125 indigna-

214 1134 308 1165 tione
335 1135 465 1176 repetit
488 1136 550 1167 hoc
570 1136 693 1167 Poeta.
740 1137 804 1167 Res
819 1137 921 1167 nullas

215 1186 378 1227 Crispulus
400 1187 475 1227 iste]
498 1187 604 1218 Nulla
629 1187 783 1228 negocia,
810 1188 919 1218 nullas

212 1236 247 1266 in
274 1236 348 1267 foro
375 1238 489 1268 uxoris
515 1242 583 1269 tuae
612 1244 730 1278 partes
754 1239 826 1280 agit
853 1239 919 1270 iste

214 1293 421 1326 procurator
459 1288 660 1329 Crispulus;
694 1289 795 1320 immo
825 1295 920 1320 tuum

211 1339 325 1369 locum
359 1344 397 1370 et
420 1338 514 1370 vices
541 1340 680 1381 supplet
708 1340 740 1371 iu
766 1340 919 1371 thalamis

211 1389 277 1420 iste
296 1391 456 1422 moechus.

255 1442 359 1473 Erro.
379 1450 470 1472 an.
496 1445 512 1473 1
531 1443 611 1473 Jure
624 1446 677 1473 tuo
699 1443 825 1483 nostris,
849 1443 920 1483 Era]

213 1493 360 1524 Hortum
387 1503 423 1524 se
450 1493 640 1534 hospitibus
663 1493 787 1526 offerre
814 1495 922 1535 dicit3

213 1544 239 1574 si
267 1545 421 1585 hospites
448 1550 619 1586 sumptum
645 1551 681 1577 et
697 1546 918 1587 suppellecti-

211 1596 278 1626 lem
297 1595 456 1628 offerant.

253 1649 274 1676 2
297 1645 334 1676 Si
355 1650 443 1686 potes
467 1647 502 1678 in
527 1647 624 1687 nudo]
647 1647 735 1678 Mihi
756 1647 845 1679 enim
862 1657 920 1679 ne-

211 1705 277 1737 que
293 1697 400 1736 sellae,
416 1707 526 1739 neque
544 1699 626 1730 lecti
643 1703 732 1730 sunt.

254 1752 274 1780 4
298 1750 383 1781 Nam
408 1760 475 1781 mea
492 1750 577 1788 jam,
606 1750 674 1790 ἐξα]
698 1751 812 1781 Meam
829 1751 920 1781 euim

210 1801 477 1841 supellectilem,
504 1802 626 1840 lectos,
651 1802 764 1841 sellas,
780 1804 845 1833 διο.
861 1802 918 1832 alii

201 1852 276 1891 jam
302 1852 452 1891 hospites
481 1852 702 1891 attriverunt,
729 1858 832 1893 atque
857 1863 919 1883 usn

212 1906 373 1944 tanquam
391 1911 485 1932 suam
501 1901 625 1933 factam
639 1908 675 1933 et
692 1912 710 1933 a
727 1902 864 1933 domino
886 1914 919 1934 a-

211 1953 372 1985 lienatam
410 1958 706 1994 consumpserunt.
750 1954 815 1984 Vel
843 1963 919 1984 mea

213 2004 368 2044 supellex
389 2004 462 2045 jam
478 2004 569 2035 victa
585 2010 622 2035 et
638 2003 774 2044 perdita
799 2014 917 2035 succu-

214 2054 299 2085 buit.
330 2054 487 2095 Metaph.
503 2059 652 2095 sumpta,
663 2055 728 2094 vel,
744 2054 785 2085 ab
800 2064 917 2094 arena,

211 2104 246 2135 in
262 2114 329 2145 qua
346 2104 429 2135 victi
456 2105 625 2136 tollebant
641 2105 786 2146 digitum
803 2105 836 2136 in
853 2106 917 2145 sig-

212 2165 292 2186 num
307 2156 365 2192 τῆς
374 2155 491 2195 ἥττηςς
517 2157 772 2197 Epigrammate
787 2159 841 2187 29.
856 2157 916 2188 lib.

209 2206 493 2248 Spectaculorum
511 2219 520 2247 3
542 2209 609 2248 vel,
624 2218 643 2239 a
660 2208 918 2249 licitationibus,

211 2257 244 2288 in
263 2257 386 2298 quibus
412 2258 520 2299 digito
547 2260 680 2291 sublato
695 2269 730 2290 se
746 2260 820 2301 quis
841 2269 918 2301 pro-

209 2308 376 2341 fitebatur
417 2315 605 2351 emptorem
645 2321 705 2341 seu
733 2310 918 2342 conducto-

211 2369 295 2390 rem.
341 2361 463 2392 Cicero
484 2363 515 2392 3.
533 2361 565 2392 in
580 2362 746 2393 Verrem:
773 2362 781 2378 ‘
795 2361 918 2393 Junius

211 2414 352 2449 patruus
393 2411 485 2442 tollit
525 2410 691 2451 digitum‚'
727 2413 792 2444 διο.
831 2411 917 2442 Vide

210 2459 378 2491 Brissonii
396 2461 507 2492 Form.
524 2461 581 2493 lib.
596 2464 628 2492 6.

254 2514 273 2541 5
301 2511 440 2551 Culcita]
472 2512 616 2543 Culcitae
640 2517 792 2544 tomento
819 2512 917 2544 fartae

214 2568 332 2594 erant:
351 2568 385 2595 et
410 2563 498 2595 dicit
526 2564 638 2596 Poeta
662 2575 727 2596 non
756 2565 855 2596 modo
881 2574 917 2596 se

212 2614 301 2644 male
330 2613 466 2655 fartam,
491 2615 550 2646 sed
567 2616 704 2646 omnino
720 2617 846 2648 nullam
862 2616 918 2646 ha-

212 2662 307 2702 bere,
335 2673 433 2705 quam
459 2665 552 2696 lecto
578 2665 722 2706 injiciat.
770 2666 823 2698 De
850 2666 918 2698 cul-

212 2713 293 2752 cita,
311 2715 408 2753 plura
421 2714 480 2747 lib.
498 2725 575 2748 xxv,

255 2766 275 2793 ὓ
311 2764 421 2795 Putris
443 2768 473 2796 et
490 2765 637 2806 abrupta,
665 2766 736 2806 ξω]
773 2767 819 2798 Et
849 2766 915 2798 fas-

678 174 818 204 No'rAE
855 174 1039 205 VARIOR
1052 177 1077 206 L*
1090 178 1118 206 M
1156 178 1202 206 lx

974 271 1034 301 ‹eiae
1059 271 1273 309 caucellatae,
1290 272 1421 313 -quibus
1439 273 1548 304 lectus
1565 275 1676 305 teudi-

974 328 1040 359 tur,
1065 323 1192 353 cadunt
1218 328 1349 362 putrCS‚
1376 330 1479 363 rupta
1505 331 1608 363 reste,
1625 326 1675 357 the

971 373 1128 405 bed-cord.

1015 426 1118 456 Emo-
1153 434 1256 456 exiti.
1303 428 1314 455 l
1348 426 1435 461 Quid.
1470 426 1578 464 sentis,
1607 427 1674 466 ἐγώ]

972 476 1108 506 Caecum
1143 475 1289 516 φιλαυτέᾳ
1317 476 1498 507 Ponticum
1528 478 1676 508 ironicos

972 527 1101 566 laudat,
1116 532 1150 558 et
1168 527 1300 558 irridet.

1015 580 1033 607 3
1057 577 1220 617 Actmz'ror,
1247 578 1318 618 lya]
1353 578 1553 618 Respondet
1583 579 1676 609 Mar-

971 627 1075 659 tialis.

1014 682 1033 710 4
1058 679 1212 720 Regulus]
1237 680 1454 711 Caussidirus
1470 679 1527 710 ille
1543 680 1678 719 nobilis,

971 733 1006 759 et
1019 729 1178 769 bipedum
1206 730 1440 771 nequissimus.
1484 732 1540 762 Sic
1559 732 1676 770 Epigr.

972 782 1023 810 16.
1041 780 1099 811 lib.
1116 783 1146 811 4.
1164 791 1249 812 vers.
1266 785 1297 812 (j.
1323 781 1412 812 Vide
1430 782 1550 822 Epigr.
1571 786 1623 813 13.
1643 788 1678 813 ct

972 834 1044 862 112.
1061 831 1119 861 lib.
1142 835 1168 862 1.

1015 887 1032 913 5
1057 882 1111 912 Sic
1127 884 1200 913 hene
1216 883 1339 923 Ccesar]
1362 885 1409 915 Ut
1425 884 1476 914 vir
1501 884 1608 915 bonus
1627 894 1679 924 eS,

972 942 991 962 o
1009 933 1194 971 Martialis,
1219 939 1254 964 et
1271 934 1434 964 candidus
1449 934 1567 973 judex.
1616 935 1680 966 Est

971 992 1054 1023 ergo
1083 982 1227 1013 formula
1256 983 1340 1015 bene
1368 985 1541 1024 precandi.
1588 986 1679 1017 Vide

972 1034 1128 1064 Brisson.
1144 1034 1204 1065 lib.
1220 1037 1248 1065 l.

1013 1088 1033 1116 G
1060 1087 1124 1116 [mo
1151 1086 1227 1126 tihi]
1259 1087 1333 1118 Imo
1360 1087 1436 1125 tibi,
1467 1097 1486 1117 o
1517 1087 1679 1126 Pontice,

971 1136 1160 1176 respondet
1175 1137 1360 1176 Martialis,
1381 1138 1430 1168 sic
1453 1137 1583 1169 faciant
1605 1138 1679 1168 Do-

970 1187 1128 1218 mitianus
1159 1193 1193 1218 et
1223 1188 1364 1228 Jupiter
1400 1188 1499 1225 bene,
1540 1194 1576 1219 ut
1615 1197 1677 1228 ego

971 1237 1058 1268 bene
1081 1239 1191 1269 sentio
1220 1238 1262 1269 de
1290 1239 1356 1270 tuis
1384 1239 1529 1278 libellis3
1553 1240 1587 1270 id
1615 1245 1679 1279 est,

970 1287 1101 1320 faciant
1117 1290 1226 1327 male3
1244 1298 1356 1330 neque
1373 1289 1462 1320 enim
1480 1299 1559 1320 vere
1585 1295 1619 1320 et
1636 1300 1679 1320 ex

970 1338 1085 1370 auimo
1116 1339 1272 1379 probavi,
1295 1339 1356 1370 sed
1387 1346 1425 1371 ut
1446 1345 1513 1370 tuae
1543 1341 1680 1371 subscr-

970 1390 1077 1420 virem
1102 1389 1261 1430 φιλαυτίᾳ,
1290 1395 1328 1421 ut
1350 1391 1419 1431 qui,
1446 1391 1534 1422 male
1566 1401 1679 1431 sanus,

971 1439 1110 1479 palpum
1125 1440 1235 1479 malis,
1246 1441 1523 1481 quamjudicium
1535 1449 1677 1473 rectum.

970 1489 1061 1520 Vide
1077 1490 1288 1531 Epigramm.
1304 1494 1357 1522 76.
1370 1491 1428 1522 lib.
1446 1494 1477 1522 8.

1015 1542 1123 1573 EP1G.
1154 1551 1258 1576 Lxrv.
1289 1543 1418 1574 Invitat
1448 1552 1484 1574 se
1510 1543 1617 1584 ipsum
1635 1543 1678 1574 ad

970 1593 1139 1631 genialem
1169 1594 1287 1633 vitam,
1310 1594 1400 1636 quod
1429 1595 1583 1625 omnibus
1611 1604 1679 1626 mo-

971 1644 1141 1684 riendum,
1151 1646 1254 1676 etiam
1272 1645 1475 1677 Caesaribus.

1016 1699 1031 1727 1
1072 1695 1241 1727 sextantes
1277 1699 1363 1737 duos,
1391 1697 1462 1737 ἕςα]
1500 1696 1619 1728 Triens
1645 1700 1677 1729 4.

972 1746 1129 1787 cyathos,
1147 1753 1286 1779 sextans
1313 1749 1398 1780 duos
1423 1749 1577 1780 continet
1599 1759 1678 1789 cya-

973 1799 1059 1837 thos,
1070 1804 1106 1830 et
1119 1804 1171 1830 est
1185 1804 1285 1831 sexta
1294 1810 1374 1841 pars
1387 1800 1541 1831 sextarii.
1558 1800 1679 1840 Epigr.

970 1851 1024 1880 28.
1042 1849 1100 1880 lib.
1117 1852 1146 1880 1.
1166 1859 1254 1881 vers.
1270 1853 1302 1881 2.
1349 1851 1493 1892 Calliste]
1517 1851 1678 1883 Minister

972 1898 1106 1930 Poetae.

1013 1953 1033 1981 2
1056 1949 1199 1981 AEstivas
1227 1950 1329 1990 nit-es]
1367 1950 1501 1992 Aquam
1528 1952 1677 1983 nivatam

971 2010 1031 2031 seu
1047 2000 1195 2040 gelidam
1209 2010 1226 2031 e
1239 2001 1374 2031 nivibus
1387 2011 1599 2041 expressam,
1612 2012 1679 2043 qua

971 2051 1048 2081 vina
1063 2050 1330 2090 generosissima
1346 2051 1542 2090 diluebant3
1560 2053 1679 2093 Epigr.

972 2104 1047 2132 117.
1073 2101 1130 2133 lib.
1163 2104 1215 2132 14.
1241 2102 1295 2132 vel
1320 2103 1497 2134 decoctam
1524 2108 1560 2134 et
1583 2105 1678 2135 vitris

971 2151 1150 2183 demissam
1179 2152 1214 2183 in
1244 2153 1340 2184 nives
1366 2158 1404 2184 nt
1438 2153 1676 2192 refrigeretur.

971 2204 1119 2235 Neronis
1149 2204 1336 2235 inventum.
1389 2204 1572 2243 Gruterus,
1597 2207 1678 2236 solve

971 2255 1068 2286 nives.
1114 2253 1276 2295 Antiquae
1293 2255 1344 2286 hae
1362 2255 1507 2286 deliciae.
1553 2256 1676 2287 Senec.

972 2306 1083 2346 Epist.
1092 2309 1144 2337 79.
1156 2306 1204 2336 ‘O
1213 2306 1383 2337 infelicem
1393 2316 1520 2347 aegrum
1530 2307 1536 2337 ἔ
1548 2307 1682 2339 Quare?

972 2356 1062 2389 Quia
1078 2365 1142 2386 non
1156 2356 1237 2386 vino
1254 2356 1364 2387 nivem
1382 2357 1503 2388 diluit:
1520 2357 1675 2398 quianon

972 2407 1121 2447 rigorem
1147 2407 1297 2447 potionis
1323 2417 1405 2447 suae,
1429 2417 1528 2449 quam
1556 2409 1676 2449 capaci

969 2457 1099 2498 scypho
1127 2458 1276 2497 miscuit,
1314 2465 1459 2490 renovat
1487 2458 1599 2491 fracta
1626 2461 1675 2490 in-

969 2518 1073 2548 super
1094 2509 1225 2549 glacie?
1268 2509 1337 2541 Sed
1359 2514 1395 2541 et
1421 2519 1546 2540 meram
1562 2510 1673 2540 nivem

970 2559 1151 2591 bibebant:
1174 2560 1263 2591 unde
1279 2561 1386 2591 Mart.
1403 2560 1460 2591 lib.
1474 2569 1550 2591 xu'.
1569 2562 1578 2578 ⁴
1594 2560 1673 2591 Non

972 2615 1093 2652 potare
1117 2611 1243 2651 nivem,
1264 2611 1322 2642 sed
1349 2621 1471 2653 aquam
1494 2616 1614 2652 potare
1631 2611 1674 2641 ri-

972 2667 1109 2702 gentem
1134 2662 1185 2693 De
1199 2663 1288 2702 nive,
1305 2668 1500 2694 commenta
1515 2666 1568 2693 est
1582 2663 1674 2702 inge-

971 2715 1068 2744 niosa
1096 2713 1195 2745 sitis?
1241 2714 1291 2744 Ex
1319 2718 1465 2754 utraque
1495 2718 1673 2743 consuetu-

970 2765 1064 2805 dine,
1079 2769 1116 2795 ut
1138 2763 1272 2805 opinor,
1292 2764 1382 2795 Plin.
1404 2762 1462 2795 lib.
1486 2765 1536 2793 19.
1552 2773 1625 2803 cap.
1643 2766 1674 2795 4.
