1866 3131
360 202 408 232 M.
443 203 552 232 VAL.
588 201 860 232 MARTIALIS
895 203 1056 234 EPlGR.
1090 204 1184 234 [ΑΒ.
1218 204 1324 235 vlu.

165 300 179 327 1
209 297 377 338 Corcyroei,
417 297 486 337 su]
531 296 678 337 Alcinoi,
723 297 813 337 regis

118 347 312 379 Phaeacum.
358 348 508 387 Corcyra
531 348 619 378 enim
635 348 742 379 Maris
760 348 814 378 Io·

118 397 164 427 nii
194 398 313 437 insula,
340 398 397 429 ubi
427 398 673 429 laudatissimos
700 399 813 429 hortos

117 448 222 478 coluit
254 448 425 479 Alcinous.
476 448 564 479 Vide
601 449 811 489 Epigramm.

115 501 167 529 04.
187 499 241 530 lib.
258 502 288 530 4.
307 509 392 529 vers.
409 502 462 530 29.

158 552 177 579 2
202 550 280 588 Rus,
296 547 508 588 Entelle,.5·c.]
531 547 700 580 Praeferat
717 552 811 579 tunm

115 600 248 630 hortum
266 600 352 630 illins
369 601 477 631 horto.
672 630 676 634 ,

156 653 174 680 3
203 651 283 682 Urat
305 660 343 681 ne
373 650 493 689 bruma,
519 649 588 690 Sym]
627 649 809 680 Mordeat:

114 710 217 740 snpra
233 701 347 741 Epigr.
364 704 514 732 14.vers.
528 703 560 731 2.
595 700 605 717 ‘
618 700 737 731 Boreae
755 709 811 740 pe-

112 752 276 783 netrabile
294 752 398 793 frigus
415 751 554 783 adurit.’
577 751 701 791 Virgil.
727 751 812 782 Καίει

112 802 148 832 τὸ
166 801 282 843 ψυχρὸν
306 802 353 833 διὰ
379 802 416 833 τὸ
439 801 594 843 συνάγειν,
621 802 641 840 ἢ
660 802 809 843 ἀντιπερι-

111 851 231 883 ἳστάναι
246 853 282 883 τὸ
296 852 414 894 θερμὸν,
429 853 535 884 Arist.

152 906 172 934 4
197 904 327 944 Bacchi,
342 904 409 945 [Sc]
437 905 547 935 Vites.

150 958 169 984 5
197 956 331 986 Condita
357 955 532 995 perspicua,
560 954 630 994 ξω]
677 953 809 994 Lapide

109 1005 279 1044 speculari
297 1006 428 1045 tegitur
444 1005 488 1036 ab
515 1005 636 1045 injuria
663 1004 809 1045 frigoris.

109 1054 228 1094 Epigr.
248 1057 298 1085 14.
317 1065 420 1095 supra
437 1065 524 1086 vers.
541 1058 573 1087 3.

148 1107 170 1135 6
194 1104 301 1144 Felix]
326 1106 415 1137 Quia
432 1110 587 1146 tempore
608 1104 712 1136 etiam
728 1105 809 1135 alie-

106 1163 149 1185 no
166 1153 289 1193 ferax3
313 1161 373 1185 aut
396 1155 476 1196 quia
500 1159 593 1186 tecta
619 1160 657 1186 et
680 1155 809 1186 munita

106 1210 228 1236 contra
243 1205 391 1245 hyemes.

147 1258 166 1286 7
190 1255 385 1296 Bombycz'na
419 1255 542 1295 corpus]
585 1254 752 1294 Multitia,
788 1264 806 1285 e

104 1305 269 1347 bombyce
285 1306 339 1337 vel
352 1306 461 1336 serico
480 1307 626 1345 intexta,
639 1306 754 1336 tenuia
771 1310 807 1337 et

104 1356 300 1397 pellucida:
323 1357 445 1387 Senec.
462 1354 585 1387 Benef.
604 1355 664 1387 lib.
680 1358 711 1387 7.
728 1365 805 1396 cap.

104 1409 136 1438 9.
153 1411 189 1438 et
213 1407 371 1439 Juvenal.
392 1407 466 1438 Sat.
491 1410 521 1437 2.
542 1415 631 1437 vers.
647 1409 701 1437 66.
732 1406 806 1436 Hu-

98 1456 249 1496 jusmodi
265 1461 379 1487 vestes
397 1456 528 1495 vitreae,
544 1456 676 1486 nebulae
692 1455 805 1495 lineae,

103 1507 178 1537 vela
194 1507 317 1545 serica,
333 1506 483 1537 carbasei
501 1506 607 1545 venti,
623 1510 719 1537 texta
735 1506 805 1546 pel-

104 1556 219 1588 lucida
231 1557 392 1588 matronis
401 1556 564 1587 Romanis
575 1557 609 1587 in
621 1567 683 1587 usu
695 1562 805 1596 erant,

104 1612 143 1638 ut
159 1608 283 1639 nostris
299 1607 399 1638 hodie
423 1607 567 1638 dominis
582 1609 663 1638 lawn
677 1609 736 1638 and
749 1607 804 1645 ιι]-

97 1658 192 1699 sany.

146 1713 165 1741 S
189 1709 242 1741 Sic
272 1714 452 1741 numeratur
481 1709 576 1750 aqua]
603 1709 660 1740 Ita
691 1710 805 1750 perlu-

102 1766 183 1792 cent
199 1767 234 1793 et
248 1766 416 1802 apparent
428 1761 563 1798 calculi,
578 1766 617 1792 ut
632 1762 803 1792 numerari

103 1812 247 1852 possint.

143 1867 164 1894 9
189 1864 274 1900 Quid
288 1873 359 1902 non,
373 1863 444 1903 {Su}
470 1862 607 1893 Claudit
624 1863 800 1903 Epigram-

102 1924 155 1945 ma
178 1923 253 1945 curn
285 1913 536 1946 exclamatione
561 1923 624 1953 per
655 1914 801 1945 admira-

100 1965 226 1996 tionem
250 1965 403 1996 humanae
431 1964 609 1995 industriae
636 1969 672 1995 et
696 1965 798 1995 soler-

101 2016 157 2047 tiae
178 2015 318 2056 ingenii,
333 2015 422 2057 quod
439 2015 486 2046 nil
512 2024 578 2046 non
602 2016 709 2056 possit
725 2021 798 2047 arte

100 2064 248 2097 efficere.

144 2118 183 2146 10
206 2116 410 2155 Autumnum,
425 2116 495 2156 sym]
518 2115 572 2147 Ita
585 2117 705 2147 muniti
722 2126 799 2156 spe·

100 2166 283 2204 eularibus,
313 2166 403 2197 horti
427 2167 501 2206 ipsa
526 2166 645 2197 brunia
668 2165 798 2198 fructus

99 2216 226 2255 ferunt,
243 2216 385 2256 perinde
402 2226 441 2246 ac
458 2216 493 2246 in
508 2222 677 2248 autumno.

142 2268 248 2299 Eme.
266 2276 365 2299 inx.
388 2268 543 2298 Mortuos
568 2273 699 2299 tantum
726 2269 798 2300 lau-

99 2318 201 2349 dabat
218 2318 336 2358 poi-{tas
351 2319 513 2349 Vacerra.
558 2319 724 2350 Martialis
747 2329 798 2350 ar-

101 2374 204 2409 gnte:
231 2369 310 2400 Non
338 2369 425 2399 tanti
450 2367 538 2399 facio
567 2374 641 2400 tuas
670 2370 798 2411 laudes,

101 2425 137 2450 ut
155 2424 214 2450 tua
229 2428 350 2449 caussa
365 2419 465 2448 velim
487 2423 565 2450 ante
588 2419 676 2451 diem
701 2422 798 2461 mori,

100 2480 164 2511 quo
182 2470 240 2500 abs
257 2474 290 2500 te
307 2469 436 2500 landari
455 2469 592 2508 possim.

145 2523 160 2550 1
185 2519 320 2550 Miraris
345 2522 474 2558 veteres,
496 2519 566 2559 δῖα]
596 2520 685 2552 Vide
714 2521 795 2563 Epi-

98 2581 236 2612 gramm.
255 2574 306 2602 10.
322 2571 379 2601 lib.
397 2575 428 2602 5.
444 2580 530 2602 vers.
545 2574 577 2604 4.

140 2625 159 2652 3
184 2621 293 2661 Tanti]
316 2622 364 2652 Ut
381 2626 440 2652 tua
451 2621 529 2652 mihi
542 2626 619 2662 post
635 2621 704 2654 fata
715 2632 794 2653 con-

98 2672 208 2713 tingat
232 2673 316 2711 lans,
332 2681 397 2702 non
419 2681 567 2712 propero
583 2673 689 2704 mori:
714 2674 796 2705 dict.

100 2723 217 2763 Epigr.
234 2732 320 2754 vers.
337 2725 367 2754 9.

147 2773 247 2805 EP1G.
265 2781 346 2805 Lxx.
366 2772 495 2804 Laudat
514 2773 659 2805 Nervam
685 2774 795 2814 Impe-

1453 195 1565 237 1319

864 302 1009 329 ratorem
1026 297 1068 329 ab
1081 299 1218 339 ingenio
1229 299 1378 340 pomino,
1391 300 1446 341 qni
1461 300 1562 332 etiam

864 358 961 389 puer,
983 359 1002 379 a
1018 351 1177 381 carminis
1201 351 1395 392 dulcedine,
1409 351 1564 382 Tibullus

864 400 1113 440 appellabatur.

907 453 922 481 1
951 452 1078 486 Quanta
1100 452 1194 491 quies,
1210 451 1279 491 εμπ]
1318 452 1423 493 AEque
1445 451 1565 483 facun-

864 500 926 531 dus
944 507 980 533 et
1001 502 1152 532 carmine
1169 501 1277 533 dulcis
1301 507 1355 533 est
1381 503 1508 541 Nerva,
1524 512 1564 534 ac

863 552 956 583 mitis
984 558 1018 583 et
1043 552 1138 582 lenis-
1185 553 1239 582 De
1264 552 1405 583 lenitate
1425 552 1563 591 Nervae,

861 601 980 632 Aurei.
1012 602 1146 640 Victor,
1173 601 1252 640 Dio,
1276 602 1481 641 Eutropius:
1521 602 1563 632 de

861 652 956 692 poesi
975 653 1104 683 Noster
1126 651 1244 692 Epigr.
1265 654 1318 682 27.
1342 651 1399 682 lib.
1415 655 1448 682 9.
1473 651 1565 682 Plin.

860 702 939 734 Jnn.
957 703 1014 733 lib.
1032 706 1063 732 5.
1078 702 1186 742 Epist.
1205 704 1234 732 3.
1256 701 1399 741 Gyrald.
1425 701 1518 732 Dial.
1534 706 1565 733 5.

861 754 971 792 Nem,
996 753 1053 794 qui
1077 753 1227 784 Nervam
1254 751 1444 792 appellavit
1470 761 1565 783 suurn

860 803 1059 834 Tibullum:
1086 803 1151 842 Ep.
1167 804 1221 833 27.
1238 801 1294 833 lib.
1310 804 1341 832 9.
1358 810 1446 832 vers.
1459 804 1479 831 9

902 857 922 885 2
946 854 1011 885 Sed
1034 854 1161 892 cohibet,
1184 852 1253 893 ἅψῃ]
1276 851 1431 891 Modum,
1456 851 1563 892 pudo-

860 914 946 943 rem,
972 910 1006 935 et
1033 905 1193 935 decorum
1218 903 1361 935 adhibet
1387 904 1420 935 in
1449 903 1566 944 po'esi3

859 965 924 986 non
953 955 1081 996 proluit
1109 965 1145 985 se
1172 954 1267 986 fonte
1294 954 1483 993 Caballiuo,
1509 955 1565 985 cui

860 1007 912 1036 vel
930 1004 1161 1036 exhauriendo
1176 1003 1364 1043 sufficeret3
1389 1014 1454 1035 non
1472 1004 1566 1035 laxas

860 1057 995 1097 ingenio
1028 1056 1174 1087 habenas
1206 1055 1381 1095 indulget;
1412 1054 1470 1085 sed
1501 1055 1564 1086 sibi

860 1112 1045 1147 temperat,
1078 1111 1114 1138 et
1146 1105 1280 1137 modice
1308 1105 1396 1136 bibit
1431 1103 1564 1136 fontem

860 1158 1036 1188 Musarum
1089 1155 1330 1194 Permessida3
1376 1155 1563 1186 advertens

859 1208 939 1248 quid
956 1207 1079 1237 deceat
1097 1207 1205 1237 virum
1220 1215 1390 1246 magnum,
1404 1210 1440 1236 et
1456 1204 1562 1235 mino-

858 1267 932 1288 runl
962 1257 1150 1288 studiorum
1174 1255 1315 1296 gloriam
1340 1254 1382 1285 ad
1400 1254 1488 1285 viros
1515 1254 1564 1284 in-

857 1307 991 1339 ferioris
1007 1307 1108 1338 sortis
1123 1307 1288 1346 relegans.

899 1363 917 1390 5
943 1358 1101 1398 Pieriam]
1132 1357 1322 1388 Poeticani.
1363 1355 1560 1393 Tenuifron-

856 1413 917 1441 tem
946 1409 1104 1448 redimire,
1132 1407 1202 1448 fisa]
1240 1406 1456 1446 Hederacca,
1485 1416 1560 1446 qnae

856 1459 1119 1500 elegiographiis
1134 1463 1168 1489 et
1181 1457 1485 1498 epigrammatariis
1501 1457 1559 1488 da-

857 1515 923 1547 tur,
952 1519 1029 1541 cum
1060 1513 1179 1550 posset
1208 1508 1363 1539 heroicus
1396 1517 1560 1549 quernam

855 1561 990 1591 mereri.

899 1614 919 1641 6
943 1611 1051 1642 Famae
1066 1621 1121 1642 nec
1136 1610 1202 1642 vela
1212 1609 1302 1649 dure]
1327 1609 1406 1640 Non
1422 1608 1561 1649 collige-

855 1670 891 1692 re
915 1671 1061 1701 omnem,
1076 1671 1176 1702 quam
1205 1660 1326 1701 possit,
1342 1659 1483 1691 nominis
1507 1668 1562 1690 ce-

853 1711 1059 1743 lebritatem.

896 1765 915 1792 7
940 1762 1000 1793 Sed
1032 1765 1135 1792 tumen
1161 1761 1251 1799 huuc,
1272 1759 1338 1799 ⁸50]
1373 1760 1423 1791 Ut
1447 1769 1562 1800 supra,

852 1823 940 1844 vers.
960 1816 989 1843 1.

895 1866 1003 1896 Eme.
1024 1872 1124 1894 Lxxr.
1150 1861 1393 1893 Postumianus
1419 1864 1562 1901 quotan-

850 1915 902 1946 nis
924 1914 964 1946 ad
991 1913 1183 1945 Saturnalia
1210 1911 1355 1943 Poetam
1380 1910 1477 1942 donis
1504 1920 1560 1942 co-

850 1968 936 2005 luit3
961 1967 1008 1997 sic
1039 1972 1088 2005 ut,
1119 1975 1185 2006 quo
1225 1964 1329 2004 magis
1358 1966 1559 1995 crescerent

851 2017 941 2057 anni,
957 2027 997 2048 eo
1009 2017 1118 2047 minus
1135 2015 1301 2053 donaret;
1322 2014 1461 2055 jamque
1479 2018 1558 2053 post

850 2068 1019 2100 decimum
1038 2076 1160 2097 annum
1185 2065 1270 2096 adeo
1294 2065 1464 2095 minuerat
1486 2073 1558 2093 mu-

850 2131 943 2152 nera.
977 2121 1099 2151 Monet
1116 2127 1195 2158 ergo
1209 2118 1298 2148 hunc
1321 2115 1505 2153 Martialis,
1519 2120 1558 2145 ut

848 2171 989 2212 incipiat
1006 2180 1024 2201 a
1040 2169 1150 2210 primo
1168 2177 1280 2199 rursus
1296 2176 1396 2205 anno,
1410 2175 1556 2196 rursum-

851 2234 914 2265 que
946 2223 1060 2253 mittat
1092 2226 1239 2262 quatuor
1276 2218 1409 2258 argenti
1438 2217 1558 2256 libras,

850 2281 952 2316 atque
970 2275 1018 2305 ita
1035 2273 1195 2312 deinceps
1214 2275 1345 2311 pergat.
1392 2269 1473 2299 Rau.

896 2328 910 2356 1
939 2325 1087 2364 Tempore
1100 2320 1231 2360 brumoe]
1253 2318 1503 2357 Saturnalibus,
1521 2319 1554 2348 in

850 2385 967 2406 mense
986 2372 1183 2405 Decembri.

893 2430 912 2457 3
940 2427 1021 2457 Nam
1039 2427 1135 2463 stare,
1153 2421 1223 2462 fisa]
1251 2422 1260 2439 ‘
1280 2420 1455 2452 Beneficia
1479 2420 1556 2451 sub-

852 2477 957 2507 vertis
982 2473 1183 2514 antiquiora,
1199 2471 1263 2502 nisi
1286 2471 1344 2502 illa
1360 2471 1557 2511 posteriori-

852 2527 915 2557 bus
934 2525 1084 2556 cumules
1101 2523 1121 2553 :'
1144 2522 1255 2562 Epist.
1277 2523 1309 2552 4.
1327 2520 1385 2551 lib.
1401 2522 1432 2552 3.
1447 2524 1484 2550 et
1499 2521 1555 2551 Se-

850 2587 935 2608 neca
963 2579 994 2606 2.
1022 2575 1064 2604 de
1090 2571 1207 2604 Benef.
1240 2581 1315 2611 cap.
1331 2570 1406 2601 ll.‘
1424 2570 1552 2601 Parum

850 2632 903 2659 est
920 2626 1053 2657 dedisse
1070 2635 1078 2664 ;
1101 2623 1246 2655 fovenda
1260 2626 1338 2653 sunt
1364 2620 1554 2661 beneficia‚’

849 2680 915 2708 Sec.

892 2729 911 2756 G
937 2725 1031 2756 Libra
1050 2724 1117 2762 suit
1150 2723 1255 2763 quinio
1278 2721 1461 2762 Septiciana
1483 2721 1553 2761 qui-

858 2776 943 2815 rlvm]
968 2776 1007 2807 ld
1027 2780 1089 2814 cst,
1106 2774 1191 2805 libra
1203 2772 1334 2813 argenti
1351 2771 1554 2813 Septiciani,
