1866 3131
392 134 440 163 M.
474 133 584 164 VM..

155 230 173 260 4
200 228 269 259 Hoc
280 229 350 268 crit,
364 228 433 269 4513]
458 228 587 260 Eodem
608 226 817 257 monimento

113 279 346 310 condebantur
362 290 380 310 e
396 289 488 311 more
502 278 662 318 sanguine
679 276 816 317 propiu-

112 331 182 370 qui,
199 330 373 370 conjuges,
389 330 500 368 amici,
517 331 580 360 &c-

153 386 171 412 5
196 381 234 412 Si
248 383 344 422 cupit,
365 382 433 422 &cd
458 382 509 413 Ne
523 382 692 412 alienetur
705 380 759 410 hic
776 389 811 410 a·

111 433 233 473 gellus,
260 433 305 465 H.
327 434 428 464 Ex'r.
448 433 492 464 N.
520 432 553 462 S.
580 432 602 462 i.
616 430 810 461 e.haeredes

110 486 270 514 externos
297 493 339 514 ne
361 488 532 524 sequatur.
576 482 700 512 Factus
721 482 810 512 enim

110 537 163 563 est
180 533 368 573 religiosus,
384 538 418 564 et
434 532 511 563 ideo
527 535 627 564 extra
641 531 809 562 hominum

111 585 361 615 commercium.

153 638 173 665 6
197 635 362 675 Perpetuo,
376 635 445 675 estu]
461 633 501 664 In
518 637 681 664 :eternum
699 643 811 665 sacra·

110 684 200 716 bitur
214 685 247 715 in
265 695 357 715 usum
374 685 549 716 familiaris
567 684 749 724 sepulchri.

154 736 255 766 EPm.
273 744 407 766 cxvtlx.
438 738 455 766 1
477 735 635 774 Occurris,
649 734 720 775 Bra]
746 735 811 765 Lu-

111 795 234 825 percus
266 785 401 826 quidam
440 795 560 816 avarus
593 790 629 817 et
660 784 815 816 sordidus

109 836 248 866 subinde
270 837 464 868 Martialem
491 837 742 877 interrogabat,
757 835 813 867 An

110 888 214 918 vellet
230 888 319 919 mitti
337 888 379 918 ad
401 897 437 919 se
461 898 614 928 puerum,
630 887 684 919 cui
702 887 813 918 trade-

110 943 163 969 ret
193 938 342 969 libellum
374 938 652 979 Epigrammaton
683 942 812 977 mutuo,

110 996 210 1027 quem
226 988 354 1019 lectum
368 988 559 1019 remitteret
573 988 699 1020 statim.
745 989 811 1019 Ex-

109 1043 207 1070 cusat
233 1039 402 1070 Martialis
426 1040 561 1080 longum
593 1040 810 1070 intervallum

109 1099 128 1119 a
146 1090 290 1130 Luperci
308 1089 350 1120 ad
361 1099 455 1120 suam
469 1089 616 1130 domum,
632 1095 667 1121 et
681 1089 811 1121 indicat

110 1139 166 1170 ubi
181 1140 214 1170 hi
230 1140 336 1171 libelli
352 1140 420 1171 sint
435 1140 585 1171 venales.

151 1192 169 1220 3
196 1189 409 1230 Tradas‚e5‘c.]
434 1191 570 1221 Mutuo.

150 1243 170 1271 6
195 1240 314 1281 Pyrum
328 1239 447 1280 venire]
472 1240 541 1272 Alii
564 1241 737 1282 regionem
754 1251 809 1272 ur-

108 1291 159 1322 bis
181 1301 254 1322 esse
282 1292 410 1331 volunt,
436 1292 492 1322 alii
518 1292 650 1332 insigne
677 1292 811 1332 aedium,

108 1342 164 1373 alii
177 1343 244 1383 leg.
261 1344 301 1373 ad
312 1343 419 1383 pilam,
436 1347 472 1374 ut
485 1353 539 1384 ep.
555 1346 608 1374 23.
625 1345 645 1375 l.
660 1347 690 1375 5.

150 1396 169 1423 7
194 1392 306 1432 Saulis,
322 1393 391 1433 ἔξω]
414 1393 456 1424 In
478 1394 652 1424 coenaculo
677 1392 750 1425 fere
765 1394 813 1424 ul-

108 1444 203 1481 timo,
219 1444 271 1474 vel
290 1445 394 1475 tertio
412 1444 565 1475 tabulato
585 1444 645 1474 sub
662 1444 786 1485 tegulis
803 1455 810 1476 :

109 1499 262 1534 utsupra
280 1504 334 1535 ep.
355 1497 428 1526 109.
444 1504 533 1525 vers.
547 1497 579 1526 2.

152 1547 172 1574 0
195 1543 279 1583 Argi
304 1555 420 1585 nempe,
447 1545 516 1585 δῖα]
547 1546 688 1585 Tmesis,
710 1545 811 1587 Argi-

108 1596 224 1626 letum.
240 1605 343 1635 supra
359 1606 412 1635 ep.
425 1600 457 1626 4.
475 1605 560 1626 verS.
577 1598 607 1626 1.
623 1595 664 1626 ab
681 1596 813 1635 argilla,

111 1646 163 1676 vel
193 1644 277 1684 Argi
301 1646 403 1681 letlm,
432 1646 489 1687 qui
514 1645 561 1676 ibi
585 1646 628 1677 ab
650 1645 810 1677 Euandro

110 1705 216 1726 caesus
233 1694 355 1726 fertur.

153 1748 192 1776 10
217 1746 334 1776 Contra
357 1745 586 1787 Coesaris,85·c.]
618 1747 647 1778 E
673 1747 810 1788 regione

110 1795 174 1827 fori
190 1797 272 1828 Julii
287 1801 337 1827 est
354 1797 497 1828 taberna
513 1797 721 1838 bibliopolae.

154 1850 191 1878 ll
218 1847 510 1887 Scriptispostibus]
534 1848 809 1887 Postes,eoiu1n-

110 1908 173 1936 nae,
190 1898 267 1939 pilae
284 1897 542 1938 bibliopolarum
566 1897 733 1938 inscripta
753 1907 809 1938 ge·

620 132 812 163 MARTIA
824 131 896 160 {AS

932 131 1090 162 amen.
1126 132 1218 163 Lm.
1254 132 1303 161 11.
1461 122 1572 164 11:35

871 224 996 255 rebant
1013 226 1147 257 nomina
1164 226 1324 257 librorum
1343 225 1523 257 venalium.

915 280 954 307 13
980 279 1030 309 Ne
1045 288 1134 317 roges
1149 278 1328 319 Atrectum]
1352 278 1406 309 Ne
1431 277 1476 308 sit
1491 287 1575 318 opus

868 337 1022 368 quaerere
1038 329 1112 368 quis
1141 338 1230 359 meos
1256 329 1358 359 libros
1375 328 1502 359 habeat
1517 338 1574 360 ve·

870 378 979 418 nales,
998 377 1161 409 Atrectus
1182 383 1321 410 vocatur
1339 378 1535 418 bibliopola.

909 432 948 460 15
974 429 1023 459 De
1046 428 1162 469 primo]
1211 429 1264 460 De
1295 439 1423 459 summo
1453 428 1576 467 forulo,

864 488 982 518 capsa,
998 487 1057 509 sen
1069 477 1226 508 armario.
1271 478 1310 508 In
1324 479 1440 519 primis
1457 483 1572 509 autem

864 530 917 560 vel
933 529 1069 560 summis
1096 528 1183 559 nidis
1209 529 1327 568 optimi
1344 528 1574 560 recondeban-

865 585 920 611 tur
950 580 1049 611 libri:
1085 579 1119 609 in
1147 578 1220 609 imis
1251 588 1311 609 seu
1337 579 1476 619 ultimis,
1496 579 1573 610 libri

865 640 978 671 parvae
996 629 1245 661 aestimationis.

910 684 949 712 16
973 681 1090 711 Rasum
1116 679 1254 720 pumice]
1305 680 1354 710 Ut
1386 680 1573 720 poliverint

867 732 998 764 frontes
1015 733 1191 770 librorum,
1216 733 1454 774 voluminaque
1476 743 1574 764 orna-

867 785 935 816 rint
947 794 1095 825 purpura
1107 789 1143 816 et
1153 784 1333 823 umbilicis,
1346 793 1450 824 supra
1462 785 1573 825 epigr.

865 839 917 867 67.
935 846 1024 868 vers.
1045 840 1097 867 12.

910 889 949 917 17
974 886 1138 927 Denariis,
1160 886 1229 926 Sym]
1268 885 1401 919 Quibus
1431 885 1505 916 fere
1527 895 1572 916 ae-

865 937 1044 978 quivalent
1068 940 1122 968 40.
1149 946 1168 967 e
1195 937 1331 968 nostris.
1375 936 1445 967 Sed
1469 935 1572 966 dena-

866 988 935 1018 rius
961 992 1036 1019 erat
1063 987 1210 1028 duplex;
1234 993 1345 1027 vetus,
1361 987 1419 1028 qui
1435 990 1467 1017 8.
1493 986 1572 1018 den.

866 1039 920 1071 ob.
936 1048 988 1078 c.;
1012 1048 1129 1079 novus,
1145 1038 1201 1079 qui
1217 1041 1247 1069 7.
1264 1038 1343 1069 den.
1359 1038 1414 1069 ob.

907 1093 948 1121 18
970 1090 1065 1131 Sapis
1077 1090 1228 1131 Luper-ce]
1250 1089 1386 1121 Ironice
1399 1088 1572 1120 collaudat

863 1140 1005 1171 hominis
1026 1141 1157 1177 sordes,
1182 1140 1237 1171 cui
1261 1150 1322 1181 pro
1346 1140 1402 1171 vili
1426 1139 1573 1170 liabetur

865 1190 1036 1231 ingenium
1053 1195 1089 1222 et
1105 1191 1200 1222 labor
1216 1191 1347 1221 Poetae.

908 1240 1126 1272 Emacmx.
1153 1244 1166 1271 1
1183 1240 1244 1271 Cui
1257 1241 1378 1280 legisse,
1388 1240 1458 1281 ἐξα]
1482 1240 1569 1272 Cou-

867 1291 974 1322 cludit
997 1291 1132 1331 librum,
1156 1295 1192 1322 et
1207 1291 1305 1321 simul
1331 1295 1474 1321 excusat
1499 1291 1571 1330 ejus

867 1342 1116 1382 longitudinem
1132 1341 1295 1382 ironicas,
1311 1341 1405 1382 quasi
1420 1341 1571 1381 postula-

867 1397 921 1423 ret
948 1392 1070 1433 aliquis
1097 1392 1140 1423 ab
1165 1401 1205 1423 eo
1232 1397 1270 1423 ut
1299 1392 1398 1432 plura
1425 1391 1570 1422 adderet

867 1443 1129 1484 epigrammata3
1146 1443 1230 1474 dicit
1243 1443 1324 1474 satis
1336 1453 1408 1473 esse
1421 1447 1570 1474 centum.

868 1493 1025 1525 Ranzz‘res.
1081 1493 1205 1534 Itaque
1222 1503 1284 1534 per
1297 1493 1497 1524 modestiam
1515 1502 1572 1523 ex-

867 1549 987 1576 tenuat
1024 1554 1085 1575 sua
1114 1545 1371 1585 epigrammata,
1408 1548 1568 1584 tanquam

865 1595 953 1624 mala
967 1594 1047 1634 sint,
1062 1595 1229 1635 simulque
1246 1598 1389 1625 excusat
1406 1593 1481 1624 libri
1498 1593 1568 1624 lon-

865 1645 1077 1685 gitudinem:
1103 1655 1144 1676 ex
1172 1649 1286 1675 mente
1315 1644 1514 1675 Callimachi
1535 1653 1569 1674 a·

864 1695 931 1735 pud
948 1694 1150 1725 Athenaeum
1174 1695 1196 1725 l.
1225 1696 1256 1725 3.
1282 1703 1357 1734 cap.
1381 1697 1409 1725 l.
1432 1693 1469 1723 τὸ
1488 1692 1569 1732 μέγα

862 1745 985 1781 βιβλίον
999 1743 1065 1775 ἶσον
1073 1746 1118 1784 τῷ
1128 1744 1254 1784 μεγάλῳ
1265 1745 1349 1783 κακῷ
1360 1755 1368 1775 :
1393 1753 1568 1775 numerum

863 1801 977 1827 autem
993 1795 1184 1837 perfectum
1204 1796 1299 1836 ponit
1318 1798 1391 1827 100.
1408 1805 1484 1827 cum
1500 1795 1569 1826 sint

864 1849 937 1878 119.

384 2212 997 2261 EPIGRAMMATUM
1039 2211 1182 2259 LIB.
1214 2212 1289 2259 Π.

155 2353 239 2388 Quid
267 2352 365 2391 nobis,
388 2353 455 2393 δῖα]
486 2352 612 2384 Jocosa
624 2356 659 2383 et
674 2351 811 2382 urbani-

109 2408 180 2434 tate
209 2403 308 2443 plena
330 2403 403 2434 haec
426 2403 569 2443 epistola
593 2406 658 2442 est,
681 2402 810 2442 scripta

109 2454 152 2484 ad
169 2453 371 2492 Decianum,
400 2453 510 2493 poctae
534 2451 748 2492 familiarem,
773 2456 809 2483 et

109 2504 194 2534 libro
208 2503 381 2543 superiore
391 2502 512 2542 saepius
528 2502 719 2533 laudatum:
743 2510 809 2542 qna

110 2554 200 2594 quasi
216 2553 390 2583 mirantem
403 2551 486 2583 facit
500 2551 808 2592 poetaDeciauum,

109 2614 168 2635 cur
183 2604 359 2643 epistolam
375 2602 626 2643 epigrammatis
639 2603 711 2643 ipse
728 2602 809 2640 suis,

111 2665 184 2685 cum
212 2655 283 2694 ipsa
310 2654 554 2693 epigrammata
580 2662 641 2693 pro
660 2662 694 2683 se
719 2652 808 2692 loqui

112 2705 252 2745 possint,
268 2710 301 2736 ct
314 2704 468 2745 epistolae
480 2705 587 2736 vicem
603 2703 710 2744 fungi,
722 2712 808 2744 prae-

864 2350 1004 2381 scribat.
1052 2349 1163 2381 Poeta
1187 2350 1282 2381 velut
1307 2349 1483 2379 immemor
1505 2348 1568 2388 sui,

864 2401 1037 2432 admonitu
1068 2400 1225 2439 Deciani,
1246 2399 1417 2439 abrumpit
1440 2398 1565 2439 episto-

864 2452 941 2490 lam,
955 2451 1085 2490 longius
1111 2449 1250 2490 alioqui,
1266 2454 1303 2479 ut
1323 2449 1474 2489 jocatur,
1488 2459 1566 2489 pro-

863 2511 1050 2542 gressurus.
1075 2500 1193 2530 Rader.
1238 2498 1323 2530 Haec
1336 2499 1565 2540 omniausque

863 2551 904 2583 ad
927 2549 1156 2581 ‘reclamant'
1185 2559 1226 2580 ex
1251 2559 1393 2590 persona
1409 2549 1564 2588 Deciani,

863 2611 961 2642 quem
981 2600 1061 2631 facit
1079 2600 1189 2631 Poeta
1210 2601 1385 2631 mirantem
1401 2606 1435 2630 et
1449 2610 1563 2640 repre-

863 2651 1064 2682 hendentem
1084 2650 1172 2691 quod
1190 2651 1368 2690 epistolam
1387 2651 1562 2691 Epigram⁴

864 2702 963 2733 matis
980 2703 1044 2732 suis
1059 2700 1228 2742 praefigat.
