1866 3131
253 178 365 219 1328
719 184 859 214 No‘rAE

253 291 376 314 nomen
405 288 593 321 gemmeum
630 279 768 319 gemmis
803 279 954 310 scriben-

257 333 348 371 dum,
366 332 538 371 Epigram.
552 332 603 360 38.
623 330 679 360 lib.
695 333 726 360 5.
744 339 832 360 vers.
849 332 880 360 4.

297 387 318 415 6
333 381 551 421 Gemma,.¹}50.]
567 381 761 419 Succinum,
777 381 955 412 electrum.

254 434 344 465 Vide
362 433 617 473 Epigrammate
638 434 690 463 25.
708 432 792 462 libro
817 434 847 462 4.
866 440 956 461 vers.

254 488 286 516 2.
308 489 344 515 et
360 484 614 524 Epigrammate
629 485 684 513 33.
712 482 799 513 libro
824 486 855 512 5.
869 491 956 512 vers.

258 538 311 567 11.

296 588 317 617 7
342 585 452 616 Penna
463 584 625 624 scribente,
641 585 706 625 εμπ]
729 583 882 614 Volando
899 592 958 613 ex-

255 637 445 677 primentes
473 635 604 666 literam
633 635 675 673 Y,
701 635 755 664 cui
772 633 959 674 respondet

257 687 382 719 Latina
406 687 450 725 V,
480 696 555 728 quae
587 686 597 702 ⁴
616 685 721 716 veris'
754 685 861 725 prima
892 689 958 715 est.

256 738 326 770 Alii
342 738 474 778 legunt,
487 738 638 768 stridente
659 745 777 776 pennu:
801 734 894 776 quasi
911 733 960 764 di-

256 794 325 830 cat,
340 789 488 820 adventu
500 797 558 818 suo
573 788 662 818 veris
677 786 858 816 adventum
876 793 958 814 nun-

257 842 361 871 cient.
407 838 476 868 Alii
500 837 541 868 ad
566 838 696 868 literam
725 841 764 875 A,
791 845 888 876 quam
920 843 962 864 ex

257 891 376 922 volatu
391 890 527 920 illarum
549 888 660 918 avium
682 887 896 918 observatam
914 885 962 915 in-

260 941 395 972 venisse
413 940 540 970 dicitur
555 938 769 978 Palamedes,
783 936 947 969 referunt.

303 994 322 1022 S
345 989 461 1030 Domo]
487 989 527 1020 In
546 999 611 1030 qua
635 998 778 1020 vernare
800 988 911 1020 omnia
927 991 963 1018 et

258 1043 382 1075 florere
395 1043 508 1074 decet.

304 1095 411 1125 EPJG.
428 1101 486 1124 xv.
511 1092 725 1133 Coenipetam
740 1091 787 1122 ait
800 1100 872 1122 esse
885 1088 964 1129 πάμ-

262 1150 365 1185 φιλον,
389 1144 424 1174 id
450 1148 515 1182 est,
541 1143 687 1175 omnium
706 1146 966 1180 assentatorem,

263 1202 300 1228 et
316 1196 401 1226 nulli
418 1204 498 1225 vere
515 1200 551 1225 et
567 1199 682 1224 sancte
697 1194 854 1223 amicum.
882 1192 890 1208 ‘
904 1191 966 1222 Er-

263 1246 344 1284 rat‚’
360 1245 468 1286 inquit
498 1245 643 1282 Seneca,
666 1244 674 1260 ‘
689 1243 745 1284 qui
762 1243 907 1272 amicum
931 1242 966 1271 in

264 1298 350 1328 atrio
367 1297 501 1338 quaerit,
517 1296 548 1326 in
563 1295 716 1326 convivio
734 1292 881 1334 probat.’

308 1352 324 1379 1
352 1349 449 1384 Quem
478 1346 576 1386 coena]
625 1346 756 1376 Horum
785 1345 969 1375 amicorum

266 1399 335 1430 duo
363 1405 442 1429 sunt
480 1407 616 1438 genera,
648 1406 790 1437 quorum
822 1396 905 1426 alios
935 1394 971 1424 τὸ

266 1451 377 1488 σχῆμα
393 1450 605 1480 honestiores
622 1447 772 1477 amicitia
785 1447 904 1486 dignos
916 1446 971 1486 ju-

267 1501 441 1538 dicamus3
465 1508 540 1529 cum
567 1506 681 1527 tamen
706 1497 824 1526 nidore
850 1497 970 1527 culinae

268 1552 396 1592 potius,
414 1559 511 1590 quam
531 1548 688 1579 amicitiae
711 1548 889 1577 honestate
914 1553 973 1576 aut

267 1602 446 1641 voluptate
471 1599 652 1636 ducamur,
667 1597 734 1638 περὶ
750 1596 898 1636 τάγηνον,
923 1596 974 1628 καὶ

268 1651 336 1690 μετ’
350 1651 475 1691 ἄριστον
490 1649 586 1689 φίλοι,
605 1655 642 1679 ut
659 1649 794 1679 dicebat
813 1649 973 1688 Eupolis:

270 1703 365 1734 Alios
390 1703 498 1732 minus
526 1701 737 1741 periculosos
765 1705 800 1730 et
825 1705 975 1739 apertos,

270 1753 447 1785 Parasitos
464 1761 709 1791 nuncupamus.
734 1750 867 1781 Herald.

315 1807 334 1835 2
354 1804 432 1834 Esse
441 1807 535 1843 putas
549 1802 643 1843 fidoe]
661 1803 785 1841 Magna
800 1811 880 1832 vero
895 1800 975 1832 ami-

272 1854 366 1891 citia,
382 1859 417 1883 et
435 1852 640 1892 prodigiosa,
658 1852 684 1881 si
699 1852 797 1882 amici
811 1851 976 1891 ejusmodi

272 1904 364 1943 φίλου
380 1903 468 1933 σκιὰν
484 1902 720 1933 tantummodo
737 1902 875 1932 liabent.

315 1956 422 1985 ΕΡιο.
451 1962 529 1984 ΧΠ.
558 1956 573 1983 1
603 1952 782 1992 Celebrata]
807 1950 977 1991 iutelligit

272 2004 435 2035 famosum
451 2008 487 2034 et
503 2002 615 2033 nobile
633 2008 793 2032 scortum.

316 2058 335 2085 2
360 2054 523 2092 Sefecisse
542 2052 650 2092 Clzlo'e‘]
677 2051 855 2091 Inscripsit
868 2055 977 2081 tumu-

274 2106 307 2136 lo
325 2113 447 2136 ennon
458 2112 582 2141 Pecu,
596 2102 728 2133 scilicet
745 2102 909 2132 tumulum
923 2101 977 2132 vel

274 2160 531 2187 monumentum
557 2158 687 2193 septem
704 2152 847 2183 maritis.
895 2151 979 2186 Quid

273 2211 346 2248 pote
374 2205 556 2246 simplicius]
593 2205 737 2235 Fatetur
768 2213 804 2234 se
836 2202 977 2234 fecisse:

278 2258 415 2289 intimat
431 2256 554 2295 Poeta,
575 2254 713 2286 insidias
730 2253 905 2291 struxisse,
922 2258 980 2284 aut

278 2308 346 2339 vim
365 2308 442 2338 vitae
459 2306 655 2337 maritorum
668 2314 802 2336 suorum
816 2304 979 2335 intulisse.

279 2357 466 2390 Trifariam
484 2358 601 2398 itaque
617 2355 727 2396 accipi
746 2359 861 2396 potest
878 2353 981 2384 ambi-

281 2410 394 2450 guitas
411 2409 510 2449 hujus
526 2407 645 2438 verbi:
672 2409 679 2423 ‘
694 2406 738 2437 Se
756 2404 905 2444 fecisse‚'
919 2405 981 2436 hoc

282 2464 347 2499 est,
359 2469 396 2490 se
414 2459 575 2490 tumulum
592 2458 743 2498 posuisse
759 2467 767 2488 :
793 2457 847 2488 vel
861 2456 870 2472 ‘
882 2465 917 2487 se
933 2455 982 2486 fe-

283 2509 397 2549 cisse‚'
415 2519 451 2540 se
476 2518 616 2540 necasse
645 2512 777 2547 septem
794 2507 905 2538 viros:
931 2506 984 2538 vel

285 2562 434 2603 deniqne
461 2559 584 2591 referri
610 2564 726 2600 potest
741 2559 783 2589 ad
809 2568 862 2589 res
876 2559 985 2589 Vene-

285 2621 376 2650 reas,
392 2615 427 2642 et
442 2610 581 2652 pulchre
597 2610 778 2641 conveniet
799 2608 902 2641 Chloe
918 2617 986 2639 me-

287 2662 418 2693 retrici.
444 2661 568 2700 Rigalt.

333 2714 439 2745 Epis.
464 2721 557 2743 11111,
584 2712 720 2743 Comam
750 2720 842 2741 suam
869 2710 987 2742 deton-

290 2772 375 2802 sam,
403 2764 545 2794 Earinus
580 2763 769 2795 Domitiani
796 2762 988 2800 Eunuchus,

894 182 1157 213 VARIORUM
1191 182 1241 212 IN

1005 278 1104 319 paulo
1123 283 1202 309 ante
1226 287 1325 319 quam
1342 277 1396 308 lex
1413 280 1560 316 vetaret,
1575 279 1701 315 sectus,

1005 329 1095 359 misit
1118 338 1194 359 cum
1211 329 1349 368 speculo
1365 328 1569 369 Pergamum
1586 327 1702 358 AEscu-

1004 380 1109 420 lapio,
1138 379 1212 410 Deo
1238 379 1364 419 patrio,
1390 389 1467 409 nam
1498 384 1534 410 et
1559 378 1703 409 Earinus

1007 435 1080 461 erat
1095 430 1336 470 Pergamenus-
1383 430 1482 460 Hanc
1503 438 1632 460 comam
1649 437 1707 459 ve-

1007 486 1107 512 nusto
1126 481 1284 512 Carmine
1302 480 1478 522 Papinius,
1493 484 1529 511 et
1543 479 1597 510 hic
1614 479 1707 510 Mar-

1007 532 1096 563 tialis
1114 531 1337 562 immortalem
1355 531 1514 562 reddunt.
1540 531 1620 561 Rad.

1053 584 1069 612 1
1098 582 1269 613 Consilium
1275 583 1391 619 sormoe
1413 578 1585 622 speculum]
1607 579 1709 613 Quod

1008 633 1184 664 consulere
1199 632 1333 664 solebat
1350 632 1393 663 de
1409 631 1517 663 forma
1532 641 1602 663 sua.
1647 631 1712 662 Eo-

1010 683 1087 714 dem
1101 684 1183 723 ritu,
1200 694 1265 725 quo
1282 684 1431 724 virgines
1444 693 1551 724 pupas
1565 682 1710 720 Veneri3

1009 734 1134 765 milites
1163 735 1310 773 emeriti,
1337 744 1431 765 arma
1448 733 1593 766 Herculi
1609 733 1711 763 dona-

1010 785 1104 817 bant.
1160 786 1362 818 Tertullian.
1394 787 1452 817 lib.
1481 785 1526 816 de
1548 783 1711 815 Velandis

1010 835 1181 876 Virginib.
1198 847 1275 877 cap.
1293 840 1343 868 12.
1366 837 1464 869 ‘Jam
1481 840 1516 867 et
1539 834 1714 866 consilium

1011 884 1130 917 formae
1161 897 1181 917 a
1208 888 1347 927 speculo
1372 891 1507 927 petunt,
1530 893 1567 917 et
1591 885 1714 916 faciem

1012 937 1246 977 morosiorem,
1263 948 1283 968 a
1298 938 1435 969 lavacro
1451 941 1634 976 macerant,
1648 934 1715 967 for-

1013 989 1102 1019 sitan
1128 993 1165 1019 et
1186 989 1298 1030 aliquo
1320 997 1395 1020 eam
1420 988 1643 1020 medicamine
1667 988 1720 1019 in-

1015 1038 1211 1080 terpolant!
1245 1039 1379 1069 Herald.
1422 1039 1593 1079 Dulcesque
1619 1039 1716 1079 capil-

1014 1090 1074 1130 los]
1097 1089 1185 1121 vide
1202 1090 1341 1131 Papinii
1357 1090 1450 1129 Sylv.
1466 1090 1487 1121 l.
1504 1092 1535 1121 3.
1551 1089 1594 1120 de
1610 1090 1717 1120 Coma

1017 1142 1147 1180 Earini,
1164 1148 1199 1172 et
1213 1140 1454 1172 Praefationem
1472 1139 1625 1181 ejusdem
1643 1139 1719 1171 libri

1018 1193 1059 1224 ad
1074 1193 1279 1224 Pollionem.

1060 1247 1080 1274 2
1104 1244 1291 1282 Pergameo,
1319 1243 1388 1284 Syru]
1433 1242 1639 1283 AEsculapio‚
1664 1241 1719 1273 cui

1019 1293 1132 1324 nobile
1163 1292 1279 1323 fanum
1316 1294 1488 1333 Pergami,
1520 1294 1632 1333 patrio
1659 1303 1719 1324 suo

1019 1343 1106 1374 Deo.
1150 1343 1240 1374 Vide
1257 1344 1432 1384 Epigram.
1446 1346 1498 1374 32.
1511 1343 1571 1373 lib.
1589 1347 1618 1374 1.
1632 1353 1721 1375 vers.

1022 1398 1049 1425 1.
1072 1394 1270 1434 Pergamus,
1294 1401 1347 1425 est
1374 1394 1562 1424 Ptolomaeo
1579 1394 1718 1425 Troadis

1021 1444 1102 1475 urbs
1128 1445 1161 1475 in
1187 1444 1270 1475 Asia
1293 1444 1435 1484 minore,
1459 1444 1580 1475 Galeui
1596 1445 1721 1485 patria,

1022 1500 1055 1526 et
1071 1495 1275 1533 chartarum,
1290 1504 1365 1536 qnae
1380 1504 1594 1535 pergamenae
1606 1495 1723 1526 dicun-

1022 1551 1090 1584 tur,
1108 1546 1293 1576 inventrix.
1340 1545 1379 1575 111
1397 1546 1458 1576 liae
1475 1546 1591 1576 nobile
1608 1545 1721 1576 fanum

1024 1597 1208 1636 AEsculapii
1224 1596 1411 1635 visebatur,
1429 1596 1486 1637 qui
1501 1596 1579 1627 inde
1595 1596 1723 1636 Perga-

1024 1657 1118 1678 meus
1133 1653 1186 1678 est
1203 1647 1327 1677 dictus.
1354 1647 1508 1677 Raderus.

1068 1701 1086 1728 3
1113 1699 1170 1728 [lle
1194 1707 1284 1737 puer,
1303 1698 1370 1738 Cym]
1407 1697 1562 1737 Earinus,
1588 1697 1631 1728 de
1655 1707 1722 1738 quo

1025 1748 1296 1790 praecedentibus
1313 1748 1520 1788 Epigramm.

1068 1801 1087 1830 4
1111 1798 1227 1838 Signat
1263 1798 1414 1838 tempora]
1461 1799 1604 1830 Earinus
1635 1799 1724 1829 enim

1025 1854 1034 1868 ‘
1048 1860 1188 1881 vernum
1200 1849 1208 1861 ⁷
1224 1849 1407 1889 significat.

1069 1904 1086 1931 5
1114 1901 1219 1937 Felix,
1233 1910 1300 1939 quae
1312 1901 1381 1939 tali,
1391 1900 1457 1940 esa]
1479 1899 1651 1940 Pergama
1664 1899 1726 1930 tel-

1027 1951 1077 1981 lus
1095 1950 1194 1981 beata
1212 1955 1306 1980 tanto
1321 1959 1474 1981 munere.

1070 2002 1174 2032 Eme.
1203 2009 1310 2031 xvn1.
1355 2001 1466 2040 Rogat
1499 2000 1724 2041 Pergameum

1027 2051 1153 2089 Deum,
1168 2050 1218 2081 uti
1234 2050 1394 2080 Earinum
1410 2055 1542 2080 tonsum
1568 2055 1638 2081 tam
1656 2051 1724 2082 for-

1027 2110 1152 2132 mosum
1173 2105 1299 2139 servet,
1316 2109 1415 2141 quam
1433 2099 1544 2131 fuerat
1559 2101 1724 2132 intonsus.

1071 2156 1088 2184 1
1112 2153 1240 2183 Latonoe
1256 2154 1423 2183 venerande
1434 2153 1540 2193 nepos]
1555 2153 1728 2194 AEsculapi

1026 2203 1075 2235 fili
1092 2203 1269 2243 Apollinis,
1280 2203 1334 2235 cui
1347 2210 1454 2235 mater
1465 2205 1609 2243 Latona,
1622 2204 1727 2236 medi-

1029 2256 1115 2287 cinae
1141 2257 1311 2288 inventor.
1369 2257 1432 2292 Qui
1458 2257 1587 2287 mitibus
1611 2256 1727 2296 herbis]

1029 2308 1177 2348 Propter
1193 2307 1423 2348 Hippolytum
1453 2307 1532 2339 vitae
1549 2307 1591 2338 ab
1613 2307 1726 2338 AEscu-

1031 2357 1120 2397 lapio
1138 2359 1346 2390 restitutum.

1073 2411 1092 2439 2
1118 2409 1292 2440 Parcarum
1302 2409 1411 2450 pensa]
1429 2410 1549 2440 Parcae
1563 2409 1727 2450 praesides

1031 2458 1184 2489 humanae
1201 2459 1294 2497 vitae‚
1309 2459 1474 2500 cujusque
1487 2469 1594 2490 aevnm
1608 2465 1643 2489 et
1659 2457 1729 2489 fata

1034 2509 1255 2540 moderantur
1285 2510 1439 2548 stamine,
1468 2509 1555 2550 quod
1584 2508 1627 2539 de
1654 2509 1728 2539 colo

1034 2559 1236 2590 detrahunt:
1263 2560 1305 2590 ad
1322 2569 1418 2600 quam
1429 2559 1575 2590 fabulam
1590 2559 1731 2598 respicit

1036 2609 1156 2647 Poeta,
1168 2615 1204 2640 et
1217 2609 1361 2641 affirmat
1371 2610 1552 2650 AEsculapii
1565 2615 1637 2641 arte
1650 2618 1732 2650 pen-

1036 2670 1073 2691 sa
1091 2660 1205 2690 brevia
1219 2660 1325 2691 tendi.

1080 2714 1099 2741 4
1126 2710 1220 2750 Tuus]
1265 2710 1423 2750 Pergami
1454 2715 1565 2740 natus.
1613 2709 1729 2750 Epigr.

1040 2760 1252 2802 praecedenti
1269 2771 1312 2791 vs.
1329 2763 1359 2791 2.
1392 2761 1486 2791 Latia
1501 2760 1588 2800 urbe]
1613 2760 1728 2791 Roma.
