1866 3131
422 191 469 221 M.
506 192 614 220 VM..

652 191 925 221 MAR'riAms
964 193 1122 222 EPIGR.

1162 193 1250 222 mu.
1285 193 1314 221 1.
1469 183 1581 224 1093

431 330 1039 379 EPIGRAMMATUM
1070 332 1211 380 LIB.
1243 334 1289 381 Ι.

178 446 297 476 Epis-T.
332 454 379 475 Λῐ)
415 445 624 475 LecTonEM.
674 444 832 484 Quisquis,

131 498 199 537 θα]
216 497 377 537 Quisquis
388 495 450 526 sibi
466 495 551 526 bene
569 496 736 535 conscius,
751 495 832 525 nihil

133 547 174 577 ad
206 557 241 576 se
278 546 450 587 pertinere
482 545 733 586 suspicabitur;
757 556 832 587 quae

133 607 195 636 ego
209 597 270 626 sub
281 595 470 626 nominibus
484 595 572 626 fictis
586 596 810 636 reprehendo,

176 649 270 677 Saltu
289 646 479 688 infimarum]
527 647 610 677 Cum
639 647 761 677 nullius
784 646 832 677 fa·

131 708 232 736 mam,
251 706 313 727 nec
337 697 593 736 postremissimi
611 697 758 736 quidem,
777 708 833 728 no-

132 748 283 779 minatim
301 748 431 779 laedam.
467 748 587 788 Epigr.
610 750 663 778 33.
677 747 764 778 libro
785 751 833 779 lo.

131 809 219 830 vers.
236 802 268 830 9.

174 849 340 890 Antiquis]
395 849 537 887 Lucilio,
564 849 619 889 qui
640 848 833 887 Metellum,

131 902 276 941 Lupum,
305 900 454 931 Mutium
476 899 674 930 nominatim
701 900 830 930 secuit:

131 952 277 990 Catullo,
295 951 351 992 qui
369 951 576 981 Mamurram
591 961 599 981 :
633 950 833 981 Metrodoro

130 1001 290 1041 Scepti03
316 1001 484 1032 Ort-acilio
501 1006 536 1032 et
552 1001 638 1032 aliis.

179 1051 267 1082 Veris
302 1051 404 1091 abusi]
474 1051 643 1092 Propriis,
682 1060 745 1091 ego
775 1061 831 1081 au-

132 1107 199 1132 tem
216 1101 305 1132 fictis
323 1106 357 1132 et
374 1102 610 1142 supposititiis.

173 1152 318 1193 lllagnz's]
362 1153 575 1191 Magnatum.

178 1203 268 1241 Vilis,
298 1203 368 1243 Sym]
420 1202 530 1234 Quam
549 1207 588 1233 ut
615 1202 832 1234 innotescere

129 1253 244 1291 velim,
272 1252 462 1295 famamque
489 1253 651 1294 aucupari
682 1264 724 1285 ex
751 1254 832 1285 alio-

129 1314 203 1335 rum
227 1303 381 1345 infamia,
404 1304 493 1346 quod
509 1303 670 1336 feceruut
697 1309 832 1336 veteres

129 1356 188 1387 illi.

173 1406 344 1446 Probetnr]
407 1408 520 1438 Famae
553 1407 653 1438 alieni
686 1408 829 1438 nominis

128 1457 255 1498 ingenii
272 1459 335 1489 mei
363 1457 484 1488 famam
512 1463 698 1499 postpono.
744 1459 830 1490 Aliis

131 1518 249 1549 parco,
263 1509 344 1540 alios
358 1519 531 1549 revereor,
545 1510 628 1540 alios
644 1510 756 1548 laudo,
769 1510 828 1540 mi-

129 1559 254 1590 nimum
273 1560 380 1590 laudis
399 1569 514 1601 quaero
530 1569 572 1590 ex
586 1560 724 1600 ingenio
744 1570 831 1600 meo,

129 1610 222 1649 huic,
240 1610 267 1640 si
284 1620 350 1651 qua
366 1610 524 1648 debetur,
547 1611 694 1640 omnium
719 1610 829 1641 novis-

131 1660 214 1691 sime
231 1661 331 1691 detur
347 1661 443 1691 laus:
468 1660 523 1691 vel
540 1660 706 1700 probetur
721 1661 754 1691 in
776 1670 829 1691 me

129 1711 294 1751 simplicis
319 1710 524 1752 candidique
549 1710 675 1750 ingenii
705 1720 830 1741 novum

128 1763 193 1793 hoc
209 1767 450 1802 commentum,
475 1772 542 1803 quo
571 1761 653 1792 vitia
677 1771 831 1802 carpens,

128 1824 293 1855 personas
319 1819 463 1844 taceam.
488 1811 712 1851 Nouissimam]
752 1812 829 1850 Vel,

128 1865 220 1896 malo
247 1864 335 1895 enim
365 1864 513 1904 abjicere
536 1862 658 1894 famam
689 1862 829 1903 ingenii,

129 1926 230 1957 quam
243 1915 328 1946 male
342 1915 533 1954 ingeniosus
548 1913 654 1945 videri
669 1924 678 1952 ;
702 1914 756 1944 vel
767 1913 829 1944 sim

128 1970 319 2006 postremus
356 1965 622 2005 ingeniosorum,
655 1968 691 1995 et
718 1964 828 1995 malim

129 2025 197 2047 non
222 2022 375 2057 argutus,
399 2015 458 2047 sed
482 2015 586 2046 hebes
617 2020 652 2046 et
674 2015 828 2056 stupidus

128 2066 252 2106 videri,
280 2076 381 2108 quam
407 2076 483 2097 cum
515 2066 658 2097 aliorum
689 2064 830 2096 infamia

129 2124 250 2150 acutus
267 2119 333 2150 (lici
349 2122 385 2149 et
396 2123 537 2159 argutus
552 2117 679 2149 haberi.
721 2118 802 2148 Rad.

173 2170 319 2200 Jocorum
351 2168 469 2209 simph]
511 2169 673 2201 ,locorum
705 2169 830 2209 simpli-

130 2219 271 2251 citatem
299 2220 450 2261 appellat
465 2220 636 2251 Martialis
649 2220 829 2260 ingenuam

131 2270 297 2312 quandam
322 2277 356 2302 et
384 2272 597 2304 innocentem
623 2273 657 2304 in
683 2273 770 2313 jocis
795 2273 830 2303 li-

130 2321 312 2352 bertatem.
356 2322 510 2363 Simplici
547 2323 734 2364 opponitur
763 2332 831 2354 ma-

130 2372 252 2412 lignus.
299 2372 432 2403 Her-ald.

168 2423 330 2462 Malignus
350 2422 516 2463 interpres]
545 2422 670 2453 Omnia
689 2422 723 2454 in
736 2422 831 2464 pejo-

131 2483 202 2504 rem
221 2478 352 2514 partem
367 2478 517 2512 vertens,
536 2478 571 2504 et
587 2473 715 2504 autoris
739 2482 831 2504 men-

130 2528 201 2554 tem
218 2523 283 2553 alio
301 2523 491 2554 traducens.

175 2573 314 2612 Scribat,
356 2573 426 2614 ἃμ]
481 2573 581 2604 Nova
625 2574 831 2615 iuterpreta-

131 2624 224 2655 tione
240 2633 302 2654 sua
317 2622 442 2662 faciat3
459 2624 559 2655 aliter
575 2629 680 2666 atque
694 2635 755 2666 ego
774 2626 829 2667 qui

133 2675 254 2715 scripsi
270 2675 446 2714 intelligat.
470 2679 478 2691 ‘
491 2676 647 2706 Persium
662 2686 726 2707 non
748 2687 829 2707 curo

131 2725 259 2765 legere,
275 2725 427 2766 Laelium,
441 2726 630 2757 Decianum
649 2728 734 2759 volo.
765 2728 831 2758 Na-

133 2782 247 2809 sutum
264 2777 349 2817 volo,
365 2785 429 2809 non
444 2778 667 2819 polyposum.'
695 2779 829 2811 Nunnio

884 446 904 477 l.
922 449 953 476 9.
971 456 999 477 c.
1016 448 1046 477 4.
1061 446 1193 478 Accusat
1205 459 1216 479 .·
1240 458 1315 479 nam
1338 447 1467 489 ’γράφειν
1483 449 1583 481 Grae-

883 497 930 527 cis
947 497 1048 527 etiam
1073 503 1137 536 est,
1163 508 1315 538 accusare,
1331 501 1521 539 praesertim
1548 501 1582 531 in

885 547 1193 587 publicisjudiciis‚
1213 549 1414 581 Terentius:
1440 551 1448 566 ‘
1462 551 1581 582 Dicam

885 598 946 629 tibi
964 599 1108 629 scribam
1128 599 1316 639 grandem?

927 649 1193 689 Licerztianz‚25*c.]
1236 651 1459 681 Locutionem
1485 661 1583 692 aper-

884 704 965 737 tam,
1007 710 1083 741 quae
1120 701 1266 741 ligonem
1297 701 1418 741 ligonis
1449 703 1582 732 nomine

884 752 1050 790 designat.
1073 753 1162 783 Plin.
1182 755 1232 783 14.
1255 753 1357 793 epist.
1373 755 1404 783 4.
1422 752 1440 785 l.
1466 754 1474 769 ‘
1492 754 1583 784 nuda

885 802 1012 834 verba)
1025 814 1089 844 qua
1099 804 1288 844 liuguanon
1299 804 1581 844 magisabstinen-

883 853 966 884 (lum
983 855 1294 894 Epigrammatario
1316 866 1414 896 quam
1438 856 1583 895 medico,

884 905 936 934 hic
954 906 1043 935 enim
1060 915 1196 946 c01·puS‚
1213 906 1269 936 ille
1293 906 1441 937 animum
1462 915 1582 938 sanare

884 956 966 985 vult.
992 956 1099 986 morbi
1123 957 1236 996 itaque
1260 961 1294 987 et
1321 957 1406 987 vitia
1435 957 1582 997 propriis

884 1006 1074 1037 nominibus
1104 1007 1323 1047 designanda.
1393 1007 1583 1047 Veritatem]

882 1056 938 1086 Sic
967 1056 1137 1087 Gruterus
1164 1068 1182 1088 e
1206 1058 1289 1088 Mss-
1321 1067 1386 1089 non
1410 1058 1582 1089 licentiam.

884 1107 929 1137 Et
959 1108 1065 1137 multo
1097 1113 1148 1137 est
1184 1108 1396 1148 elegantius:
1432 1108 1499 1139 etsi
1529 1118 1583 1139 res

883 1158 1002 1188 eodem
1021 1158 1162 1189 recidat.
1208 1158 1265 1189 Sic
1282 1163 1382 1189 vocat
1399 1168 1464 1189 non
1490 1159 1584 1189 (lissi-

883 1209 1058 1247 mulatam,
1097 1218 1159 1239 nec
1193 1210 1372 1240 obscuram
1404 1209 1581 1240 verborum

883 1260 1079 1291 lasciviam:
1118 1269 1193 1290 nam
1234 1260 1358 1290 veritas
1396 1259 1583 1290 dissimula·
1618 1260 1621 1265 ¹

883 1299 968 1341 tioni
983 1310 1167 1350 contraria,
1185 1310 1347 1341 locutioni
1365 1314 1496 1350 aperta,
1515 1312 1582 1340 διε.

886 1361 1024 1391 Gronov.

929 1411 1202 1452 Epigrammaton]
1253 1412 1342 1443 Gen.
1372 1412 1459 1452 plur.
1485 1411 1583 1443 Gree-

884 1472 953 1494 cus,

927 1512 964 1544 Si
987 1523 1098 1552 meum,
1124 1513 1193 1553 Bra]
1231 1512 1267 1544 Si
1280 1522 1344 1553 ego
1362 1512 1434 1553 jam
1456 1513 1582 1553 primus

883 1564 946 1595 hoc
963 1563 1126 1603 facerem,
1143 1573 1205 1594 nec
1223 1563 1279 1594 alii
1296 1567 1376 1595 ante
1404 1573 1456 1594 me
1483 1563 1583 1594 fecis-

883 1619 970 1644 sent.

929 1664 1080 1702 Catullus,
1127 1663 1193 1703 θα]
1249 1663 1584 1704 Epigrammatogra—

884 1713 981 1753 plius.
1017 1713 1135 1744 Sidon.
1162 1717 1193 1745 9.
1225 1723 1327 1744 carm.
1357 1713 1499 1755 Gyrald.
1522 1714 1581 1745 vit.

883 1764 984 1795 Poet.
1000 1769 1035 1795 et
1051 1771 1167 1795 noster
1182 1774 1274 1805 saepe
1291 1763 1389 1796 infra.

927 1815 1002 1845 Tam
1037 1814 1210 1850 ambitiose,
1247 1814 1316 1855 8,·c.]
1373 1815 1483 1855 Supra
1513 1825 1584 1845 mo·

883 1864 963 1895 dum
980 1870 1013 1895 et
1027 1863 1190 1896 affectate
1208 1865 1324 1896 tristis.

926 1915 1050 1955 Latine,
1078 1916 1148 1956 δῖα]
1202 1914 1423 1956 Simpliciter,
1452 1919 1583 1956 aperte,

883 1966 955 1996 sine
971 1966 1113 2007 ambage
1127 1971 1184 1997 aut
1196 1965 1287 2005 fuco,
1300 1966 1348 1997 ita
1362 1966 1433 1998 Cic.
1447 1969 1478 1997 6.
1502 1967 1584 1998 Ver.

882 2018 890 2034 ‘
908 2018 1029 2049 Latine
1050 2028 1103 2049 me
1126 2019 1249 2050 scitote
1278 2028 1343 2050 non
1367 2020 1582 2051 accusatorie

882 2071 1024 2113 loquor.¹
1041 2071 1117 2102 vide
1129 2076 1162 2102 et
1174 2071 1283 2112 epigr.
1296 2074 1349 2102 21.
1360 2071 1382 2102 l.
1395 2073 1447 2103 11.
1472 2071 1582 2102 Porro

881 2123 994 2154 Latini
1018 2122 1185 2163 simplices
1200 2127 1235 2153 et
1252 2121 1390 2162 ingenui
1409 2120 1583 2152 habeban-

883 2178 951 2205 tur.
975 2172 1062 2203 Vide
1079 2172 1228 2204 Turneb.
1245 2172 1268 2203 l.
1284 2175 1339 2203 24.
1359 2181 1389 2203 c.
1405 2176 1438 2204 5.

930 2222 1050 2263 Titulo]
1081 2222 1156 2253 Lib.
1179 2223 1478 2263 Epigrammaton3
1502 2232 1582 2263 quo-

883 2284 955 2305 rum
972 2274 1119 2314 linguam
1132 2274 1294 2305 lascivam
1311 2278 1346 2305 et
1370 2273 1580 2305 licentiosam

883 2335 956 2357 esse
970 2329 1120 2366 oportet,
1135 2330 1173 2355 ut
1190 2334 1293 2365 supra
1309 2324 1366 2355 lin.
1381 2327 1410 2354 l.

926 2375 1086 2415 Florales]
1133 2375 1281 2405 Floralia
1312 2373 1410 2405 fuere
1448 2379 1580 2414 specta-

883 2428 959 2458 cula
986 2426 1026 2457 ad
1053 2425 1179 2457 cultum
1207 2426 1317 2455 Florae
1335 2425 1442 2462 Deae;
1467 2425 1579 2464 dignae

882 2478 947 2509 illis
961 2477 1079 2516 sacris,
1093 2476 1251 2507 instituta
1261 2474 1362 2514 faeda,
1377 2476 1580 2517 penitusque

882 2528 987 2559 castis
1003 2527 1124 2566 oculis,
1141 2527 1208 2556 imo
1225 2527 1361 2557 auribus
1391 2531 1427 2557 et
1453 2527 1581 2567 cogita-

883 2578 1027 2609 tionibus
1043 2576 1267 2616 excludenda,
1283 2582 1403 2608 contra
1421 2588 1494 2618 quae
1513 2588 1581 2608 ma-

875 2629 969 2668 joi-es
1008 2627 1114 2658 nostri
1152 2628 1309 2658 certatim
1337 2628 1580 2661 declamarunt.

884 2681 1081 2711 Lactant.1.
1102 2677 1216 2709 Instit.
1228 2678 1410 2718 Augustin.
1422 2679 1463 2709 de
1478 2679 1579 2711 Civit.

882 2730 950 2762 Dei
967 2731 989 2762 1.
1004 2734 1036 2762 4.
1052 2740 1082 2762 c.
1097 2732 1130 2761 8.
1155 2728 1240 2761 Jure
1256 2730 1383 2771 optimo
1400 2736 1435 2761 et
1447 2730 1579 2771 judicio

881 2790 970 2813 max.
