1866 3131
459 178 507 208 M.
543 177 651 207 vAL.
687 173 960 205 MARTIALIS
994 174 1154 205 EPiGR.
1190 174 1282 204 [ΑΒ.
1315 175 1358 205 V.

227 279 246 306 S
273 276 389 314 Croeso,
413 273 482 313 ssia]
507 273 623 314 Lydiae
650 271 709 303 illo
736 280 814 311 rege
831 269 882 301 di-

183 327 326 357 tissimo.
371 324 583 356 Hei-odoni.

227 382 247 407 υ
272 378 323 407 Iro
349 375 523 416 pauperior,
544 373 612 413 ἄγα]
636 371 761 403 Arnaeo
790 380 881 402 men—

183 428 269 459 dico.
295 428 396 458 Hom.
414 425 537 466 odyss·
554 427 606 455 17.

232 482 269 509 10
294 478 329 509 Si
345 478 488 515 conchen,
510 474 577 514 Era]
600 473 635 504 Si
660 483 726 504 non
750 472 882 503 mellita

185 530 354 568 placenta,
377 526 434 558 sed
452 525 506 555 vili
524 525 599 555 cibo
615 523 771 554 fabarum
789 523 820 553 iu
838 522 880 553 si-

182 580 281 621 liquis
299 582 472 610 coctarum
490 580 524 606 te
542 582 731 615 pascerem,
749 573 881 614 quoties

184 629 374 671 signas,vel
389 627 562 660 tussiendo
579 625 658 656 mihi
675 634 769 665 spem
793 634 878 655 mor-

186 682 227 712 tis
247 687 314 711 tuae
335 680 431 710 facis.

225 732 327 762 Epio.
344 739 401 760 xx..
425 727 632 760 Austerioris
651 725 877 765 Philosophiae

181 783 286 814 cliens
309 787 344 812 et
358 780 535 812 severioris
552 778 740 818 disciplina>
755 776 879 806 studio-

183 844 250 869 sus,
281 842 347 863 non
378 831 479 869 belle,
507 839 573 860 non
602 838 677 859 cum
707 827 815 868 gratia
844 832 879 857 et

181 883 318 913 Venere
341 880 538 922 aggrederis
555 878 699 909 Veneris
715 878 814 918 jocos
843 881 879 907 et

181 933 298 963 Musas
314 932 414 962 hasce
439 931 595 962 leviores.
640 929 730 961 Quin
748 927 878 960 Gratiis

182 993 279 1014 sacra
320 982 419 1022 facis,
456 992 475 1013 0
507 981 745 1013 Xenocrates?
791 980 878 1011 Vide

182 1034 298 1073 Epigr.
325 1036 399 1063 103.
426 1033 481 1063 lib.
499 1036 528 1063 l.
552 1032 617 1062 Vel
635 1032 723 1062 irata
741 1031 877 1061 Venere

180 1083 320 1124 pinxisti
339 1083 521 1121 Venerem,
544 1088 580 1113 et
607 1081 738 1112 miraris
752 1081 879 1113 Veneri

179 1140 244 1166 tuae
258 1135 378 1165 deesse
388 1135 569 1164 Venerem.
595 1133 662 1164 Cur
674 1132 780 1163 irata?
798 1132 879 1172 quia

181 1185 360 1226 anteponis
377 1184 427 1216 illi
446 1184 650 1221 Minervam,
666 1193 766 1224 quam
783 1183 877 1213 colis.

177 1236 283 1268 Jocus
298 1241 350 1266 est
366 1235 399 1265 in
416 1234 583 1275 pictorem
596 1233 726 1265 rudem.

226 1286 329 1317 Erro.
356 1294 431 1316 xm.
466 1285 507 1315 In
544 1283 729 1315 fastuosum
761 1294 877 1324 super-

178 1336 325 1378 bumque
342 1336 527 1377 spadonem
543 1335 730 1375 Didymum
744 1334 876 1374 scribit,

178 1397 277 1429 quem
307 1393 344 1418 ut
371 1387 507 1418 dubium
534 1387 686 1427 equitem
713 1385 876 1425 affirmat3

178 1438 226 1469 ita
242 1439 409 1477 maritum,
426 1436 483 1478 qui
510 1436 694 1468 honoratus
711 1441 796 1475 erat,
818 1445 875 1467 ne-

179 1493 248 1528 gat.
296 1488 378 1518 Rad.

222 1542 238 1569 l
264 1538 416 1578 Spadone,
443 1537 512 1577 Era]
546 1537 696 1575 Gallum,
733 1537 877 1577 Cybeles

180 1590 406 1627 sacerdotem,
431 1588 533 1618 credo
557 1588 714 1627 intelligi,
738 1592 877 1628 propter

182 1640 272 1678 Atyn
312 1639 346 1668 iu
373 1647 472 1668 versu
495 1646 564 1678 seq.
611 1637 728 1677 Fluxa]
765 1637 877 1668 Molli.

180 1689 329 1721 Eviratis
341 1687 439 1719 fluxae
455 1692 532 1718 sunt
549 1696 679 1719 carnes,

221 1742 241 1770 2
268 1738 442 1770 Concubino
476 1738 626 1778 Celaeneo]
672 1737 743 1777 Aty
771 1747 877 1778 puero

181 1789 309 1830 Cybele
336 1789 514 1826 adamato;
545 1798 564 1818 a
593 1796 659 1829 qua
684 1787 812 1819 offensa
843 1789 875 1819 in

179 1840 326 1871 furorem
357 1844 466 1875 actus,
505 1838 569 1869 sibi
595 1842 701 1869 testes
729 1839 877 1870 execuit.

180 1891 326 1921 Celaenae
363 1894 478 1920 autem
508 1889 682 1929 Phrygias,
717 1889 806 1919 unde
843 1894 877 1919 et

179 1941 320 1980 Cybele,
336 1940 429 1977 urbs,
444 1944 480 1971 et
498 1940 645 1970 tumulus
664 1938 877 1979 Asiae,juxta

178 2001 277 2032 quam
290 1991 410 2022 Gallus
425 1989 560 2022 fluvius.
606 1990 709 2021 Ovid.
726 1993 756 2021 4.
775 1991 865 2021 Fast.

221 2045 239 2073 3
264 2042 374 2072 Sectus
388 2042 514 2082 Gallus]
540 2042 715 2072 Castratus
732 2041 877 2081 Cybeles

179 2093 351 2124 sacerdos.
401 2092 525 2132 Ululat]
550 2092 591 2123 ln
614 2092 719 2123 sacris
745 2093 875 2123 ululatu

180 2143 332 2183 requirit.
378 2144 498 2174 Matris
511 2143 643 2183 entheoe]
662 2143 806 2184 Cybeles
818 2153 876 2174 nn-

179 2193 267 2222 mine
297 2202 357 2224 suo
385 2191 543 2234 afflantis,
564 2198 600 2224 et
622 2195 818 2225 sacerdotes
841 2195 874 2225 in

179 2242 328 2273 furorem
346 2245 520 2275 vertentis.

220 2297 239 2324 4
269 2296 402 2326 Theatra
429 2296 576 2337 loqueris]
599 2297 660 2329 Jus
684 2297 717 2328 in
741 2299 874 2329 theatro

179 2345 371 2385 spectandi.
416 2347 520 2378 Quasi
537 2347 578 2377 ad
597 2352 630 2378 te
647 2353 806 2388 spectent
818 2349 876 2379 illa

179 2396 359 2435 Equestria
375 2396 531 2435 insignia,
545 2397 655 2436 sedes,
667 2404 701 2429 et
716 2399 874 2431 honores.

178 2446 322 2485 Gradus]
345 2447 610 2478 Quatuordecim
622 2449 756 2488 gradus.
780 2451 874 2481 Edic-

176 2496 226 2536 ta]
250 2497 402 2527 Decreta
416 2497 614 2529 Domitiani.
660 2499 747 2530 Vide
772 2509 875 2541 supra

178 2548 296 2587 Epigr.
313 2550 344 2579 8.
389 2548 398 2563 ‘
416 2547 574 2578 Edictum
589 2548 722 2580 Domini
737 2550 873 2591 Deique

181 2599 299 2635 nostri,
315 2599 391 2630 Quo
407 2599 565 2629 subsellia
581 2600 729 2631 certiora
744 2599 851 2631 fiunt!

220 2653 238 2680 5
261 2649 464 2689 Trabeasque,
475 2653 504 2680 et
513 2649 603 2690 Idus]
619 2651 760 2692 Equites
770 2650 871 2683 Rom.

178 2700 321 2731 trabeati
351 2709 409 2730 seu
446 2699 554 2731 induti
577 2705 691 2733 vestes
719 2701 871 2732 trabibus

180 2759 364 2789 pannorum
391 2749 473 2781 albis
504 2754 540 2781 et
570 2751 746 2792 purpureis
770 2751 871 2782 inter·

1521 163 1633 205 12:39

936 273 1050 300 textas
1065 269 1368 300 transvehebantur
1390 267 1506 298 Idibus
1522 268 1633 300 Juliis.

934 320 1049 351 Valer.
1076 320 1168 351 Max.
1187 320 1246 350 lib.
1262 322 1313 351 11.
1336 328 1412 360 cap.
1431 321 1481 349 ll.
1529 318 1630 349 Coro-

933 370 1154 401 nabanturet
1172 371 1255 400 oleae
1278 370 1377 400 ramis
1404 370 1437 400 in
1461 378 1502 400 ea
1521 373 1629 400 trans-

932 421 1106 458 vectione,
1132 425 1169 451 ut
1197 420 1299 451 docet
1330 421 1471 461 Dionys.
1517 420 1633 452 Halic.

932 471 989 502 lib.
1007 475 1038 502 6.
1085 470 1202 511 Antiq.
1233 471 1332 502 Rom.
1365 472 1482 503 Quare
1512 470 1634 502 Idibus

930 521 1052 553 Juliis?
1091 521 1191 554 Quod
1206 530 1244 551 eo
1261 521 1315 552 die
1332 521 1476 562 equites,
1491 521 1634 552 Castore

932 577 967 603 et
997 572 1140 603 Polluce
1175 571 1254 601 visis
1280 572 1313 601 in
1345 572 1466 611 praelio
1503 581 1565 612 pro
1594 581 1631 602 re

932 622 1085 653 Romana
1107 622 1290 660 stantibus,
1314 622 1453 653 Latinos
1475 622 1633 654 vicerint.

932 671 1132 712 Fibuzasque]
1162 672 1239 703 Non
1266 671 1491 712 astrigmenta
1512 672 1568 703 illa
1597 677 1634 703 et

931 722 1105 753 custodias
1131 721 1283 762 pudoris,
1309 722 1351 753 de
1369 722 1488 763 quibus
1513 723 1629 763 Epigr.

930 777 983 806 8⁶2.
1009 774 1068 806 lib.
1098 776 1130 804 7.
1154 778 1190 804 et
1220 774 1339 814 Epigr.
1367 776 1442 804 215.
1459 774 1480 805 Ι.
1497 776 1548 805 14.
1572 774 1632 805 sed

930 824 1051 856 fibulas
1086 825 1162 856 illas
1202 825 1235 855 in
1277 825 1465 856 nobilitatis
1503 825 1633 865 insigne

931 876 1099 917 equitibus
1114 875 1273 914 indultas,
1287 880 1323 906 et
1336 875 1633 906 Tribunisaureas

931 928 963 958 in
979 928 1097 959 trabea
1111 929 1163 959 vel
1177 927 1355 969 chlamyde
1368 932 1532 968 gestatas.
1557 928 1632 958 Liv.

930 979 1021 1010 Plut.
1055 979 1230 1010 Pancirol.
1261 984 1297 1010 et
1328 979 1393 1010 alii.
1443 979 1634 1019 Censusque]

930 1030 1140 1070 Equestres:
1158 1030 1244 1060 libro
1260 1032 1291 1061 4.
1308 1029 1564 1070 Epigrammate
1577 1032 1631 1060 67.

929 1089 1019 1110 vers.
1036 1084 1065 1112 1.

972 1133 992 1160 6
1016 1131 1195 1170 Pumicata,
1217 1131 1287 1172 ὅμκ]
1320 1131 1462 1162 Pumice
1489 1130 1630 1171 laeviga-

929 1185 977 1220 ta,
1004 1192 1080 1223 quae
1107 1182 1332 1214 delicatorum
1359 1187 1434 1213 erat
1458 1182 1630 1213 mollities.

928 1232 1017 1263 Nam
1033 1241 1072 1262 eo
1096 1233 1262 1272 mollitiei,
1285 1242 1351 1263 non
1369 1233 1479 1264 dicam
1496 1232 1633 1272 elegan-

929 1282 998 1320 tiae,
1011 1282 1165 1314 devoluti
1181 1288 1292 1323 erant,
1307 1288 1344 1314 ut
1360 1292 1426 1313 non
1439 1283 1546 1314 solum
1563 1292 1632 1313 rna-

927 1341 1002 1372 nus,
1025 1333 1083 1363 sed
1108 1337 1144 1364 et
1158 1333 1241 1364 alias
1257 1333 1410 1374 corporis
1427 1337 1553 1373 partes,
1569 1342 1629 1373 pu-

928 1383 1014 1414 mice
1039 1383 1105 1414 sibi
1129 1384 1342 1424 laevigarent.
1389 1384 1533 1423 Expono
1548 1392 1631 1423 ergo

927 1432 936 1448 ⁶
954 1434 1160 1472 pumicatam
1192 1432 1351 1473 manum,’
1378 1439 1543 1473 teneram,
1573 1433 1628 1463 lae-

927 1493 1016 1522 vem,
1040 1485 1395 1524 mollem,delicatam,
1410 1484 1527 1526 quales
1552 1488 1632 1515 sunt

927 1535 1091 1565 nobilium
1119 1535 1331 1566 faeininaruin
1361 1539 1398 1566 et
1435 1544 1630 1576 puerorum.

928 1588 1018 1619 Plin.
1031 1588 1089 1619 lib.
1104 1591 1157 1619 36.
1168 1592 1204 1619 et
1222 1588 1278 1619 lib.
1293 1591 1323 1619 2.
1336 1598 1413 1628 cap.
1428 1591 1479 1620 ll.
1503 1588 1628 1620 Juven.

928 1638 999 1669 Sat.
1018 1641 1054 1668 6,
1079 1643 1116 1669 et
1138 1641 1174 1669 ’8.
1197 1638 1314 1669 Sidon.
1338 1638 1440 1677 Apol.
1469 1638 1628 1678 Epist-7.

927 1689 989 1719 lib.
1008 1692 1037 1719 1.
1053 1691 1118 1720 Sec.
1163 1688 1339 1728 Monstras]
1362 1688 1431 1719 Per
1453 1693 1628 1728 contemp-

929 1747 1010 1772 tum.

969 1796 987 1824 7
1014 1793 1141 1832 Sedere,
1167 1792 1236 1831 Cym]
1263 1791 1387 1822 Utrum
1413 1791 1628 1831 permiserint

928 1847 962 1874 te
1006 1843 1127 1874 sedere
1165 1842 1400 1883 designatores
1441 1840 1558 1872 ordine
1593 1850 1626 1872 e-

929 1894 1072 1935 questri.

973 1947 992 1975 8
1018 1945 1092 1974 Non
1107 1943 1177 1974 licet
1193 1942 1393 1982 maritorum]
1417 1941 1505 1974 Quia
1519 1942 1626 1982 spado

928 2005 976 2026 eS.
1000 1995 1137 2026 Mai-itis
1155 1999 1269 2026 autem
1283 1994 1316 2025 in
1327 1993 1533 2035 spectaculis
1549 2003 1626 2034 pro-

928 2044 992 2086 prii
1019 2049 1055 2076 et
1079 2045 1294 2076 honestiores
1322 2044 1387 2076 loci
1402 2044 1566 2084 assignati
1582 2044 1624 2074 ab

928 2094 1097 2135 Augusto.
1142 2096 1236 2126 Suet.
1254 2105 1328 2136 cap.
1350 2098 1404 2127 44.
1421 2099 1455 2126 et
1468 2094 1579 2126 Tacit.
1593 2098 1624 2126 3.

927 2146 1050 2177 Annal.
1076 2146 1118 2177 A.
1134 2146 1224 2177 Gell.
1242 2146 1299 2177 lib.
1317 2149 1348 2176 2.
1361 2155 1438 2185 cap.
1453 2147 1502 2176 15.

969 2198 1073 2228 Eme.
1090 2206 1178 2228 xmr.
1202 2200 1218 2228 1
1245 2196 1385 2227 Callidus
1400 2195 1543 2236 effracta,
1557 2195 1625 2236 ξω]

928 2247 1059 2278 Laudat
1075 2247 1138 2278 hoc
1158 2247 1410 2287 Epigrammate
1427 2244 1623 2276 munificen-

926 2298 1021 2337 tiam,
1047 2302 1082 2328 et
1112 2307 1169 2328 eas
1193 2306 1274 2337 opes
1303 2300 1468 2336 perpetuo
1492 2296 1622 2326 servari

925 2347 1082 2386 affirmat,
1109 2357 1184 2388 quae
1216 2346 1330 2377 amicis
1356 2345 1495 2384 dantur,
1519 2355 1621 2385 quum

926 2407 1042 2428 omnes
1064 2397 1139 2428 aliae
1155 2396 1284 2427 divitiae
1309 2394 1448 2426 incertis
1472 2393 1619 2426 fortunae

926 2448 1059 2479 casibus
1075 2447 1161 2487 eripi
1178 2446 1320 2486 possint.

968 2500 987 2528 3
1010 2497 1189 2537 sortemque
1220 2494 1362 2536 negabit]
1419 2495 1482 2527 The
1503 2495 1620 2536 princi-

921 2548 985 2587 pal.

965 2602 983 2628 5
1008 2595 1276 2638 Dispensatorem]
1308 2597 1535 2638 Dispensator
1566 2602 1621 2629 est

921 2656 1049 2687 servus,
1073 2649 1128 2687 qui
1154 2646 1291 2678 familiae
1317 2648 1465 2679 rationes
1483 2647 1620 2690 dispen-

923 2703 988 2737 sat,
1003 2698 1194 2738 peculiique
1211 2697 1538 2731 administrationem
1561 2700 1620 2731 ha-

922 2748 993 2788 bet,
1020 2753 1054 2780 et
1079 2749 1218 2782 herilem
1243 2749 1421 2789 pecuniam
1444 2749 1617 2790 expendit.
