1866 3131
399 208 445 237 M.
481 206 590 235 ml..
622 201 897 234 MARTIAMS
933 200 1095 230 EPlGR.
1130 198 1221 228 [ΑΒ.
1254 198 1286 227 l.

120 305 187 343 ria,
213 305 361 345 inquam,
390 304 518 334 minora
553 305 587 332 et
619 296 816 340 protritiora

120 365 204 393 esse,
235 365 333 395 quani
364 361 400 384 ut
440 356 669 393 spectatorem
694 347 815 378 morari

122 405 267 444 possint,
284 409 342 434 aut
357 409 495 443 stupore
512 400 658 440 defigere
674 409 681 428 :
707 398 716 414 ‘
733 396 817 427 Haec

121 457 241 486 transit
258 460 369 486 tamen
385 459 422 484 ut
439 453 566 483 minora
587 449 735 491 quisquis
751 447 818 478 Ve-

120 512 219 539 natus
233 505 374 536 humiles
393 499 657 539 vitletleonum,’
670 502 733 530 istc.
768 498 817 529 Ut

120 556 153 585 in
173 555 392 597 sequentibus
415 553 528 583 videre
558 556 629 581 est:
655 550 728 591 quis
746 549 818 590 jam

121 616 163 636 ex
195 606 268 636 istis
298 605 409 634 dicere
425 603 532 644 possit
548 602 696 642 Libycos
712 610 820 638 ursos,

120 657 235 687 leones
251 665 326 687 esse
340 666 349 694 ς
364 656 430 686 imo
447 654 520 696 quis
533 663 599 684 non
613 652 818 683 contrarium

121 706 273 737 asserat?
296 707 358 736 hoc
372 704 605 745 spectaculum
623 704 757 733 leonum
774 702 819 732 le-

120 766 220 797 pores
233 756 438 795 venantium,
461 759 496 785 et
511 754 632 785 illaesos
649 752 826 783 dimitten-

121 807 218 846 tium,
245 807 330 838 adeo
360 815 515 846 magnam
546 805 732 844 miramque
748 813 819 834 rem

121 857 229 889 videri
244 858 329 895 vult,
351 856 434 888 utin
460 854 716 894 comparatione
738 853 819 883 nihil

122 909 188 938 sint
237 913 427 938 ceterarum
473 906 619 936 omniunt
672 903 820 935 ferarum

121 957 427 989 mansuefactarurn
443 956 614 987 miracula.
639 955 820 986 Salmasius.

122 1007 210 1038 Vide
240 1007 392 1047 Lipsium
423 1007 526 1037 Elect.
553 1009 583 1037 2.
600 1015 676 1045 cap.
693 1008 725 1036 4.
743 1014 820 1035 cou—

121 1056 321 1088 tendentem
336 1058 450 1088 leones
468 1067 487 1088 a
504 1056 664 1087 Romanis
682 1061 751 1086 tum
770 1065 822 1085 ru-

122 1106 232 1142 dibus,
270 1107 370 1138 obvia
404 1112 552 1148 notaque
589 1116 672 1137 voce
708 1105 820 1137 dictos

120 1158 226 1190 fuisse
250 1159 416 1199 ‘Libycos
447 1158 594 1190 Ursos:’
620 1164 657 1189 nt
687 1163 723 1189 et
754 1159 820 1189 ele-

123 1209 295 1249 phantem,
319 1209 459 1240 ‘bovem
480 1210 603 1240 Lucam
618 1208 639 1246 ς’
663 1209 821 1240 struthio-

123 1270 212 1300 nem,
246 1261 436 1300 ‘passerem
466 1259 671 1298 marinum3’
702 1264 821 1290 contra

123 1320 220 1351 quem
244 1320 285 1341 ex
303 1310 405 1341 Plinii
420 1310 620 1346 autoritate,
636 1311 658 1341 l.
675 1313 706 1341 8.
722 1320 751 1341 c.
767 1312 820 1340 36.

123 1366 159 1391 et
187 1364 239 1392 58.
275 1361 376 1392 docte
400 1361 637 1400 disserentem,
664 1371 738 1392 cum
766 1360 822 1392 alii

125 1411 260 1451 plurimi
286 1417 435 1453 autores,
462 1417 532 1443 tum
548 1413 602 1443 bic
619 1411 703 1444 facit
720 1413 822 1451 locus,

122 1462 180 1493 ubi
208 1462 405 1493 inductione
432 1471 633 1494 caeterarum
663 1462 823 1502 ferarum,

124 1512 212 1542 inter
229 1522 310 1553 quos
322 1517 357 1543 et
374 1522 541 1552 ursorum,
554 1512 822 1544 ascenditurdis-

124 1561 231 1592 tincte
243 1562 284 1593 ad
301 1563 425 1594 leones.

167 1616 188 1643 6
212 1614 370 1648 Quantum
398 1616 548 1654 Calydon,
577 1614 647 1654 δα]
684 1614 822 1655 Calydon

127 1663 208 1694 urbs
225 1665 372 1703 AEtoliae,
387 1674 461 1705 quae
480 1665 563 1695 aluit
585 1674 703 1704 aprum
728 1665 821 1694 illum

126 1720 332 1746 vastatorem
357 1725 376 1745 a
402 1715 577 1754 Meleagro
601 1721 635 1745 et
657 1714 822 1745 Atalanta

127 1776 264 1798 caesum.
321 1766 409 1797 Vide
435 1774 489 1806 ep.
520 1769 570 1797 15.
597 1765 683 1796 libro
711 1770 821 1805 spect.

126 1826 210 1847 vers.
230 1820 258 1848 l.

168 1870 187 1898 7
211 1867 384 1907 Purpurcz's
412 1865 501 1906 aper]
541 1866 652 1906 Supra
683 1874 766 1895 verS.
790 1867 822 1894 2.

129 1918 298 1959 Capistris]
335 1918 540 1957 Capistruxn,
571 1916 740 1947 vinculum
763 1920 824 1953 est,

125 1969 212 2011 quod
230 1969 337 2008 mulis,
354 1968 473 2006 bobus,
498 1966 639 2008 aliisque
660 1966 826 2007 jumentis

127 2020 317 2057 adhibetur,
343 2028 385 2049 ne
412 2017 556 2058 fugiant,
580 2024 615 2049 et
631 2017 718 2058 quod
734 2018 827 2049 circa

127 2081 163 2102 os
188 2070 383 2108 involvitur,
409 2078 452 2099 ne
476 2078 615 2108 gramen
639 2074 794 2108 carpant.

169 2125 188 2152 S
212 2121 340 2159 Esseslo,
361 2119 429 2159 ἔγω]
453 2119 580 2150 Currus
597 2118 824 2150 Britannicos.

127 2172 242 2211 Bison]
268 2171 367 2209 Fera,
380 2170 470 2200 cervi
485 2169 604 2209 figura.

170 2226 190 2253 9
214 2222 338 2260 Molles,
375 2221 442 2261 δῖα]
477 2221 576 2253 Quod
614 2220 825 2260 Elephantus

129 2273 255 2303 saltans
267 2277 363 2312 paret
378 2271 502 2302 rectori
516 2280 574 2302 suo
588 2281 630 2300 ex
649 2271 828 2311 AEthiopia.

128 2323 237 2363 epigr.
261 2326 312 2354 77.
329 2324 349 2354 Ι.
366 2326 397 2354 6.
416 2327 451 2354 et
473 2323 551 2353 vide
569 2322 691 2353 AElian.
711 2322 733 2352 l.
748 2326 778 2354 2.
795 2332 826 2353 c.

132 2374 286 2406 11.Plin.
303 2375 325 2404 l.
343 2377 373 2404 8.
389 2384 417 2404 e.
434 2376 466 2404 2.

172 2427 212 2455 10
238 2424 342 2463 Nigro
358 2424 455 2455 bellua
471 2424 516 2455 m'l
530 2422 641 2464 negat]
664 2422 704 2453 In
718 2421 828 2453 Aron-

132 2475 210 2506 dell.
223 2474 348 2514 inveni,
362 2485 421 2505 non
433 2478 538 2513 negat.
574 2474 672 2506 Quod
688 2473 830 2504 Martia—

131 2527 173 2558 lis
189 2536 264 2557 esse
284 2530 424 2566 put0‚et
440 2529 605 2556 mutatum
623 2526 664 2557 ab
681 2525 758 2564 illis,
771 2525 827 2567 qui

129 2577 329 2609 nesciebant
353 2576 522 2617 ‘negare,'
559 2577 758 2617 simpliciter
787 2588 827 2609 ac

129 2629 202 2659 sine
228 2637 306 2659 casu
328 2637 416 2664 esse,
438 2637 504 2658 non
534 2637 667 2668 parere,
683 2637 749 2658 non
773 2638 828 2658 ce—

130 2679 223 2710 dere.
279 2679 335 2709 Sic
363 2681 507 2719 ‘equum
534 2678 675 2708 stimulis
703 2687 828 2717 negan-

133 2729 224 2762 tem'
249 2731 416 2767 Lucanus,
445 2729 492 2760 sic
517 2730 619 2760 ‘saxa
650 2729 740 2760 serro
771 2738 829 2759 ne-

132 2781 267 2821 gantia'
292 2780 422 2812 Statius
452 2779 550 2820 dixit,
566 2785 603 2811 ut
620 2780 659 2810 atl
682 2779 769 2810 hune
796 2778 828 2808 iu

1456 184 1566 226 1131

868 294 1024 325 Diatriba
1051 292 1303 325 observavimus
1334 289 1456 331 primi;
1490 299 1567 320 nam

869 344 955 374 adeo
983 344 1109 384 placuit
1136 342 1272 373 summis
1299 341 1391 380 viris,
1413 344 1449 370 ut
1473 348 1568 370 suum

869 404 942 425 esse
960 394 1110 424 mallent.
1129 394 1315 423 Gronovius.

913 448 951 475 ll
976 443 1128 483 Deorum]
1152 444 1336 479 Caesarum,
1352 441 1472 483 quibus
1488 441 1569 472 ferae

869 505 934 526 non
947 495 1055 525 minus
1070 497 1202 534 parent,
1216 502 1315 534 quam
1327 493 1408 532 ipsis
1422 492 1507 522 Diis.
1521 491 1569 522 sic

870 547 974 577 Mart.
987 546 1009 576 l.
1026 545 1142 584 Spect.
1155 553 1210 584 ep.
1227 546 1280 574 17.
1296 543 1338 574 de
1356 542 1569 582 Elephante:

870 596 1005 628 ‘Crede
1041 595 1122 626 mihi
1152 602 1276 637 numen
1314 593 1419 624 sentit
1435 598 1471 624 et
1503 592 1561 623 ille

871 649 991 681 tuum.'

913 703 955 731 12
979 699 1061 730 Hcec
1085 698 1216 735 transit,
1241 695 1312 737 δρα]
1346 697 1433 727 Haec
1455 699 1571 726 tamen

871 751 983 782 omnia
1000 754 1139 790 superat
1151 750 1304 790 leporum
1322 748 1416 778 lusus
1431 756 1492 788 per
1510 746 1574 777 ric-

873 803 1087 833 tusleonum.

916 855 955 883 14
982 853 1066 888 Quos
1078 852 1180 890 velox,
1195 848 1264 891 ilc]
1289 849 1400 889 Supra
1415 847 1524 888 epigr.
1541 850 1573 877 7.

874 907 924 934 15.
938 906 990 934 23.
1005 906 1058 934 45.
1074 905 1126 933 49.
1144 904 1196 932 52.
1213 903 1266 932 61.

911 957 952 984 21
978 953 1059 984 Hoec
1075 951 1253 991 clementia]
1272 951 1389 982 Totius
1406 949 1575 990 epigram-

871 1004 974 1035 matis
1000 1014 1076 1035 cum
1103 1003 1366 1044 epiphonemate
1389 999 1576 1038 conclusio,

873 1066 938 1096 qua
964 1056 1100 1086 leonum
1132 1055 1165 1085 in
1196 1055 1331 1094 lepores
1358 1051 1573 1082 clementiam

872 1106 1046 1137 divinitati
1063 1105 1209 1137 Caesaris
1220 1102 1505 1142 adscribit,cujus
1517 1110 1576 1131 nu-

872 1166 948 1187 men
965 1157 1115 1187 sentiant
1130 1156 1259 1193 leones,
1281 1154 1380 1195 eique
1397 1153 1438 1183 ad
1456 1157 1575 1183 nutum

871 1207 1037 1238 serviant.
1063 1207 1179 1237 Rader.
1227 1205 1315 1235 Vide
1339 1207 1575 1244 argumentum

871 1257 970 1297 hujus
996 1258 1105 1298 epigr.
1132 1266 1236 1296 supra
1259 1265 1316 1296 ep.
1335 1257 1386 1286 15.
1403 1254 1500 1294 hujus
1517 1253 1575 1283 lib.

872 1314 908 1340 et
924 1319 976 1349 ep.
993 1311 1045 1339 17.
1060 1307 1120 1339 lib.
1137 1311 1246 1348 spect.

915 1360 1023 1390 EPIG.
1054 1367 1129 1389 CVI.
1167 1361 1184 1388 1
1211 1356 1321 1396 Ovidi]
1358 1355 1482 1386 Vinum
1522 1354 1576 1384 hic

873 1410 1137 1447 Nomentanum,
1160 1408 1255 1449 cujus
1280 1410 1370 1438 esset
1392 1404 1518 1445 ingenii
1541 1408 1576 1434 et

872 1464 1005 1491 naturae
1022 1460 1137 1490 (locet.
1161 1459 1292 1490 Recens
1310 1458 1504 1497 ingratum;
1521 1464 1576 1484 ve-

874 1516 1003 1542 tustate
1032 1515 1144 1540 tamen
1168 1509 1211 1539 ad
1242 1506 1434 1549 perfectam
1465 1510 1578 1536 coctu-

874 1572 944 1592 ram
974 1561 1109 1600 adduci,
1138 1565 1174 1592 et
1200 1564 1333 1591 certare
1362 1567 1462 1599 posse
1501 1566 1577 1588 cnm

874 1612 1151 1653 generosissimis.
1200 1611 1350 1644 Quincte
1382 1607 1499 1639 Ovidi.
1535 1605 1577 1636 ad

875 1673 975 1704 quem
992 1663 1072 1693 alibi
1089 1670 1192 1702 saepe.
1240 1661 1329 1695 Quod
1343 1659 1492 1694 nascitur,
1506 1656 1576 1696 Sym]

874 1715 995 1744 Vinum
1013 1723 1054 1743 ex
1074 1722 1155 1752 agro
1177 1720 1251 1742 meo
1270 1710 1497 1746 Nomentano,
1519 1707 1578 1738 ubi

874 1769 1052 1795 vetustate
1083 1764 1264 1794 decoctum
1293 1758 1510 1797 maturuerit,
1535 1758 1580 1787 vi-

875 1815 949 1845 deri
976 1817 1091 1853 potest
1118 1811 1254 1843 exuisse
1280 1817 1404 1840 nomen
1429 1808 1577 1848 patrium

875 1865 1013 1906 (recens
1050 1863 1139 1893 enim
1174 1861 1287 1892 vinum
1326 1860 1578 1890 Nomentanum

877 1914 1039 1946 audiebat
1068 1913 1187 1944 durum
1226 1916 1262 1943 et
1295 1909 1452 1950 insuave)
1475 1915 1578 1949 atque

876 1969 1032 1996 naturam
1049 1968 1230 2002 austeram,
1255 1971 1332 1992 cum
1348 1961 1434 1991 vinis
1451 1959 1504 1990 vel
1521 1968 1579 1999 op-

879 2015 967 2046 timis
983 2013 1206 2051 contendere,
1220 2017 1255 2043 et
1272 2010 1489 2052 Opimianum
1501 2009 1581 2048 dici,

878 2067 931 2097 vel
948 2066 1142 2104 Falernum,
1158 2065 1211 2095 vel
1235 2062 1327 2094 aliud
1355 2062 1579 2104 quodcunque

878 2117 995 2148 addito
1026 2115 1198 2157 amphorae
1228 2115 1341 2154 titulo,
1366 2113 1579 2144 commenda-

879 2174 944 2199 tur.

920 2222 938 2249 3
964 2217 1083 2257 Mores]
1106 2216 1339 2257 Asperitatem
1360 2218 1395 2245 et
1411 2214 1579 2253 ingratum

878 2278 1047 2310 saporem.
1093 2266 1226 2306 Nonum]
1268 2265 1403 2304 Nempe
1433 2263 1581 2303 cujusvis

879 2317 1126 2361 generosissimi
1166 2317 1235 2347 vini
1272 2315 1421 2353 nomine,
1467 2314 1580 2344 vinum

878 2369 962 2402 illud
990 2368 1162 2408 indigitari
1188 2376 1300 2408 posse,
1327 2371 1364 2396 ut
1390 2365 1445 2395 vel
1466 2365 1580 2395 Faler-

879 2431 958 2452 num
984 2429 1097 2458 voces,
1113 2418 1168 2448 vel
1190 2418 1366 2455 Calenum,
1390 2416 1442 2446 vel
1461 2415 1581 2445 Massi-

879 2481 968 2509 cum,
998 2472 1060 2500 ἃς.
1083 2469 1176 2499 nullo
1205 2467 1293 2498 enim
1317 2466 1469 2497 deterius
1493 2474 1579 2496 esse.

879 2524 1033 2554 Musamb.

921 2577 940 2604 4
964 2572 1068 2611 Anus]
1091 2571 1281 2611 Metonym.
1299 2568 1404 2600 cadus
1429 2577 1488 2598 seu
1512 2576 1581 2597 am-

880 2627 985 2666 phora
1012 2627 1158 2655 vetusta.
1181 2621 1259 2652 vide
1284 2630 1385 2661 supra
1409 2619 1498 2660 epig.
1526 2621 1578 2649 40.

878 2686 969 2707 vers.
987 2678 1016 2706 1.

922 2727 1023 2757 EP1G.
1038 2733 1128 2756 cvlt.
1152 2727 1167 2755 1
1184 2721 1370 2762 Interponis,
1392 2719 1460 2760 εμπ]
1484 2719 1581 2750 Deri-

879 2777 939 2809 det
948 2775 1083 2816 Rufum,
1095 2774 1219 2806 frustra
1232 2776 1487 2814 exspectantem
1503 2771 1581 2802 Na.-
