1866 3131
386 198 433 227 M.
468 198 527 227 VA
540 198 579 227 L.

141 292 374 330 spectaculum
395 291 584 323 adduxerat
595 291 814 323 Domitianus
828 302 838 329 3

140 351 159 370 a
181 351 246 381 qua
263 351 299 371 re
314 342 482 372 Martialis
498 342 589 373 illum
606 342 768 373 laudandi
784 351 839 373 oc·

142 392 314 421 casionem
326 392 462 431 arripi13
476 392 606 433 ipsique
622 393 771 430 Baccho,
783 392 838 432 qui

142 443 272 473 duabus
307 444 449 483 tigribus
481 444 713 483 triumphavit,
744 449 839 474 ante-

144 493 302 533 ponendi.

190 546 202 573 l
232 544 306 573 Eois
337 544 434 583 arvis]
481 544 692 584 Periplirasis
730 543 839 574 Iudiae

146 594 344 625 orientalis.
406 595 611 635 Gangeticus]
669 594 841 626 Asiaticus

145 644 271 682 dictus,
291 654 309 674 a
325 644 446 684 Gange
470 645 680 676 nobilissimo
702 645 841 676 flumine

147 694 248 724 Asiae.
287 694 480 733 Gangeticus
507 695 641 735 Raptor]
689 695 842 725 Venator

146 743 251 773 Indus
269 754 333 774 non
359 745 457 775 timet
480 750 530 775 tot
549 745 653 785 tigres
670 745 704 776 iu
721 745 844 776 Orien-

146 794 270 824 talibus
289 795 497 835 regionibus,
512 802 608 837 quot,
624 799 688 828 &m

189 848 208 875 2
232 845 381 886 Hyrcano
396 846 563 886 quifugz't]
586 847 638 877 Ex
660 847 844 888 Hyrcania.

147 894 225 933 Vel,
252 904 316 925 uon
349 895 495 935 segniori
526 905 626 936 quam
658 901 736 927 suut
767 897 845 937 equi

147 944 317 984 Hyrcani:
342 946 409 983 vel,
432 946 465 976 in
496 946 685 986 Hyrcania,
707 946 765 976 ubi
790 957 845 977 ve-

146 1000 270 1025 nantur
294 996 397 1035 tigres
414 1005 479 1026 non
496 1006 591 1027 secus
608 1007 647 1027 ac
668 997 700 1026 in
725 997 844 1028 India:

146 1043 236 1074 unde
261 1044 328 1083 legi
354 1050 481 1085 potest,
505 1049 535 1076 et
552 1046 712 1087 Hyrcano.
759 1047 847 1077 Vide

147 1094 264 1134 Epigr.
292 1097 343 1125 18.
365 1095 423 1127 lib.
446 1097 606 1137 Spectac.
634 1097 733 1128 Albus
755 1097 847 1138 equo]

147 1145 247 1175 Metu
266 1144 422 1185 pallidus.

190 1197 209 1224 3
237 1195 301 1226 Τιια
317 1195 430 1234 Roma,
445 1195 513 1236 fisa]
537 1196 646 1236 Supra
669 1196 849 1237 Epigram-

149 1250 240 1276 mate
259 1248 309 1277 11.
329 1255 418 1278 νει-5.
436 1249 464 1277 1.
511 1247 710 1288 Germanice,
732 1248 848 1289 tigres]

150 1296 361 1336 Epigramm.
379 1300 410 1327 2.
427 1297 484 1328 lib.
499 1301 530 1328 5.
547 1307 636 1329 vers.
654 1301 684 1329 7.

192 1348 212 1376 4
236 1346 388 1387 Delicias,
400 1346 468 1386 ᾃε.]
492 1348 699 1387 Spectaculi.

193 1400 212 1427 5
242 1396 349 1427 Vincit
361 1398 557 1438 Erythraeos,
569 1398 638 1438 δῖα]
659 1400 769 1430 Tuum
782 1409 849 1430 am-

151 1446 394 1486 phitheatrum,
409 1457 429 1478 o
442 1448 571 1487 Caesar,
581 1455 720 1489 superat
733 1450 850 1481 trium-

154 1497 256 1536 phum
274 1498 402 1528 Bacchi
420 1497 554 1529 reducis
578 1508 621 1529 ex
637 1499 751 1539 India,
767 1500 850 1530 Per-

152 1548 215 1584 sia,
230 1551 265 1576 et
276 1547 431 1578 litoribus
447 1548 553 1578 Rubri
565 1549 671 1580 Maris
683 1550 851 1581 devictis:

150 1596 246 1637 (vide
268 1597 477 1637 Epigrainm.
498 1601 551 1629 37.
573 1598 630 1629 lib.
645 1602 674 1629 5.
692 1609 778 1630 vers.
804 1602 852 1641 4.)

155 1656 299 1688 namque
312 1648 368 1678 ille
385 1648 619 1687 triumphavit,
630 1649 764 1689 gemina
780 1653 852 1680 tan-

155 1701 226 1728 tuin
243 1698 396 1728 invectus
413 1698 550 1737 tigride,
567 1703 605 1729 tu
620 1699 785 1739 pluribus.

196 1749 302 1779 limo.
319 1757 437 1779 xxvu.
455 1749 658 1788 Captatores
673 1754 854 1780 testamen-

156 1803 267 1828 torum
295 1798 544 1829 insidiabantur
566 1799 728 1830 divitibus
755 1800 854 1840 aegris

157 1853 193 1878 et
219 1848 378 1887 senibus;
411 1848 545 1889 illisque
571 1858 713 1879 munera
740 1850 853 1880 initte-

154 1899 249 1938 bant,
272 1905 310 1930 ut
334 1900 487 1929 haeredes
509 1899 754 1931 scriberentur.
801 1901 855 1930 De

154 1949 217 1981 hac
233 1949 354 1980 fraude
373 1954 489 1981 monet
510 1949 662 1980 Gaurum
679 1950 802 1989 Poeta,
819 1955 855 1981 ut

159 2000 224 2030 sibi
251 2000 293 2031 ab
317 1999 506 2041 hujusmodi
530 2000 701 2032 vulturum
725 2001 856 2032 insidiis

157 2056 291 2082 caveat.
312 2089 315 2092 ἢ

200 2104 220 2131 2
243 2101 383 2142 Morere]
406 2102 454 2133 Ut
469 2101 502 2132 in
518 2101 606 2132 bona
620 2105 680 2132 tua
694 2101 858 2133 succedat

157 2152 369 2193 haeredipeta
384 2153 461 2184 ille:
487 2153 604 2193 Epigr.
619 2156 671 2184 63.
687 2153 745 2183 lib.
758 2156 790 2184 6.

203 2203 309 2234 Eme.
325 2211 459 2235 xxv111.
475 2203 527 2234 De
542 2203 755 2234 Partheniana
769 2203 858 2244 toga]

160 2252 318 2283 Donatus
333 2262 354 2284 a
369 2253 567 2292 Parthenio,
582 2253 744 2294 praefecto
765 2255 855 2285 cubi-

163 2303 232 2333 culi
250 2304 450 2343 Domitiani,
464 2304 569 2335 nobili
585 2310 676 2344 toga,
690 2305 858 2336 Martialis

162 2352 251 2392 petit
262 2357 355 2383 tecte
368 2354 538 2384 meliorem
550 2354 652 2385 etiam
666 2355 836 2386 lacernam
848 2366 858 2395 ;

163 2402 288 2443 alioqui
304 2413 339 2433 se
354 2403 499 2434 ludibrio
516 2403 589 2435 fore
606 2406 744 2446 populo,
757 2406 783 2437 si
800 2416 860 2437 no·

161 2452 324 2483 bilissima
346 2453 649 2497 candidissimaque
673 2461 755 2497 toga
769 2457 860 2489 ince-

166 2503 238 2542 dat,
253 2508 288 2534 et
305 2503 404 2534 vilem
422 2504 606 2547 tritamque
626 2507 794 2539 lacernam
809 2514 859 2540 to-

166 2564 216 2595 gae
248 2564 344 2585 novae
375 2555 517 2596 injiciat.
565 2558 719 2591 Raderus.
767 2561 860 2600 'roga

166 2606 291 2636 donata
304 2606 455 2636 Martiali
468 2617 486 2636 a
497 2607 698 2650 Parthenio,
713 2611 769 2651 qui
787 2611 860 2642 Caz—

166 2657 265 2688 saria
279 2657 458 2695 cul›iculis;
484 2658 600 2698 Epigr.
611 2662 642 2689 6.
658 2661 716 2691 lib.
734 2665 766 2691 5.

212 2711 226 2738 l
254 2708 319 2738 Dic
333 2707 421 2747 toga]
446 2708 514 2738 Per
527 2711 798 2750 prosopopeiani,
813 2717 860 2743 to-

167 2768 241 2798 gam
256 2758 449 2800 alloquitur.
485 2758 625 2790 Facundi
636 2765 775 2802 gratum,
792 2763 861 2803 ἐγὼ]

615 196 889 227 ΜΑΗἸῚΑΙᾸὸ1
926 198 1085 226 El’lGR.
1124 198 1213 227 [ΑΒ.
1242 198 1345 226 ΗΙΙ.

1474 189 1493 228 1
1502 189 1587 230 305

891 292 994 323 Docti
1008 292 1138 323 scilicet
1157 298 1258 334 atquc
1273 292 1397 334 po'e‘tae,
1410 298 1446 324 nt
1461 293 1523 333 Ep.
1537 296 1588 323 50.

891 343 951 373 lib.
967 345 998 372 9.
1016 348 1051 373 et
1068 344 1132 384 Ep.
1151 348 1182 375 5.
1200 344 1257 376 lib.
1273 348 1305 376 5.
1323 354 1409 376 vers.
1426 347 1456 375 1.
1473 348 1508 374 et
1524 344 1589 383 Ep.

892 397 923 426 1.
940 394 996 425 lib.
1014 398 1027 425 l
1038 397 1065 426 l.

934 448 953 475 2
978 446 1055 475 Esse
1082 446 1168 484 velis,
1187 446 1253 485 Qu]
1278 446 1306 476 1⁴2
1329 447 1434 486 cujati
1464 447 1590 476 vellere

893 496 949 526 es?
987 496 1042 526 De
1059 495 1297 527 laudatissimis
1313 498 1397 528 lanae
1413 496 1592 538 generibus

893 546 1010 587 Epigr.
1028 549 1101 577 155.
1120 545 1179 577 lib.
1200 550 1250 577 14.

935 598 955 626 3
978 595 1098 636 Apula]
1138 597 1324 628 Eunrnerat
1354 597 1594 638 praestantissi-

894 656 949 676 ma
977 656 1103 686 genera
1125 647 1302 686 vellerum,
1317 648 1406 678 inter
1429 658 1505 689 quae
1530 648 1596 688 pri-

894 706 984 727 mum
1013 696 1253 735 Tarentinum,
1282 697 1325 728 de
1356 707 1422 738 quo
1452 698 1510 728 lib.
1542 700 1595 729 14.

896 746 1015 787 Epigr.
1040 750 1113 778 155.
1150 747 1284 788 Apula?
1322 747 1376 778 An
1397 758 1416 778 a
1435 748 1595 787 gregibus

896 798 929 829 in
958 798 1094 838 pascuis
1115 799 1253 829 Tarenti
1275 799 1309 829 in
1332 799 1470 839 Apulia,
1494 809 1594 840 quam

897 848 1051 879 condidit
1077 849 1263 880 Phalantus
1295 849 1599 880 Lacedaemonius?

898 899 1016 939 Epigr.
1031 901 1083 930 38.
1100 900 1121 930 l.
1137 903 1167 930 5.
1186 908 1272 930 vers.
1287 902 1320 931 2.
1346 900 1454 930 Ledaei
1470 899 1544 939 tibi]
1570 901 1598 930 Ε

898 949 1159 988 Lacedaemone,
1182 950 1274 980 clara
1296 949 1483 981 concubitu
1502 950 1599 982 Jovis

899 1002 934 1029 et
967 999 1084 1039 Ledae,
1123 1000 1293 1041 Ledaeque
1335 1000 1437 1031 natis.
1477 1000 1598 1031 Fluruit

898 1048 1006 1089 herba]
1031 1051 1140 1082 Quam
1165 1060 1243 1081 oves
1259 1051 1453 1081 Tarentinae
1478 1050 1600 1090 depas-

900 1104 944 1129 1ae
976 1104 1065 1130 sunt.
1101 1100 1267 1143 Phalanti]
1288 1101 1481 1132 Tarentinae
1506 1100 1600 1131 urbis

899 1149 1097 1181 conditoris.

941 1202 960 1230 4
988 1200 1058 1235 Qua
1072 1203 1208 1239 saturat,
1225 1200 1293 1240 fisa]
1317 1200 1394 1232 Qua
1417 1200 1560 1231 Galesus
1582 1210 1602 1231 a

900 1248 1054 1280 Calabris
1065 1255 1159 1281 ortus
1171 1250 1290 1290 irrigat
1301 1251 1402 1282 culta.
1416 1251 1534 1292 Epigr.
1548 1254 1603 1283 38.

901 1301 959 1332 lib.
975 1304 1006 1332 5.
1023 1311 1112 1332 vers,
1129 1304 1161 1332 2.

943 1354 962 1381 5
987 1352 1039 1382 An
1054 1351 1280 1392 Tartessiacas]
1304 1352 1356 1383 An
1371 1362 1413 1384 ex
1425 1352 1604 1393 Hispania,

901 1401 959 1433 ubi
976 1402 1127 1433 Tartessi
1143 1401 1225 1435 fluv.
1242 1413 1316 1444 quae
1331 1408 1365 1434 et
1382 1404 1501 1443 Baetis,
1516 1414 1604 1445 aqua

902 1456 1007 1493 epota
1025 1453 1130 1483 vestit
1157 1462 1236 1483 oves
1259 1454 1363 1484 nobili
1383 1454 1477 1485 lana?
1501 1454 1605 1486 Juve—

901 1504 970 1533 nal.
994 1504 1107 1543 satyr.
1129 1506 1182 1535 12.
1201 1512 1286 1534 vers.
1308 1506 1361 1534 41.
1404 1504 1528 1535 Stabuli
1549 1515 1604 1535 mi—

901 1552 1011 1593 tritor]
1035 1553 1186 1594 Flavius,
1208 1554 1266 1595 qui
1293 1553 1419 1586 bibitur
1445 1555 1605 1596 Hispanis

903 1604 1034 1635 ovibus.

946 1649 964 1676 7
988 1647 1040 1677 An
1056 1649 1111 1677 tua
1125 1646 1327 1688 multifidum]
1348 1646 1402 1678 An
1420 1647 1461 1678 ab
1478 1646 1607 1686 Altino,

903 1697 1007 1727 nobili
1035 1696 1153 1727 ovibus
1183 1703 1217 1727 et
1243 1698 1333 1736 lana,
1362 1707 1469 1737 prope
1494 1698 1606 1728 Tinia-

904 1756 981 1777 vum
1005 1747 1120 1777 inultis
1150 1746 1246 1777 ostiis
1272 1747 1304 1776 in
1330 1747 1428 1777 Mare
1456 1746 1607 1777 Adriati-

904 1807 981 1828 cum
997 1795 1222 1827 influentem?
1246 1802 1284 1827 ut
1300 1796 1414 1837 Epigr.
1431 1800 1483 1827 25.
1500 1797 1556 1828 lib.
1572 1800 1605 1828 4.

906 1857 992 1879 vers.
1021 1851 1052 1879 5.
1106 1846 1304 1885 Numer-avit,
1332 1847 1402 1887 ἐξα]
1450 1847 1605 1878 Patlios:

906 1899 1001 1939 quasi
1017 1898 1095 1929 lana
1116 1903 1175 1929 aut
1198 1897 1269 1928 ovis
1293 1903 1404 1928 nosset
1430 1907 1606 1928 nmnerum

906 1949 1071 1979 ostiorum
1097 1947 1240 1987 Timavi,
1257 1947 1372 1978 sintne
1399 1952 1534 1989 septem
1566 1958 1608 1979 au

905 2008 1038 2030 novem.

949 2052 969 2080 8
994 2049 1095 2085 Quem
1121 2049 1222 2089 prius,
1239 2048 1310 2089 δῖα]
1349 2048 1503 2089 Cyllarus
1535 2049 1609 2090 qui·

907 2101 984 2132 dam
1011 2100 1106 2130 vexit
1134 2099 1291 2138 Castora,
1315 2099 1373 2140 qui
1397 2109 1472 2130 cum
1497 2098 1607 2140 Argo-

908 2150 1019 2182 nautis
1060 2150 1238 2180 Timavum
1284 2149 1532 2189 praetervexit:
1571 2153 1609 2180 ut

909 2202 1027 2242 Epigr.
1047 2203 1101 2231 25.
1125 2199 1183 2231 lib.
1205 2203 1238 2231 4.
1262 2206 1365 2241 atque
1386 2200 1462 2240 ipse
1486 2200 1609 2232 Castor

909 2253 943 2283 in
960 2252 1054 2283 sidus
1071 2251 1198 2281 relatus
1214 2254 1278 2282 est.
1324 2250 1408 2281 Cum
1421 2260 1501 2281 vero
1513 2250 1608 2282 dicat

910 2304 919 2320 ‘
937 2301 1093 2334 astrifero
1116 2300 1197 2340 ore,’
1224 2300 1337 2331 malim
1364 2299 1406 2331 de
1432 2300 1507 2340 ipso
1531 2302 1609 2342 Cyl-

909 2354 980 2384 laro
997 2353 1031 2383 in
1048 2356 1176 2383 astrum
1194 2360 1291 2381 verso
1312 2350 1516 2392 intelligere.
1550 2356 1610 2383 bu-

910 2415 972 2446 pra
988 2404 1104 2443 Epigr.
1120 2404 1174 2433 21.
1190 2411 1278 2432 verS.
1295 2404 1326 2433 5.

952 2459 972 2487 9
997 2455 1038 2486 Te
1052 2463 1107 2484 nec
1122 2452 1276 2492 Amyclaeo
1290 2450 1407 2491 decuit]
1433 2451 1529 2483 Adeo
1550 2463 1609 2485 ex·

909 2508 988 2538 imie
1001 2503 1147 2537 candida
1159 2513 1206 2542 e5‚
1221 2507 1336 2533 utnon
1350 2512 1440 2533 esses
1455 2503 1608 2535 inficien-

909 2559 955 2590 da
977 2564 1128 2598 purpura
1144 2553 1406 2584 Lacedaemonia
1429 2562 1490 2584 nec
1509 2555 1608 2599 Mile-

910 2610 970 2640 sia.
1014 2605 1156 2645 Amycle
1172 2608 1285 2634 autem
1310 2603 1466 2634 Laconiae
1489 2604 1608 2636 civitas

910 2665 984 2691 est:
1008 2657 1149 2688 Miletus
1165 2654 1271 2684 Ioniae
1295 2654 1328 2684 in
1343 2652 1440 2685 Asia.
1477 2655 1608 2696 Livere]

911 2713 1021 2744 Succo
1038 2706 1154 2738 imbui.
1170 2704 1322 2744 Metaph.

954 2763 994 2792 10
1018 2755 1163 2796 Miletus]
1184 2754 1358 2796 Oppidum
1377 2754 1482 2796 Asiae,
1495 2756 1527 2787 in
1542 2766 1608 2798 quo
