1866 3131
210 177 323 219 1236

250 285 270 314 7
295 283 464 320 Ραένοηοε,
480 281 547 321 850]
572 280 641 312 Vos
665 285 836 322 parentes.

251 336 270 364 8
294 333 398 363 Bloeso
412 332 552 371 garriat,
578 332 650 373 ssa]
673 331 774 364 Quod
798 332 832 362 in
864 336 914 362 te-

207 385 306 415 nellis
323 388 358 414 et
376 382 563 414 infantibus
580 387 713 423 gratum
730 385 792 414 est.

251 438 271 466 9
295 435 408 466 Mollia
423 444 478 466 nec
491 435 627 474 rigidus,
643 434 712 475 ἐξα]
737 435 865 465 Fausta
879 437 915 464 et

207 487 355 518 solennis
372 487 460 518 bene
476 486 639 527 precandi
655 485 796 516 mortuis
816 486 915 526 (quos

207 536 385 577 amabant)
407 536 567 570 formula.
589 537 662 568 ‘Sit
677 536 738 567 tibi
754 541 845 567 terra
869 537 916 566 le-

206 587 281 625 vis‚'
304 588 509 629 tumulisque
528 588 694 629 inscripta
709 588 744 619 S.
766 588 806 619 T.
821 587 863 618 Τ.
877 588 915 618 L.

207 645 245 672 ut
262 640 395 671 scilicet
410 638 519 670 facilis
534 643 670 679 pateret
685 638 806 669 animae
824 637 915 668 redi-

206 690 255 722 tio
272 695 307 721 et
323 690 391 721 iter
404 689 446 720 ad
465 690 679 730 sepulchrum
704 689 738 719 in
758 693 915 729 parenta-

204 742 306 772 libus.
352 741 512 782 Sepultos
527 744 639 771 autem
654 740 736 770 diris
753 744 787 770 et
802 739 915 769 incan-

206 791 391 823 tationibus
429 791 544 831 urgeri
577 801 595 821 a
630 795 723 821 terra
768 789 915 829 graviori

206 842 417 880 credebant;
447 841 569 882 quibus
587 842 700 881 itaque
718 840 806 870 male
824 839 915 870 vole-

207 893 305 931 hant,
321 898 448 924 terram
467 901 602 932 gravem
622 890 914 930 imprecabantur.

206 943 296 974 Vide
313 953 387 983 quae
413 942 455 972 ad
480 943 539 973 ult.
573 950 659 972 vers.
690 940 832 981 Hippol.
857 941 914 971 Se—

207 1004 303 1026 necae
321 993 499 1024 adnotavit
515 993 618 1023 Farn.

250 1048 290 1076 10
318 1045 388 1074 Non
413 1043 495 1083 suit,
527 1043 597 1083 ἐξα]
636 1042 699 1073 Illa
733 1041 820 1072 enim
849 1040 916 1074 fuit

205 1095 359 1134 parvula,
384 1104 447 1126 nec
473 1094 534 1125 tibi
552 1093 659 1124 oneri.
706 1093 806 1133 Epig.
823 1096 875 1123 52.
893 1093 915 1123 l.

206 1148 237 1177 6.
253 1154 339 1175 vers.
354 1149 385 1176 5.

251 1197 357 1228 Eme.
370 1205 489 1227 xxxv.
508 1195 663 1227 Gerebat
677 1204 712 1225 se
724 1203 785 1234 pro
797 1193 915 1234 equite

208 1247 380 1284 Euclides,
408 1256 509 1287 quum
535 1256 652 1276 servus
678 1250 793 1283 essen
816 1255 915 1286 quem

208 1298 321 1338 lepide
339 1298 486 1337 deridet,
501 1298 581 1328 dum
600 1297 773 1338 proditum
792 1307 811 1327 a
828 1297 914 1327 clavi

207 1349 250 1379 de
266 1350 340 1380 sinu
359 1349 508 1380 cadente
527 1348 626 1379 dicit.
648 1348 764 1378 Rader.

259 1403 275 1431 1
306 1400 438 1437 Redire,
461 1399 529 1439 So]
560 1398 718 1430 Reditum
751 1398 815 1429 sibi
840 1408 914 1429 csse

207 1459 355 1480 annuum
387 1460 427 1480 cx
461 1449 576 1480 fundis
604 1448 830 1480 Patrensibus
856 1449 915 1479 du-

208 1505 321 1530 centa.
368 1500 475 1531 Patra
504 1504 617 1530 autem
650 1509 716 1530 non
750 1501 867 1539 procul
896 1509 915 1530 a

207 1550 382 1589 Corinthu,
399 1551 476 1582 urbs
495 1550 646 1581 Achaiae.

249 1603 268 1631 2
295 1602 481 1632 Coccimitus
508 1600 669 1640 Euclides]
691 1601 803 1641 Supra
835 1600 914 1641 Epi-

210 1661 351 1691 gramm.
371 1655 424 1683 23.
439 1663 523 1683 vers.
540 1656 571 1683 5.

249 1707 268 1734 3
297 1705 534 1745 Corinthioque,
551 1705 620 1744 Sym]
653 1705 797 1737 Graecus
824 1706 914 1736 euim

211 1754 385 1792 Euclides,
400 1764 418 1785 e
435 1755 612 1785 Corintho.

250 1808 269 1834 4
308 1804 512 1844 Longumque
547 1806 691 1846 pulchra]
726 1806 913 1847 Jactatque

207 1855 333 1886 ducere
351 1864 456 1895 genus
474 1855 514 1885 ab
528 1855 862 1895 equitibus,Castore
879 1862 914 1888 et

207 1907 365 1946 Polluce,
378 1905 455 1937 filiis
472 1906 573 1937 Ledae
596 1916 613 1937 e
629 1907 729 1939 Jove.
775 1907 914 1938 Stemma

207 1959 336 1998 repetit,
351 1956 419 1997 dra]
446 1957 522 1988 Lib.
536 1960 569 1988 2.
582 1958 699 1998 Epigr.
713 1960 766 1989 90.
785 1967 871 1989 vers.
883 1961 912 1989 6.

248 2012 267 2038 5
302 2008 411 2039 Lectio
442 2007 628 2048 reluctatur]
675 2008 913 2048 Designatori‚

209 2069 284 2089 eum
303 2068 345 2089 ex
360 2058 512 2099 equestri
525 2058 600 2088 loco
615 2057 792 2097 excitanti,
804 2058 913 2089 reluc-

208 2116 313 2141 tatur.

263 2164 283 2192 6
309 2161 420 2202 Equiti
455 2160 598 2201 superbo,
629 2159 705 2200 Ἐγὼ]
750 2160 908 2191 Ironice:

205 2212 284 2242 huic
307 2211 441 2242 Euclidi
460 2218 528 2242 tam
553 2211 686 2250 illustri,
714 2212 859 2251 potenti,
877 2216 911 2242 et

207 2261 400 2302 magnifico.

250 2317 268 2344 ’7
290 2315 342 2345 De
357 2316 427 2345 sinu
438 2314 547 2355 clavis]
566 2314 679 2345 Clavis
690 2318 765 2345 erat
778 2314 910 2353 insigne

209 2365 302 2404 quasi
318 2375 491 2396 servorum
506 2377 514 2403 3
545 2365 724 2405 gestabant
741 2364 828 2395 servi
845 2364 911 2394 cla-

209 2425 288 2454 vcs;
331 2420 366 2446 et
394 2416 458 2446 hoc
488 2425 609 2446 munus
640 2415 784 2446 illorum.
830 2414 909 2455 Lip-

208 2467 282 2497 sins.

250 2520 269 2547 S
296 2517 436 2557 Nequior
454 2516 523 2555 fuit
552 2515 662 2555 clavis]
687 2516 775 2548 Quae
801 2514 912 2555 prodi-

208 2565 257 2597 dit
276 2565 428 2598 fortunas
457 2566 583 2597 domini
602 2565 665 2605 sui,
693 2565 911 2606 ostenditque

209 2617 372 2648 Eucliden
397 2618 448 2647 vel
476 2618 586 2657 ipsum
605 2626 678 2647 esse
695 2625 842 2655 servum,
857 2616 911 2646 cui

209 2677 298 2697 eurae
333 2667 444 2698 aliena
473 2668 578 2698 clavis
596 2678 603 2697 :
642 2667 695 2696 vel
727 2674 911 2707 pauperem

210 2717 341 2755 saliem,
370 2717 426 2748 cui
457 2727 555 2748 nemo
580 2718 737 2756 famulus,
762 2717 819 2758 qui
838 2717 911 2757 ipse

210 2777 302 2796 suam
320 2772 469 2805 gestaret
484 2769 625 2798 clavem.

680 186 821 216 NOTAE
857 186 1122 217 VARlORUM
1162 187 1212 216 {N

1004 281 1106 312 Epio.
1135 288 1269 311 XXXV1.
1304 280 1460 310 Carmine
1490 289 1564 311 meo
1588 280 1669 311 dedi

966 330 1016 361 illi
1045 331 1191 361 nominis
1220 330 1523 369 immortalitatem,
1561 340 1673 370 neque

967 380 1221 422 (dissimulante
1238 381 1295 412 illo
1324 391 1360 412 se
1384 381 1517 412 nescire
1532 390 1586 412 me
1600 381 1679 412 hinc

965 441 1089 462 munus
1125 436 1282 473 captare,
1318 431 1436 472 Epigr.
1466 435 1518 464 89.
1555 432 1613 464 lib.
1643 436 1677 464 4.

966 492 1051 513 vers.
1090 485 1142 514 10.
1186 482 1256 520 ll.)
1311 482 1488 523 praemium
1544 482 1677 522 accepi,

966 532 1119 574 adeoque
1147 543 1242 574 spem
1268 543 1378 564 meam
1395 532 1515 564 falsam
1542 533 1674 564 habuit.

1007 586 1113 616 Epm.
1138 594 1289 617 xxxvu.
1315 585 1431 626 Luget
1455 585 1597 617 Erotion
1615 595 1677 625 pu-

965 636 1063 667 ellam
1081 636 1141 677 (de
1154 647 1220 677 qua
1233 646 1336 677 supra
1353 636 1452 676 Epig.
1465 635 1536 677 34.)
1548 641 1584 666 et
1601 645 1675 666 eam

964 687 1008 717 ab
1047 687 1228 728 elegantia,
1268 687 1536 728 pulchritudine,
1565 686 1675 717 suavi-

967 744 1052 779 tate,
1078 740 1180 771 variis
1207 745 1439 781 comparatam
1464 740 1565 771 rebus
1584 749 1675 770 com-

965 789 1117 820 mendat.
1163 791 1313 822 Demum
1346 791 1450 822 vertit
1486 792 1611 831 stylum
1640 790 1675 820 in

965 841 1123 879 Paetum3
1149 841 1207 881 qui
1239 842 1436 873 Martialem
1469 842 1562 872 velut
1586 840 1676 871 frac-

966 897 1036 922 tum
1054 897 1090 923 et
1106 893 1239 923 mollem
1270 892 1556 933 reprehendebat,
1585 892 1675 933 quod

966 943 1114 974 vernulae
1140 947 1286 974 mortem
1311 948 1493 984 tantopere
1517 943 1674 984 deplora-

967 998 1034 1033 ret,
1065 1003 1167 1035 quum
1207 994 1270 1025 sibi
1304 998 1439 1024 mortua
1466 1003 1573 1024 uxore
1600 993 1674 1033 ipse

967 1049 1080 1076 tamen
1113 1049 1300 1082 constaret,
1331 1049 1367 1075 et
1391 1044 1529 1075 fortiter
1558 1053 1673 1075 casum

966 1104 1060 1125 suum
1090 1094 1210 1126 ferret.
1270 1095 1332 1126 Cui
1372 1095 1546 1126 Martialis
1585 1094 1674 1124 salse

967 1146 1166 1185 respondet,
1183 1151 1326 1177 mortem
1344 1146 1458 1176 uxoris
1476 1145 1583 1175 videri
1601 1154 1675 1185 pos-

966 1205 1001 1226 se
1019 1196 1220 1236 expetiisse,
1238 1197 1316 1238 quia
1335 1196 1414 1227 inde
1431 1197 1675 1237 locupletatus.

967 1246 1051 1278 Rati.

1010 1301 1026 1328 1
1052 1298 1166 1328 Puella
1191 1297 1327 1336 senibus,
1356 1296 1425 1337 ξω]
1451 1297 1605 1336 Erotion,
1629 1297 1671 1327 de

965 1358 1032 1390 qua
1055 1358 1169 1389 supra,
1202 1348 1321 1390 Epigr.
1347 1350 1400 1379 34.
1444 1346 1574 1388 Cycm's]
1604 1347 1673 1380 Qui

967 1399 1115 1429 candore
1149 1404 1228 1429 sunt
1264 1398 1400 1437 eximio,
1437 1403 1473 1429 et
1517 1398 1673 1428 morituri

965 1450 1066 1480 dulce
1098 1455 1240 1487 canunt,
1271 1455 1309 1480 ut
1333 1450 1448 1489 placet
1478 1449 1671 1479 nonnullis:

965 1501 1047 1531 licet
1065 1500 1098 1531 id
1116 1505 1244 1541 negent
1268 1500 1413 1530 sanioris
1435 1498 1560 1539 judicii
1575 1504 1669 1530 auto-

965 1561 1029 1582 res.
1074 1552 1180 1583 Quasi
1212 1552 1351 1581 innuere
1387 1550 1492 1581 vellet
1532 1550 1674 1581 Erotion

965 1602 1198 1634 candidiorem
1214 1601 1318 1633 fuisse
1334 1611 1456 1643 cygno,
1469 1601 1672 1642 suaviusque

965 1659 1140 1691 cantasse3
1169 1659 1205 1684 et
1223 1653 1426 1684 teneriorem
1441 1652 1544 1683 fuisse
1557 1652 1671 1693 agnel-

966 1705 1005 1734 lis
1018 1704 1226 1736 Tarentinis.

1013 1758 1032 1786 2
1057 1755 1152 1795 Agna
1187 1755 1310 1793 Galesi,
1337 1753 1407 1795 Qu]
1433 1753 1531 1794 Agna
1547 1754 1672 1784 Turen-

965 1807 1034 1836 tina
1049 1806 1192 1836 mollior.
1238 1806 1356 1836 Mollia
1370 1805 1459 1835 enim
1472 1804 1670 1835 Tarentina-

965 1865 1036 1885 rum
1063 1856 1230 1895 pecudum
1255 1855 1392 1892 vellera,
1421 1854 1499 1895 quia
1528 1854 1672 1894 pellibus

964 1904 1208 1944 integebantur
1236 1903 1275 1934 ad
1306 1903 1567 1934 teneritudinem
1595 1913 1672 1934 cou-

963 1955 1179 1992 scrvandam,
1209 1958 1246 1985 ut
1271 1959 1369 1985 notat
1385 1953 1602 1993 Porphyrion
1627 1953 1669 1983 ad

965 2005 1065 2036 Oden
1096 2008 1129 2036 6.
1153 1998 1238 2035 libro
1254 2007 1284 2036 2.
1311 2004 1422 2034 Carm.
1453 2003 1575 2034 Horat.
1611 2004 1668 2034 Sic

963 2054 1087 2092 μαλακὰ
1121 2054 1263 2094 πρόβατα
1301 2054 1459 2085 dicuntur
1508 2053 1668 2094 Polybio.

963 2106 1096 2136 Hei-ald.
1142 2106 1328 2135 Tarentum
1345 2104 1443 2135 alluit
1459 2102 1492 2135 fl.
1510 2104 1668 2142 Galesus,

962 2156 1115 2187 condidit
1132 2155 1318 2186 Phalantus
1336 2156 1462 2187 Lacon.
1484 2156 1603 2196 Epigr.
1615 2158 1671 2186 43.

962 2207 1020 2238 lib.
1037 2210 1068 2238 2.
1083 2216 1170 2237 vers..
1188 2209 1222 2237 2.

1003 2260 1022 2288 3
1048 2257 1170 2288 Concha
1194 2257 1334 2293 Lucrini,
1358 2256 1430 2297 ὅπη]
1456 2257 1548 2296 Non,
1577 2257 1667 2298 quod

961 2314 1074 2339 ostrea
1090 2308 1236 2339 Lucrina
1253 2307 1432 2347 gulonibus
1456 2307 1668 2347 expeteban-

961 2364 1029 2399 tur,
1045 2364 1082 2389 ut
1110 2358 1252 2398 exponit
1279 2357 1457 2395 Raderus;
1481 2357 1541 2388 sed
1573 2357 1666 2398 quia,

960 2411 970 2426 ‘
982 2410 1105 2440 Levior
1118 2409 1254 2440 assiduo
1267 2408 1404 2440 detritis
1421 2418 1560 2450 aeqnore
1584 2418 1664 2439 con-

961 2461 1068 2492 chis:'
1092 2466 1129 2491 ut
1161 2461 1277 2500 pingui
1308 2470 1347 2491 ac
1374 2460 1451 2491 rudi
1482 2459 1595 2491 fistula
1613 2469 1668 2490 ca-

961 2516 1097 2542 nentem
1113 2510 1198 2542 facit
1209 2512 1453 2552 Polyphemum
1469 2510 1576 2542 Ovid.
1590 2510 1665 2541 Me-

962 2563 1126 2602 tamorph.
1148 2565 1200 2592 13.
1217 2562 1306 2592 unde
1325 2562 1452 2602 petitas
1468 2562 1528 2592 has
1544 2561 1667 2601 hyper-

963 2613 1089 2644 bolicas
1103 2612 1220 2642 laudes
1237 2613 1354 2653 majori
1365 2618 1439 2644 arte
1453 2611 1667 2643 adumbravit

965 2664 1107 2695 Noster.

1006 2718 1024 2745 4
1064 2714 1261 2755 Erythram]
1295 2714 1444 2755 Lapillos
1481 2711 1666 2752 preciosos,

964 2775 1126 2806 gemmas,
1162 2766 1377 2807 margaritas,
1407 2768 1472 2796 &a
1504 2768 1599 2795 natas
1630 2764 1666 2794 in
