1866 3131
406 156 455 186 M.
491 156 599 186 VAL.
634 156 908 187 MAR'PIALIS
945 159 1104 189 EPiGR.
1139 160 1230 190 [ΑΒ.
1264 161 1314 190 ΙΙ.

177 250 282 281 lima.
299 258 369 281 [Νι.
394 253 410 281 1
437 251 599 289 Gentibus,
610 251 676 292 ssa]
700 250 834 281 Acerba

132 299 252 330 allusio
268 300 302 331 in
313 300 462 339 Gallum,
473 300 561 332 forte
575 301 690 341 Libyae
702 301 832 331 Praeto-

132 360 216 390 rem,
244 352 338 392 cujus
355 362 440 383 uxor
467 353 597 383 moeclia
612 357 710 383 erat:
735 351 833 392 fingit

133 407 246 433 autem
292 408 443 435 notatam
493 404 645 435 avaritiae
691 405 831 435 crimine

131 451 249 492 fuisse,
265 459 301 485 et
316 455 503 495 respondet
525 455 555 486 ei
571 455 660 486 falso
683 455 717 486 id
741 457 829 487 acci-

132 503 250 543 disse;
289 505 367 545 quia
407 515 472 536 non
508 515 610 537 avara
643 507 829 539 alienarum

131 562 233 593 opum
259 553 376 594 fuerit,
404 555 463 586 sed
482 557 592 596 potius
609 557 658 587 sui
676 558 828 597 corporis

131 605 284 645 prodiga.
344 607 472 637 Tenuit
501 606 591 638 forte
627 608 680 639 liic
709 608 828 640 Gallus

130 661 257 695 praetor
275 657 430 697 Libyam.

173 710 191 736 3
228 707 290 737 Sed
313 717 409 745 mera,
437 708 505 748 ἐγὼ]
543 709 666 740 Fertur
689 719 828 740 munera

129 757 286 797 accipere
304 768 321 788 a
339 759 619 798 provincialibus,
637 765 674 790 ut
703 765 736 791 te
755 770 828 791 cor-

131 813 289 847 rumpat:
329 809 393 839 imo
420 810 477 840 dut
501 810 566 851 (sui
592 811 738 851 copiam,
775 812 827 841 vel

128 857 338 899 mercedem)
362 864 399 890 ut
411 859 487 900 ipsa
499 859 540 890 ab
554 861 619 891 illis
635 870 827 902 corrumpa-

130 912 195 938 tur.

172 960 276 990 Eme.
291 968 381 992 Lvu.
407 962 566 1002 Inficlum
586 963 730 1004 divitem]
754 963 828 994 Ser.

128 1009 406 1052 Deillicropsycho
422 1014 530 1045 divite.
574 1015 639 1045 Ms.
656 1014 754 1046 Bodl.
779 1016 830 1046 De

126 1063 236 1090 ornato
254 1060 350 1098 foris.
396 1063 465 1094 Hic
493 1064 700 1096 describitur
728 1065 829 1096 homo

126 1109 263 1151 ἀλαζὼν,
278 1113 335 1153 qui
360 1123 460 1153 quum
477 1115 586 1146 videri
600 1116 681 1146 velit
707 1116 829 1156 opibus

125 1159 295 1200 diffluere,
321 1172 441 1195 revera
466 1170 575 1196 tamen
592 1171 747 1206 egestate
771 1177 828 1197 ex-

125 1216 235 1242 trema
259 1212 404 1245 laboret.
448 1215 650 1256 Hujusmodi
678 1218 828 1248 homines

125 1261 680 1305 vrwxaadffovaseleganterGraeci
694 1274 829 1307 vocant,

128 1311 239 1343 Latini
254 1314 263 1330 ‘
276 1323 444 1354 pauperes
455 1317 677 1348 ambitiosos!
692 1319 827 1351 Herald.

172 1366 187 1393 l
214 1364 392 1404 Hic‚qnem
406 1366 532 1407 videtis]
557 1368 757 1409 Descriptio
774 1376 826 1400 est

124 1413 268 1445 hominis
292 1414 504 1456 effoeminati,
539 1429 638 1459 quem
675 1422 828 1461 τρυφερὸν

126 1464 240 1496 Graeci
267 1465 398 1505 dicunt,
427 1469 479 1498 vel
504 1474 599 1500 certe
627 1470 767 1502 delicias
792 1477 828 1503 et

125 1516 315 1555 mollitiem,
340 1518 397 1558 qui
425 1524 477 1549 est
505 1522 640 1552 morbus
656 1522 826 1553 hominum

128 1565 319 1607 beatorum,
362 1570 571 1601 mentientis,
631 1573 695 1603 His
725 1574 828 1612 igitur

127 1616 239 1646 verbis
255 1618 418 1657 exprimit
433 1619 521 1659 quod
545 1621 722 1661 eleganter
738 1623 828 1654 dice-

127 1666 185 1697 bat
204 1666 383 1698 Anacreon
400 1670 502 1700 σαῦλα
516 1670 642 1706 βαίνειν.
689 1674 777 1704 Nam
796 1675 828 1704 id

129 1718 241 1757 ipsum
265 1723 331 1758 est,
348 1720 520 1759 gressibus
540 1722 652 1761 lentis,
668 1724 773 1764 vagis,
789 1735 828 1756 ac

131 1769 290 1800 varicatis
319 1770 488 1802 incedere.
548 1773 705 1805 Incessus
733 1786 829 1816 ergo,

126 1829 226 1860 quem
243 1821 294 1852 hic
322 1821 480 1862 designat
507 1823 689 1864 Martialis,
711 1831 764 1857 est
779 1828 828 1857 in-

124 1880 236 1901 cessus
261 1872 404 1902 bominis
418 1875 579 1913 τρυφεροῦ,
602 1882 636 1905 et
653 1877 751 1907 simul
776 1888 832 1910 su-

126 1921 238 1961 perbi,
265 1927 324 1953 aut
347 1923 403 1964 qui
420 1924 618 1963 magnificus
644 1932 678 1958 et
706 1933 825 1967 potens

125 1971 232 2004 videri
254 1974 365 2012 velit3
403 1975 491 2015 quod
519 1976 688 2009 bominum
721 1989 826 2019 genus

122 2022 335 2056 ‘fluctuatim
359 2025 545 2058 incedere’
572 2029 750 2069 eleganter
776 2031 826 2062 di-

123 2075 173 2107 cit
188 2075 365 2115 Afranius,
380 2076 414 2107 id
435 2082 499 2118 est,
515 2077 525 2094 ‘
542 2080 713 2121 gressibus
732 2082 825 2122 vagis

123 2125 277 2158 lentum.’
302 2128 437 2161 Herald.
481 2133 546 2163 Vel
558 2132 659 2172 vagis,
671 2133 824 2172 incertis,

123 2176 187 2208 hoc
211 2183 276 2218 est,
296 2183 426 2212 temere
439 2183 605 2214 nuncliuc
631 2193 720 2214 nunc
744 2183 823 2213 illuc

123 2228 289 2267 graditur.
313 2231 398 2262 Rad.
438 2233 619 2273 Gressibus]
652 2233 735 2264 Cum
751 2243 825 2274 gra-

123 2277 231 2309 vitate
244 2284 280 2310 et
292 2281 473 2320 majestate
484 2284 703 2323 spatiantem.

166 2332 186 2360 2
210 2330 489 2372 Amethystinatus,
505 2333 575 2374 Cym]
597 2335 758 2365 Violacea
776 2334 824 2365 in-

123 2377 225 2409 dutus
244 2385 352 2411 veste.
383 2382 488 2421 epigr.
509 2385 562 2414 97.
585 2384 606 2415 l.
634 2387 664 2416 1.
688 2395 776 2416 vers.
794 2389 824 2417 7.

124 2428 182 2459 alii
200 2429 242 2459 ad
269 2440 433 2469 gemmam
461 2433 494 2464 in
514 2435 636 2466 annulo
661 2435 824 2468 referunt.

122 2480 233 2520 Secat]
258 2482 480 2515 Obambulat.
523 2486 623 2517 Quod
647 2487 750 2518 etiam
769 2493 824 2518 est

121 2531 265 2563 hominis
286 2535 434 2574 τρυφεροῦ
461 2539 496 2566 et
511 2534 681 2568 fortunam
705 2537 822 2568 immo-

122 2582 221 2614 deste
255 2583 418 2616 ferentis:
452 2585 557 2617 habes
584 2588 672 2618 enim
704 2588 758 2619 hic
788 2594 823 2619 et

124 2634 230 2665 vestis
254 2634 465 2666 insolentiam
494 2641 529 2667 et
557 2638 820 2669 ostentationem

123 2685 158 2716 in
186 2687 261 2716 loco
297 2685 443 2726 publico.
500 2688 671 2727 Ejusmodi
710 2694 820 2720 vestes

211 2741 321 2780 Delplt.
339 2745 368 2771 et
389 2741 460 2772 l'ur,
477 2742 558 2772 Clas.

795 2742 879 2772 alar!
887 2742 936 2773 iul.

1473 154 1584 196 1153

885 257 975 290 sunt,
1015 263 1096 294 quas
1125 254 1359 295 ’γυναικομίμους
1385 257 1584 297 appellabat

887 303 1082 343 Sophocles,
1099 310 1166 337 tam
1182 312 1324 348 propter
1349 308 1472 339 coloris
1494 307 1582 338 flori-

885 352 1041 393 ditatem,
1068 366 1165 396 quam
1182 357 1371 388 laxitatem.
1418 358 1585 389 Homines

883 407 995 434 autem
1016 405 1218 444 istiusmodi,
1236 414 1272 438 ut
1288 409 1471 440 vanitatem
1489 419 1583 440 suain

882 453 989 493 magis
1007 454 1235 496 publicarent,
1253 458 1325 488 loca
1342 459 1479 498 publica
1491 469 1583 500 quae·

881 503 1015 536 rebant.
1031 505 1165 537 Ilerald.
1207 508 1318 548 Septa]
1344 511 1454 550 Supra
1471 511 1583 551 epigr.

881 556 932 584 14.
947 564 1034 585 vers.
1050 559 1082 587 4.

923 607 941 635 3
967 606 1065 640 Quem
1087 616 1157 647 non,
1182 607 1252 647 ἅττ]
1285 609 1351 640 Qui
1373 610 1581 641 lacernarum

881 656 1021 687 mollitie
1033 657 1142 698 ipsum
1159 658 1316 689 Publium
1333 664 1481 699 superat.
1505 661 1584 699 Vel,

880 711 917 736 ut
932 707 1085 738 Raderus
1102 710 1257 749 exponit,
1272 710 1339 742 Qui
1358 710 1463 741 habet
1486 721 1583 753 aeque

882 759 977 788 tritas
1001 764 1036 790 et
1058 760 1142 791 viles
1168 767 1278 791 vestes
1307 770 1346 792 ac
1373 762 1514 792 Publius
1547 767 1583 793 et

881 808 1028 840 Codrus.

923 860 1090 901 47A1plza‚
1112 861 1179 902 Sym]
1221 862 1390 904 Princeps
1420 863 1586 895 delicato·

882 921 967 951 rum,
982 913 1037 953 qui
1052 914 1195 954 penulas
1214 920 1363 953 sumunt,
1381 925 1398 945 a
1413 925 1505 946 more
1524 925 1587 946 nu-

881 963 1035 993 merandi
1074 973 1135 1004 per
1178 964 1297 995 literas
1324 964 1583 1005 Alpliabeticas.

880 1012 935 1043 Sic
952 1014 1196 1045 Eratosthenes
1219 1015 1414 1056 appellatus
1427 1018 1510 1053 βῆτα
1523 1019 1585 1048 τῶν

879 1062 1144 1103 φιλοσοφούντων.
1189 1066 1269 1096 Scio
1284 1076 1456 1098 servorum
1481 1068 1583 1099 etiam

881 1118 916 1144 et
932 1114 1074 1145 militum
1090 1114 1195 1146 fuisse
1220 1117 1374 1156 penulas,
1397 1118 1456 1148 sed
1482 1118 1587 1158 rufas,

880 1165 1086 1203 Canusinas3
1101 1167 1281 1197 lautiorum
1292 1176 1371 1198 vero
1385 1177 1585 1208 purpureas,

879 1219 918 1245 ut
935 1215 1144 1254 plebeiorum
1173 1217 1307 1256 pullas;
1330 1217 1420 1247 unde
1447 1218 1504 1249 alii
1529 1229 1586 1249 ex-

879 1271 1021 1305 ponunt,
1050 1266 1213 1307 princeps
1249 1277 1460 1308 pauperum:
1507 1270 1583 1301 vide

877 1317 985 1357 epigr.
998 1319 1052 1348 26.
1070 1318 1092 1347 l.
1110 1321 1142 1349 5.

911 1371 929 1398 5
951 1368 1249 1408 Togatussequz'tur]
1268 1370 1438 1401 Clientum
1450 1375 1583 1411 togato-

877 1429 962 1450 rum.
1026 1420 1216 1460 Capz'llutus]
1254 1421 1468 1453 Cirratorum
1500 1432 1581 1463 pue-

877 1480 989 1502 rorum
1013 1472 1191 1513 nobilium,
1205 1473 1327 1514 quibus
1345 1473 1503 1504 alebatur
1527 1484 1584 1504 co·

877 1532 942 1553 ma.
971 1533 1025 1564 ep.
1051 1527 1105 1555 62.
1137 1525 1159 1555 l.
1189 1528 1239 1556 10.
1283 1525 1583 1566 Paedagogiorum‚

874 1583 981 1612 puges-

920 1626 941 1653 6
969 1624 1143 1665 Recensque
1164 1626 1240 1656 sella
1255 1625 1418 1665 linteisque
1433 1626 1581 1667 lorisque]

878 1673 935 1704 Sic
947 1673 1075 1704 Juven.
1089 1678 1118 1705 1.
1130 1677 1182 1705 32.
1197 1676 1300 1705 ‘nova
1310 1685 1385 1705 cum
1395 1676 1585 1708 veniatlec-

878 1723 948 1753 tica
961 1723 1135 1755 Mathonis
1149 1725 1170 1762 ;'
1195 1725 1260 1755 etsi
1276 1725 1366 1755 aliud
1381 1727 1463 1756 sella
1477 1736 1495 1757 a
1512 1727 1581 1757 lec·

878 1774 959 1813 tica,
985 1775 1027 1804 de
1050 1774 1171 1815 quibus
1186 1780 1222 1805 ut
1239 1780 1275 1805 et
1292 1775 1405 1806 linteis
1419 1776 1488 1807 sive
1500 1777 1582 1807 velis

878 1824 998 1863 quibus
1036 1824 1255 1864 tegebantur,
1285 1825 1329 1856 de
1363 1827 1507 1858 vinculis
1546 1834 1582 1859 et

876 1875 1010 1915 stuppis
1048 1875 1168 1916 quibus
1200 1875 1463 1917 colligabantur,
1501 1877 1581 1909 vide

876 1925 1027 1966 Lipsium
1047 1930 1075 1957 l.
1103 1927 1299 1958 Electorum
1324 1937 1399 1968 cap.
1424 1931 1476 1958 19.
1520 1928 1580 1960 Sic

875 1978 1059 2009 Salmasius
1074 1978 1164 2009 bunc
1181 1979 1290 2010 locum
1307 1979 1490 2019 legendum
1500 1990 1579 2011 cen-

875 2033 926 2059 set
945 2039 952 2058 :
989 2030 998 2046 ‘
1014 2029 1266 2070 Oppigneravit
1289 2030 1388 2061 modo
1411 2031 1510 2062 modo
1535 2032 1578 2063 ad

877 2079 973 2109 Cladi
990 2088 1138 2110 mensam
1156 2080 1222 2110 Vix
1238 2086 1317 2112 octo
1333 2082 1457 2112 mensis
1474 2092 1578 2113 annu-

876 2130 956 2169 lum,
987 2130 1076 2161 unde
1104 2131 1279 2163 coenaret!
1336 2132 1462 2163 Cladus
1488 2134 1597 2164 enim*

874 2190 996 2211 nomen
1014 2181 1187 2220 proprium
1204 2183 1396 2223 trapezitae,
1420 2187 1455 2213 et
1478 2182 1577 2213 Grae-

875 2242 950 2262 cuin
967 2237 1021 2262 est
1044 2230 1168 2263 κλάδος.

917 2285 935 2312 7
963 2282 1100 2321 Claudii,
1124 2281 1192 2322 ἔξω]
1227 2283 1437 2323 Collybistae,
1462 2288 1576 2324 trape-

874 2334 962 2373 zitae,
975 2332 1199 2365 foeneratoris.
1484 2365 1489 2371 ,

917 2387 937 2414 8
960 2384 1209 2424 Ληηῑιίιιννι,ᾃο.]
1233 2384 1331 2416 Quod
1347 2389 1511 2416 extremae
1526 2391 1575 2417 est

874 2435 1101 2474 paupertatis,
1117 2439 1206 2465 teste
1228 2435 1388 2467 Juvenal.
1408 2439 1458 2468 ll.
1475 2440 1527 2468 42.

917 2486 1020 2516 Epic.
1049 2494 1158 2516 Lvnr.
1185 2489 1199 2516 1
1220 2487 1372 2525 Pexatus,
1388 2488 1456 2527 Sym]
1487 2488 1575 2520 Ges-

873 2542 948 2567 tans
966 2541 1076 2575 togam
1094 2541 1266 2568 recentem
1283 2542 1319 2569 et
1335 2538 1499 2570 villosam.

915 2590 934 2618 :2
958 2587 1032 2617 Mea
1052 2586 1141 2626 sunt]
1180 2587 1258 2618 Non
1288 2588 1510 2629 conductitia,
1537 2593 1574 2621 ut

870 2643 928 2670 tua
946 2648 1041 2678 pexa.

916 2689 1017 2719 Epio.
1033 2696 1108 2720 LIX.
1135 2689 1149 2718 l
1170 2688 1255 2719 Mica
1275 2688 1454 2728 trocor‚85c.]
1480 2690 1572 2721 Dian-

1413 2745 1431 2772 4
1456 2742 1485 2772 D
