1866 3131
278 163 388 204 1392

279 268 394 308 Epigr.
412 269 463 297 76.
479 267 537 296 lib.
551 270 580 296 3.

322 321 361 348 10
387 316 572 356 Caryatidas
601 315 746 356 theatris]
792 316 972 347 palmulas.

278 367 394 408 Epigr.
412 370 463 398 27.
479 367 536 398 lib.
549 369 601 397 13.

322 421 359 448 11
379 416 533 457 Μὶπαταῑ]
555 417 658 448 Cibus
674 426 692 448 e
705 417 804 448 variis
820 417 972 448 minutim

278 468 431 498 concisis.

322 522 361 550 12
384 519 513 549 Lentem
526 519 671 559 positam,
684 518 752 559 [yon]
776 519 913 550 Pultem
930 528 972 550 ex

278 571 369 601 lente
386 580 424 601 ac
438 569 527 600 faba.

322 624 359 651 13
384 619 537 660 Botellos]
562 619 678 651 Genus
692 625 764 651 erat
787 619 972 651 farciminis

277 680 318 701 ex
342 671 393 700 ovi
421 670 543 701 vitellis
569 671 687 709 coctis,
714 671 841 701 nucleis
865 670 972 710 pineis

277 722 435 760 concisis,
449 723 513 752 διο.
538 722 582 752 Et
600 721 715 752 botelli
729 721 891 761 sanguine
909 721 974 752 dis-

275 771 517 809 tendebantur,
531 772 628 811 Belg.
644 772 862 802 Bloed-worst.
888 771 974 802 Vide

278 823 393 862 Epigr.
409 824 462 852 78.
477 821 534 852 lib.
550 825 581 852 5.
601 831 684 852 verS.
697 824 727 852 9.

321 875 359 902 14
379 871 485 913 Cybiz']
510 871 620 902 Piscis
632 881 748 911 genus.
772 871 858 903 Vide
874 872 973 912 Epig.

277 925 328 953 78.
352 923 416 953 1.5.
434 931 518 953 vers.
541 926 572 953 5.
616 921 752 962 Maenas]
789 922 905 962 Epigr.
921 925 973 953 32.

278 976 298 1004 l.
314 977 366 1004 12.
381 982 470 1004 vers·
488 977 539 1004 15.

320 1027 358 1054 15
384 1023 485 1063 Hinc]
530 1024 729 1062 pisciculos,
772 1024 814 1054 de
856 1024 975 1066 quibus

277 1074 462 1104 Athenaeus
486 1073 544 1104 lib.
567 1077 598 1104 7.
624 1083 654 1105 c.
671 1077 722 1105 18.
749 1078 785 1105 et
809 1074 900 1105 Plin.
917 1075 973 1105 lib.

276 1127 327 1155 32.
343 1133 371 1155 c.
384 1126 413 1155 7.
461 1124 628 1165 Cellarius]
653 1125 809 1164 Promus,
824 1135 974 1165 promus-

275 1173 413 1205 condus.
447 1174 533 1204 Vide
547 1174 750 1205 Beroaldum
763 1174 796 1204 in
809 1175 975 1206 Servium.

320 1227 359 1255 17
373 1224 576 1264 Capellianae]
590 1224 692 1255 Rutoe
707 1223 802 1254 fibris
816 1229 974 1266 tanquam

276 1274 521 1314 capillamentis
544 1274 773 1305 multicomae:
810 1275 863 1305 vel
889 1279 974 1306 rutae

277 1323 456 1363 capmriae,
477 1332 576 1363 quain
599 1333 712 1363 caprae
740 1328 916 1355 sectentur
940 1329 976 1355 et

278 1380 431 1414 pascant.
476 1374 693 1413 Aliilegunt:
720 1374 758 1404 In
773 1377 845 1404 ruta
861 1374 976 1412 folium

279 1426 455 1466 Capelliana
468 1436 478 1461 ‚·
500 1428 537 1454 ut
550 1424 594 1455 sit
606 1434 624 1454 a
637 1424 776 1464 Capella
786 1430 974 1464 unguenta-

278 1476 328 1507 rio
353 1485 412 1507 seu
438 1474 595 1506 herbario
619 1483 742 1505 nomen
765 1474 973 1506 deductum:

278 1533 316 1558 ut
342 1536 361 1557 a
387 1526 507 1557 Cosmo
539 1524 780 1566 pigmentario,
805 1529 976 1565 unguenta

277 1577 467 1608 Cosmiana.

322 1629 360 1657 18
386 1627 538 1664 Gabatas,
552 1625 803 1666 paropsidasque]
837 1626 846 1642 ‘
864 1626 975 1657 Gaba-

278 1676 342 1707 tae’
371 1681 449 1707 sunt
472 1677 584 1706 lances
607 1676 759 1706 escariae.
790 1675 909 1716 Epigr.
924 1678 976 1708 48.

277 1726 361 1757 libro
374 1728 405 1757 7.

319 1780 358 1808 21
382 1777 486 1807 Unum
500 1785 594 1806 assem
608 1775 733 1815 ponere]
757 1774 881 1806 Totum
898 1784 975 1806 con-

277 1827 401 1857 vivium
415 1834 489 1856 asse
505 1834 712 1865 comparare.

321 1876 429 1907 ΕΡιῦ.
445 1883 568 1906 xxxn.
606 1878 621 1905 1
642 1875 709 1905 Nec
723 1878 809 1914 toga,
824 1884 878 1905 nec
886 1874 977 1912 focus

276 1926 336 1966 est]
359 1924 530 1956 Describit
540 1924 602 1955 hoc
617 1924 870 1964 Epigrammate
885 1924 977 1954 Mar-

278 1975 365 2006 tialis
380 1975 556 2014 insignem,
571 1983 637 2004 non
655 1978 904 2013 paupertatem,
916 1973 974 2003 sed

278 2030 465 2055 extremam
487 2024 632 2063 inopiam
655 2032 694 2053 ac
710 2022 975 2061 mendicitatem,

278 2085 342 2106 nec
355 2075 473 2105 dubito
486 2075 562 2115 quin
578 2073 837 2113 Aristophanem
851 2073 976 2103 imitari

279 2124 424 2155 voluerit
450 2124 481 2154 in
513 2124 635 2154 Pluto:
668 2123 724 2153 ubi
739 2123 851 2159 πηνίαν
863 2132 880 2152 a
896 2134 974 2152 πτω·

278 2175 349 2215 χείᾳ
394 2175 573 2214 eleganter
608 2174 796 2212 distinguit.
841 2173 972 2204 Heraia,

280 2226 346 2256 Nec
362 2224 450 2265 toga]
484 2224 551 2254 Sed
581 2223 652 2253 vilis
678 2224 799 2263 aiiquis
824 2232 971 2263 pannus:

276 2275 339 2307 ἀνθ’
356 2274 476 2313 ἱματίου
489 2273 544 2312 μὲν
558 2273 642 2313 ἔχειν
656 2273 757 2313 ῥάκος,
782 2277 820 2304 ut
846 2272 974 2303 ArIsto-

278 2327 377 2366 phau.
412 2326 535 2366 inquit.
584 2325 638 2355 Sic
670 2324 823 2356 Catullus
856 2324 972 2363 Epigr.

278 2379 331 2407 23.
373 2376 489 2415 ‘Furi‚
519 2375 596 2415 quoi
626 2385 735 2415 neque
763 2383 879 2405 servus
909 2379 975 2414 est,

278 2436 388 2467 neque
414 2426 594 2462 arca,’&c.
639 2426 727 2457 Vide
748 2431 783 2456 et
801 2426 975 2465 Nostrum,

280 2476 399 2516 Epigr.
421 2478 474 2506 93.
498 2476 557 2506 lib.
582 2479 611 2507 1.
656 2476 724 2507 Nec
751 2476 847 2506 tritus
869 2477 974 2507 cimice

278 2525 388 2565 lectus]
421 2525 527 2566 Atqui
553 2526 679 2557 lectum
703 2525 866 2566 ejusmodi
886 2536 975 2557 men-

280 2577 355 2607 dico
372 2585 437 2607 non
450 2581 552 2615 negat
571 2576 836 2617 Aristophanes:
862 2576 927 2607 ἀντὶ
942 2575 974 2607 δὲ

280 2626 383 2663 κλίνης
399 2625 532 2661 στιβάδα
543 2627 671 2665 σχῦίναν
684 2626 795 2666 κορέων
807 2627 932 2665 μεστήν.

323 2681 341 2707 2
369 2678 433 2708 Nec
447 2678 505 2708 tibi
520 2679 556 2709 cle
578 2677 679 2707 bibula
700 2681 783 2708 sarta
806 2679 917 2717 palude
931 2682 973 2708 tc-

740 172 882 202 No'rAE
918 171 1178 201 VARmRUM
1217 172 1265 200 ΙΝ

1022 265 1090 305 ges]
1119 266 1185 295 Sed
1204 274 1264 296 nec
1292 271 1327 296 tu
1357 269 1505 306 tegetem
1530 265 1631 295 habes
1659 274 1718 304 pro

1026 318 1263 357 peristi-ornare
1291 321 1326 347 et
1341 317 1501 356 stragulo.
1544 315 1660 356 Φορμὸν
1675 316 1722 346 di-

1025 368 1072 398 cit
1085 367 1301 407 Aristophan.
1349 367 1424 398 Nec
1449 372 1543 406 teges
1570 376 1629 397 seu
1652 371 1719 396 sto-

1025 427 1081 447 rea
1099 427 1140 448 ex
1156 418 1246 455 ulva,
1260 418 1383 458 scirpo,
1398 426 1455 448 seu
1481 427 1587 449 canna
1613 417 1719 457 palus-

1025 468 1080 504 tri,
1094 479 1113 499 a
1123 469 1307 507 sedge-mat.

1066 523 1085 550 4
1112 519 1230 559 Clanis]
1253 519 1350 559 Epig.
1366 521 1417 550 35.
1434 518 1493 549 lib.
1509 522 1540 549 5.
1557 522 1685 548 verse.

1066 575 1083 602 5
1109 570 1186 601 Dici
1199 574 1299 610 atque,
1312 569 1382 609 Era]
1416 569 1533 610 Epigr.
1550 571 1600 600 19.
1617 568 1672 599 lib.
1690 573 1720 598 δ.

1066 625 1085 653 6
1110 622 1147 652 In
1171 622 1292 661 populo,
1317 621 1384 661 ssa]
1413 620 1574 651 Plebeius
1597 628 1669 650 esse
1686 625 1722 649 et

1024 672 1239 714 proletarius.

1067 725 1086 753 8
1102 723 1171 753 Non
1187 726 1231 753 ese
1243 720 1422 762 paupertas]
1439 719 1504 751 Sed
1522 728 1615 750 mera
1632 728 1721 749 men-

1024 772 1159 803 dicitas.

1068 823 1172 854 Eme.
1190 831 1325 853 xxxur.
1348 825 1363 852 1
1391 821 1509 861 Soepz'us
1524 821 1562 851 σά
1576 821 1723 859 palmam,

1025 872 1092 913 ixcx]
1132 873 1285 903 Prasinae
1311 870 1454 903 factIOni
1482 870 1552 911 (cui
1583 869 1722 900 favebat

1026 921 1136 962 Nero)
1167 921 1414 961 obstrepebant
1440 921 1578 950 aliarum
1605 918 1723 950 factio-

1025 982 1104 1003 num
1130 971 1293 1010 fautores,
1339 971 1458 1001 vicisse
1482 979 1558 1000 suos
1588 970 1720 1005 auriga>-

1025 1033 1091 1054 non
1113 1023 1250 1063 propria
1275 1022 1414 1058 virtute,
1437 1021 1494 1051 sed
1519 1021 1628 1060 gratia
1655 1020 1721 1050 Im-

1025 1072 1206 1114 peratoris.
1250 1071 1448 1112 Respondet
1474 1071 1513 1101 iis
1539 1070 1647 1101 Poeta
1663 1069 1723 1100 fal-

1023 1134 1095 1155 sum
1111 1123 1175 1154 hoc
1187 1132 1274 1159 esse,
1287 1126 1464 1162 postquam
1485 1122 1621 1152 Nerone
1638 1131 1723 1151 mor-

1024 1180 1083 1205 tuo
1114 1179 1149 1204 et
1171 1172 1247 1203 huic
1268 1171 1410 1203 factioni
1435 1170 1597 1212 frequens
1621 1171 1725 1201 cedat

1023 1225 1146 1265 palma.
1190 1222 1410 1253 Incredibilis
1435 1223 1599 1253 Veterum
1624 1222 1723 1253 tradi-

1025 1280 1081 1307 tur
1102 1273 1278 1313 ἱππομανία,
1294 1283 1370 1315 quae
1392 1273 1424 1304 in
1441 1279 1586 1315 quatuor
1613 1274 1723 1304 divisa

1026 1331 1140 1367 partes
1170 1328 1262 1366 (nam
1289 1328 1433 1365 quatuor
1471 1328 1569 1356 erant
1594 1325 1722 1355 colores

1026 1374 1247 1417 agitatorum)
1264 1384 1355 1415 saepe
1378 1374 1419 1405 ad
1436 1384 1567 1412 manus,
1583 1374 1724 1413 caedem,

1026 1432 1061 1457 et
1077 1426 1240 1466 insignem
1258 1425 1388 1456 cladem
1412 1425 1580 1465 pervenit.
1617 1425 1723 1455 Fave-

1026 1477 1085 1508 bat
1108 1486 1174 1507 una
1207 1485 1284 1516 pars
1312 1480 1348 1506 et
1371 1475 1545 1515 potissima
1571 1475 1723 1505 Prasinae

1027 1527 1182 1565 factioni,
1208 1537 1281 1568 quae
1310 1527 1456 1558 viridata
1479 1526 1723 1567 aurigabatur:

1028 1579 1136 1609 altera
1149 1578 1306 1616 venetae,
1317 1578 1441 1608 cernlae
1456 1588 1464 1608 z
1490 1577 1593 1608 tertia
1608 1586 1724 1614 russa³‚

1028 1630 1143 1667 luteae,
1158 1637 1301 1666 croceae,
1324 1637 1515 1669 purpureae,
1536 1636 1652 1666 roseae,
1668 1627 1725 1668 qui

1027 1679 1158 1710 colores
1182 1687 1298 1709 omnes
1332 1677 1373 1708 ad
1411 1687 1512 1708 unam
1542 1676 1724 1708 factionem

1027 1731 1036 1746 ‘
1061 1729 1210 1760 russam’
1243 1729 1437 1769 pertinent:
1477 1732 1596 1768 quarta
1627 1728 1724 1758 albae.

1028 1779 1159 1812 Quibus
1188 1779 1270 1810 duas
1293 1784 1414 1820 postea
1440 1779 1654 1810 Domitianus
1670 1778 1726 1808 ad-

1022 1831 1152 1870 junxit,
1169 1835 1364 1870 argenteam
1381 1835 1416 1861 et
1433 1839 1578 1861 auream.
1602 1829 1683 1860 Rad.

1072 1881 1174 1911 Epio.
1194 1889 1323 1912 xxxw.
1356 1883 1376 1911 4
1401 1880 1541 1911 Coenabit
1558 1879 1643 1916 belle,
1657 1880 1724 1919 lya]
1768 1912 1775 1921 l

1029 1931 1124 1962 Fecit
1146 1930 1209 1961 hoc
1242 1931 1370 1970 optimo
1397 1931 1530 1970 quidem
1562 1929 1724 1960 consilio.-

1028 1990 1093 2021 quo
1111 1981 1311 2011 invitaretur
1324 1980 1447 2020 saepius
1464 1989 1482 2009 a
1498 1979 1603 2010 nitido
1620 1980 1724 2009 lauto-

1028 2040 1092 2070 que
1119 2030 1241 2060 vicino.
1285 2030 1293 2046 ⁴
1310 2029 1446 2069 Aliquid
1476 2029 1555 2060 boni
1586 2036 1720 2069 propter

1028 2080 1170 2110 vicinum
1189 2079 1330 2110 bouum!

1070 2131 1177 2161 Epio.
1196 2139 1308 2161 xxxv.
1332 2133 1351 2160 4
1369 2130 1459 2161 Solus
1474 2130 1643 2169 coe110,350.]
1667 2132 1722 2160 So-

1028 2181 1077 2210 lus
1103 2180 1226 2220 quippe
1252 2180 1396 2215 videtur,
1414 2182 1470 2221 qui
1488 2183 1575 2211 inter
1591 2181 1722 2221 ignotos

1027 2239 1089 2260 nec
1125 2239 1194 2260 suae
1225 2230 1426 2260 conditionis
1456 2236 1519 2267 est,
1552 2223 1721 2269 utcunque

1026 2290 1164 2320 magnus
1197 2280 1239 2310 sit
1268 2281 1399 2311 illorum
1430 2289 1597 2311 numerus.
1644 2280 1723 2310 Plu-

1026 2330 1158 2360 tan-chus
1177 2330 1208 2360 in
1225 2334 1355 2370 septem
1367 2330 1557 2371 sapientum
1570 2330 1723 2361 convivio

1026 2385 1152 2416 narrat,
1167 2381 1340 2411 Chilonem
1355 2389 1419 2411 uon
1430 2386 1509 2411 ante
1520 2380 1724 2417 condixisse,

1025 2439 1123 2470 quam
1141 2429 1182 2460 de
1196 2430 1335 2469 siugulis
1346 2430 1510 2469 convivis,
1525 2430 1583 2470 qui
1599 2436 1722 2467 essent,

1025 2480 1222 2521 quaesisset:
1247 2481 1335 2521 quod
1352 2480 1484 2511 diceret
1504 2478 1662 2518 σύμπκουν
1673 2479 1722 2509 καὶ

1025 2530 1187 2568 σύσκηνον,
1216 2536 1387 2562 vectorem
1414 2540 1461 2561 sc.
1489 2536 1525 2561 et
1547 2529 1724 2561 contuber-

1025 2581 1134 2610 nalem
1152 2590 1224 2610 esse
1239 2580 1427 2619 ferendum,
1441 2581 1542 2611 etiam
1559 2581 1721 2621 ignotum,

1026 2630 1223 2670 quibuscum
1240 2631 1396 2671 navigare
1413 2636 1445 2661 et
1468 2631 1611 2660 militare
1634 2637 1723 2661 esset

1026 2689 1182 2711 necesse:
1220 2687 1253 2712 at
1272 2691 1350 2711 vero
1367 2682 1399 2711 iu
1416 2681 1570 2712 convivio
1588 2681 1722 2719 quibus-
