1866 3131
236 185 347 227 HOG

235 290 383 320 balneis:
426 298 579 330 quorum,
621 294 756 330 testate,
792 296 934 329 octava;

234 341 364 382 hyeme,
387 349 474 371 nona
499 346 574 373 erat
616 341 715 373 hora:
746 341 831 374 Plin.
861 344 882 374 l.
902 346 931 374 3.

235 402 266 422 c.
282 395 310 422 l.

277 446 297 473 6
322 444 522 482 Exstructos,
537 443 607 484 85⁶5]
630 444 754 475 Lectos
770 450 935 485 sternere,

234 497 269 523 et
286 497 376 524 toros
389 495 594 535 compositos
608 495 798 526 disturbare
824 496 863 526 iis
885 496 933 526 in-

235 543 389 582 sidendo,
414 544 447 576 id
475 551 540 582 est,
561 555 717 578 coenare:
746 557 834 578 nona
864 547 933 588 qui-

234 594 325 634 dem,
343 600 484 627 aestate:
509 597 642 636 hyeme,
667 596 809 629 decima.
855 597 935 637 Alii,

233 647 378 678 excelsos.

276 700 296 727 7
321 697 412 728 Hora
438 698 619 738 libellorum,
645 699 711 739 Qu]
742 700 876 730 Saturis
897 704 935 730 et

232 757 328 778 mero
348 748 419 788 jam
447 749 732 780 incalescentibus
774 750 933 781 lectitare

231 798 323 828 inter
349 798 470 839 pocula
486 799 660 830 usitatum.
707 800 801 831 Petit
819 800 933 841 itaque

232 848 344 880 Poeta
368 849 411 880 ab
437 850 612 890 Euphemo
639 859 764 881 meusae
789 850 934 881 Domiti-

232 900 285 930 ani
307 900 561 941 modiperatore
583 900 637 930 vel
661 905 871 939 extructore‚
896 905 933 932 ut

230 956 400 991 oportuno
429 951 491 982 lioc
517 954 671 992 tempore
700 961 761 982 sua
783 952 933 983 carmina

231 1000 434 1042 Imperatori
451 999 584 1032 offerat.

275 1054 293 1082 8
312 1052 488 1093 Temperat]
512 1052 627 1083 Veluti
649 1053 883 1094 modiperator
898 1058 933 1085 et

230 1107 378 1134 structor
399 1102 538 1142 inferes,
570 1104 704 1145 quando
736 1109 770 1136 et
798 1106 932 1146 quoties

230 1154 293 1184 tibi
310 1153 429 1186 visum.
453 1154 645 1195 Ambrosias,
662 1156 728 1196 &NJ
751 1157 861 1187 Deum
883 1157 933 1187 in-

228 1204 340 1236 sinuat
369 1204 612 1246 Domitianum,
648 1207 851 1247 adulatorie,
886 1208 934 1238 vi-

231 1264 309 1286 num
325 1255 372 1286 illi
390 1261 425 1286 et
441 1255 546 1296 dapes
560 1257 714 1288 Deorum
732 1258 932 1290 attribuens.

275 1309 314 1336 10
330 1306 525 1346 Ingentique,
537 1306 606 1347 Sym]
622 1307 789 1347 Caesarea,
803 1308 931 1349 divina,

231 1361 266 1387 et
282 1356 433 1388 ἀντίθεται
446 1358 490 1396 τῷ
513 1358 522 1373 ‘
538 1357 662 1397 ρευᾯεὶ,1
685 1358 718 1388 id
736 1363 801 1398 est,
827 1359 932 1390 modi-

230 1416 294 1438 ca:
334 1413 370 1439 et
406 1407 639 1440 Domitianum
676 1408 806 1449 palpat,
840 1410 933 1451 quasi

230 1468 334 1499 parce
347 1458 491 1490 biberet.

277 1512 313 1540 11
342 1510 425 1540 Tunc
455 1510 588 1541 admitte
607 1510 712 1550 jocos]
739 1511 825 1542 Haec
851 1511 933 1542 liora

231 1564 283 1591 est
299 1564 335 1591 et
351 1565 485 1600 tempus
502 1560 842 1601 legendijocosorum
859 1572 931 1593 car-

231 1610 370 1642 minum.
395 1611 569 1651 Epigram.
602 1614 652 1641 19.
678 1611 735 1642 lib.
761 1615 811 1642 10.
845 1621 932 1643 vers.

232 1663 284 1692 19.
320 1660 437 1691 Gressu
453 1662 554 1700 timet,
574 1660 644 1701 fison]
656 1661 800 1692 Veretur
816 1662 934 1702 jocosa

230 1720 306 1742 mea
336 1710 455 1742 florida
482 1717 517 1742 et
543 1712 705 1743 conviviis
731 1718 813 1753 apta
835 1714 934 1744 Musa

231 1762 338 1793 libere
355 1762 495 1802 aggredi
511 1762 659 1793 divinum
674 1763 933 1804 Imperatorem,

233 1812 332 1843 rebus
358 1813 455 1843 seriis
481 1818 516 1844 et
544 1813 703 1853 gravibus
729 1820 932 1854 occupatum

230 1863 398 1894 matutino
422 1868 590 1904 tempore,
617 1869 652 1894 et
683 1869 762 1895 ante
792 1874 933 1896 coenam.

233 1914 301 1944 Alii
333 1915 399 1954 leg.
421 1924 560 1952 gressum
591 1915 700 1945 metire
721 1916 833 1946 licebit.
863 1916 934 1947 Alii

232 1965 381 1996 Iit-enter:
419 1966 476 1996 alii
510 1966 655 2007 denique
682 1977 790 2006 gressu
824 1969 934 1998 metire

231 2015 348 2047 licenti.

276 2067 380 2099 Eric.
411 2076 463 2097 ix.
504 2068 543 2098 In
573 2068 749 2109 Fabullam]
793 2068 934 2100 Fabulla

233 2117 388 2158 quaedam
417 2118 508 2149 Sotae
538 2119 660 2150 medici
687 2119 766 2158 filia,
798 2120 935 2151 deserto

232 2167 366 2208 marito,
388 2168 458 2209 qui,
480 2179 555 2200 cum
573 2178 646 2200 eam
664 2177 761 2210 pater
776 2171 935 2211 conjunx-

233 2223 320 2258 erat,
352 2219 559 2260 sequebatur
594 2220 734 2260 Clytum
768 2221 934 2262 quendam

232 2270 412 2309 moechum‚
438 2280 538 2311 quem
568 2271 704 2312 perdite
729 2271 877 2311 amabat,
900 2276 935 2302 et

234 2320 407 2352 luxuriose
424 2331 498 2352 cum
516 2332 556 2353 eo
573 2322 718 2354 vivebat.
749 2323 934 2363 Utiturque

229 2370 311 2410 joco
333 2370 366 2401 in
389 2371 557 2411 ambiguo,
570 2372 603 2402 in
619 2371 781 2404 adverbio
801 2371 936 2412 ἀσώτως,

234 2421 327 2462 quod
342 2422 510 2462 significat
522 2424 738 2463 prodigaliter.

280 2475 296 2503 1
321 2471 500 2514 Svtoefilia,
519 2474 585 2514 ἐγω]
604 2475 712 2505 Pater
733 2479 810 2506 tuus
838 2485 879 2506 ex
897 2485 933 2507 re

232 2528 352 2554 nactus
367 2529 419 2555 est
434 2534 557 2555 nomeu
579 2525 706 2565 Sotam,
726 2530 764 2557 ut
781 2527 837 2567 qui
852 2527 934 2557 alios

236 2573 277 2604 ad
295 2575 438 2605 salutem
455 2579 528 2605 arte
545 2585 605 2606 sua
622 2576 822 2609 restituerit.
846 2576 933 2608 vide

234 2634 331 2664 quam
349 2629 387 2655 tu
404 2624 592 2665 degeneres
617 2636 635 2656 a
659 2632 768 2667 patre,
788 2637 863 2668 quae
880 2627 935 2658 de-

235 2680 322 2705 serto
334 2675 455 2706 marito
470 2676 637 2707 moechum
655 2683 795 2718 sequuta
811 2678 935 2710 ἀσώτως

236 2723 331 2764 ἔχεις,
344 2730 378 2756 et
392 2726 500 2757 salute
516 2731 574 2757 tua
590 2728 749 2767 neglecta
765 2733 799 2759 te
817 2729 844 2760 is
859 2739 934 2770 per-

236 2774 357 2807 ditum.
402 2776 492 2808 Quid
511 2777 556 2808 sit
577 2777 694 2810 ἄσωτος
710 2778 812 2811 docet
826 2779 934 2812 Arist.

708 198 845 228 NOTAE
881 198 1143 229 vAfflORL'M
1180 199 1229 229 IN

983 296 1015 324 4.
1046 292 1158 324 Etliic.
1190 292 1369 324 nicomed.
1401 302 1473 333 cap.
1509 295 1538 323 1.
1565 292 1687 335 Itaque

985 343 1064 381 ἔχεις
1093 343 1226 383 ἀσώτως,
1253 349 1325 374 est:
1351 343 1452 374 Geris
1480 348 1526 381 te,
1554 352 1619 373 non
1653 350 1690 375 ut

984 393 1054 424 filia
1082 395 1193 424 Sotae:
1220 400 1253 424 at
1279 394 1430 434 proprie,
1460 394 1548 433 geris
1582 399 1628 431 te,
1653 400 1689 426 ut

985 444 1367 484 prodigaetluxuriosa.
1417 445 1557 475 Patrem
1575 450 1688 475 autem

985 494 1154 526 Clinicum
1183 495 1380 533 nominavit,
1413 494 1445 524 id
1483 500 1548 533 est,
1583 495 1688 524 niedi-

985 550 1117 582 cuin‚ut
1130 555 1231 585 supra
1245 545 1373 576 dictum
1387 544 1444 576 lib.
1460 548 1490 576 l.
1506 545 1626 585 Epigr.
1639 548 1690 576 13.

985 594 1140 626 Ramires.

1028 645 1132 677 EP1G.
1158 654 1193 676 x.
1232 645 1284 676 Aa
1312 645 1511 686 Faustinum]
1554 645 1687 675 Recens

985 697 1210 735 compositum
1236 706 1320 736 opus
1348 696 1510 726 Faustino
1527 694 1688 726 familiari

983 755 1043 776 suo
1060 747 1186 785 inittit;
1213 747 1301 788 quod
1320 748 1410 777 velut
1426 746 1688 783 inelaboratum,

983 805 1051 826 non
1076 797 1152 828 stilo
1177 797 1438 835 emendandum,
1465 796 1524 826 sed
1549 795 1690 835 spongia

985 847 1166 878 delendum
1185 853 1292 878 totum
1310 848 1372 886 ait,
1399 847 1425 877 si
1449 846 1688 886 corrigendum

984 897 1041 927 sit.
1066 898 1150 930 Rani.

1029 951 1044 979 1
1074 949 1179 988 Neque
1207 949 1305 979 adhuc
1328 947 1414 987 rusa]
1444 946 1604 978 Nondum
1630 956 1689 986 pu-

984 1000 1072 1031 mice
1102 1000 1293 1039 levigatus:
1324 999 1384 1030 lib.
1417 1001 1446 1030 l.
1478 998 1687 1039 Epigrannn.

983 1053 1036 1082 67.
1054 1060 1142 1082 vers.
1160 1053 1210 1082 10.

1025 1105 1045 1133 4
1071 1103 1196 1142 Nugas,
1220 1101 1287 1142 ἐγα]
1309 1100 1468 1132 Carmina
1495 1100 1567 1131 liaec
1591 1108 1688 1130 mea:

983 1152 1148 1184 modeste.

1026 1209 1044 1235 5
1068 1204 1204 1244 Punica]
1227 1204 1395 1237 Quoniam
1412 1213 1455 1235 ex
1471 1201 1590 1234 Africa
1607 1212 1691 1243 prae-

984 1255 1166 1286 stantiores
1183 1256 1333 1296 spongiae
1350 1253 1586 1286 mittebantur.
1598 1253 1688 1284 Plin-

983 1306 1042 1337 lib.
1056 1309 1086 1338 9.
1101 1315 1176 1346 cap.
1188 1308 1242 1336 45.

1027 1360 1047 1387 8
1079 1357 1149 1388 sna
1177 1357 1276 1387 litura
1302 1355 1420 1397 potest]
1443 1354 1686 1386 Emendationi

984 1408 1063 1439 libri
1080 1408 1146 1439 mei
1169 1408 1288 1438 melius
1314 1407 1480 1446 consules,
1505 1411 1629 1438 cuncta
1645 1406 1688 1436 si-

985 1460 1053 1490 mul
1091 1458 1248 1497 delendo,
1287 1467 1387 1499 quain
1425 1457 1555 1498 singula
1589 1456 1690 1487 corri-

986 1510 1108 1551 gendo.
1155 1511 1288 1541 Primas
1312 1514 1426 1541 autem
1443 1508 1687 1539 meditationes

985 1562 1200 1601 membranis,
1215 1560 1393 1599 codicillis,
1409 1569 1447 1590 ac
1464 1558 1687 1600 pugillaribus

984 1613 1130 1644 Veteres
1153 1612 1395 1650 inscribebant,
1411 1620 1494 1652 quas
1515 1615 1689 1642 correctas

985 1664 1019 1694 in
1035 1663 1175 1694 chartas
1187 1662 1472 1702 transcribebant,
1498 1662 1550 1692 vel
1566 1661 1689 1702 impro-

985 1712 1082 1743 batas
1098 1712 1241 1753 spongia
1257 1712 1441 1743 delebant:
1467 1711 1688 1752 undejocose

984 1762 1160 1804 Augustus
1175 1763 1364 1803 respondit,
1377 1762 1574 1803 tragoediam
1592 1771 1688 1792 suam

984 1813 1125 1854 Ajacem
1162 1814 1220 1844 ‘in
1250 1814 1428 1854 spongiam
1461 1813 1653 1844 incubuisse
1667 1811 1690 1843 ι’

984 1864 1124 1895 Sueton.
1151 1874 1227 1904 cap.
1265 1867 1317 1895 85.
1353 1864 1500 1904 August.
1532 1862 1689 1904 Σπόγγος,

984 1914 1146 1954 ἆκεστορῖη
1162 1913 1357 1954 πλαζομένης
1371 1914 1530 1955 Ὑραφῖδος.

1027 1967 1131 1997 Eme.
1146 1974 1195 1996 xi.
1222 1969 1237 1996 l
1256 1967 1340 1996 Dum
1357 1966 1487 1996 nimium
1503 1976 1592 2005 rano,
1616 1965 1686 2006 ἃς]

985 2019 1022 2049 L.
1063 2019 1230 2049 Antonius
1263 2019 1463 2050 Saturninus
1499 2018 1688 2050 Domitiani

985 2069 1116 2100 saevitia
1132 2074 1167 2100 et
1183 2069 1361 2101 verborum
1388 2070 1509 2111 injuria
1533 2072 1589 2110 (ut
1605 2070 1688 2101 scri·

985 2120 1037 2151 bit
1064 2120 1225 2151 Aurelius
1246 2120 1386 2161 Victor)
1414 2130 1588 2160 accensus,
1617 2121 1688 2152 bel-

985 2173 1053 2202 lum
1070 2172 1169 2203 civile
1180 2172 1218 2202 >in
1235 2172 1423 2203 Germania
1449 2173 1613 2212 superiori
1631 2172 1686 2203 cui

986 2223 1191 2264 praesidebat
1213 2224 1330 2263 movit,
1348 2228 1469 2264 captus
1488 2228 1607 2264 postea
1621 2223 1687 2256 fuit

985 2279 1020 2306 et
1044 2275 1255 2308 interfectus.
1300 2275 1424 2315 Arguit
1448 2275 1559 2316 ipsum
1576 2275 1688 2306 Poeta

986 2326 1026 2357 ab
1043 2327 1218 2368 utriusque
1243 2328 1388 2359 nominis
1414 2328 1525 2358 omine
1543 2327 1574 2358 id
1593 2328 1686 2359 moli—

986 2380 1056 2406 tum
1073 2374 1196 2415 fuiss-23
1220 2382 1391 2419 utrunque
1414 2386 1495 2408 vero
1511 2377 1589 2408 mali
1606 2377 1688 2409 omi·

984 2425 1034 2456 nis
1051 2432 1085 2456 et
1103 2426 1225 2457 lethale
1238 2427 1407 2458 extitisse.

1026 2479 1046 2508 2
1073 2477 1278 2508 Saturninum
1300 2482 1329 2508 te
1355 2478 1462 2519 miser,
1485 2478 1552 2519 &eq
1581 2477 1688 2510 Anto-

984 2529 1060 2559 nius
1075 2538 1149 2558 esse
1173 2529 1232 2567 vis,
1257 2538 1323 2559 non
1347 2529 1570 2560 Saturninus:
1596 2529 1686 2561 orbis

985 2579 1091 2610 totius
1108 2579 1286 2619 imperium
1304 2579 1468 2611 affectas:
1489 2580 1595 2621 pudet
1609 2590 1685 2612 esse

985 2630 1163 2672 praesidein
1194 2636 1322 2662 tantum
1348 2630 1565 2670 Germaniae3
1591 2631 1685 2672 quasi

984 2681 1090 2720 dicat,
1105 2681 1323 2712 Saturninum
1340 2681 1485 2712 voluisse
1498 2681 1685 2712 Antonium

984 2741 1068 2769 esse,
1081 2731 1264 2762 Antonium
1280 2732 1427 2763 noluisse
1443 2732 1658 2763 Saturninum
1677 2743 1686 2763 :

984 2793 1059 2814 cum
1078 2787 1192 2814 tamen
1210 2782 1299 2814 idem
1317 2782 1422 2815 fuerit
1440 2781 1609 2814 Antonius
1625 2783 1683 2814 Sa-
