1866 3131
438 174 484 202 M.
519 173 629 202 VAL.
666 170 941 200 MAR'HALIS
976 169 1136 200 EPIGR.
1176 171 1266 199 [AB.
1304 170 1334 199 1.

150 267 315 297 Acerram
329 267 440 297 acrius
456 268 604 297 incusat.
629 266 786 296 Hesterno
797 274 856 295 me-

146 316 197 356 ro]
216 317 319 349 ,Iocus
334 327 375 347 ex
394 317 620 358 homonymia.
647 316 854 346 Hesternum

152 379 280 399 merum
293 374 327 399 et
342 370 534 400 hesternam
550 368 724 408 crapulam
738 367 855 407 appel-

149 420 278 459 labant,
304 430 405 461 quam
428 429 470 450 ne
496 428 562 449 nox
579 418 714 459 quidem
733 427 853 448 conco-

149 480 254 510 quere
294 475 477 509 potuerat3
514 468 604 509 quod
644 473 718 498 erat
756 467 853 498 valde

150 520 364 560 probrosum.
410 519 553 558 Virg.in
567 519 702 549 Sileno:
727 519 735 534 ‘
751 516 853 548 Infla—

149 578 219 599 tum
249 571 407 600 hesteruo
424 578 540 607 venas,
562 573 599 599 ut
616 577 762 608 semper,
780 567 852 598 Iac-

148 619 234 650 cho!
259 620 313 650 Sic
330 618 444 658 χθιζὴν
467 617 570 657 μέθην,
589 619 704 650 Graeci
723 619 853 650 dicunt.

149 669 261 700 Poeta
278 679 356 709 ergo
380 668 464 699 dicit
490 678 547 700 eos
573 668 656 706 falli,
682 669 738 710 qui
755 678 853 698 mane

150 729 251 759 quum
291 718 427 749 Acerrae
467 725 687 750 occurrerent
722 718 852 750 hester-

148 777 191 798 no
214 767 336 799 foetere
374 778 466 799 mero
490 778 566 799 eum
590 768 850 799 existimarent:

150 819 276 859 quare?
301 819 378 859 quia
390 820 678 859 compotationem
693 820 724 850 in
743 820 851 850 lucem

150 874 381 909 protraxerat.
421 870 599 901 Claudiau.
631 870 717 900 libro
742 879 782 900 11.
818 869 851 899 in

150 920 352 959 Eutropium
368 931 375 949 :
389 920 397 935 ‘
410 919 507 950 Inter
520 930 594 961 quie
613 919 760 950 tumidus
776 920 851 950 leno

149 970 342 1010 producere
359 980 472 1001 caeuas
500 971 538 1001 In
570 972 704 1008 lucem3
728 970 851 1000 foetere

150 1022 267 1059 mero,'
291 1025 355 1053 &ta
381 1024 514 1053 Herulael.

191 1079 210 1105 2
237 1075 274 1105 In
303 1076 411 1113 lucem,
426 1075 497 1114 ἐγὼ]
521 1075 802 1115 Competationes
818 1075 851 1105 in

152 1126 263 1156 lucem
290 1125 472 1165 protrahit,
489 1125 642 1166 adeoque
659 1125 768 1156 noctis
785 1135 850 1155 non

152 1176 221 1207 diei
238 1176 408 1206 hesternae
423 1185 551 1206 merum
576 1176 657 1206 olet.

190 1228 297 1258 Epm.
311 1234 400 1257 xxx.
426 1230 442 1257 1
460 1226 722 1267 Ρὶιίειιείηε,ᾅ·ε.]
748 1225 852 1257 Ludit

146 1278 181 1309 in
195 1277 342 1318 dialogia
355 1286 487 1314 vocum,
498 1286 576 1314 mea,
592 1280 667 1313 tua;
692 1276 851 1316 perstrin-

147 1328 265 1368 gitque
290 1326 493 1367 plagiarium
518 1326 748 1360 Fidentinum,
780 1334 851 1354 car—

144 1378 288 1417 minum,
323 1378 478 1419 inquam,
507 1377 693 1408 alienorum
731 1375 852 1407 furem.

145 1429 355 1470 Plagiarium
382 1429 470 1460 hunc
496 1428 610 1469 poscit
633 1427 722 1458 infra
745 1427 851 1467 epigr.

147 1483 200 1512 39.
217 1483 270 1511 54.
288 1482 340 1510 73.

189 1535 210 1563 4
226 1530 264 1561 Si
275 1530 337 1561 dici
353 1533 419 1569 tua,
435 1529 504 1570 ira]
522 1531 531 1547 ‘
548 1529 636 1560 Nam
648 1528 737 1569 quod
755 1528 851 1567 emis,

150 1581 256 1622 possis
278 1581 392 1612 dicere
412 1581 492 1620 jure
511 1578 629 1611 tuum.y
652 1579 676 1609 1.
691 1581 722 1609 2.
740 1578 849 1618 epigr.

150 1635 203 1664 20.

194 1684 299 1714 Epm.
318 1690 425 1713 xxxx.
450 1684 467 1712 1
495 1680 682 1718 Chirurgus,
693 1677 763 1719 δῖα]
782 1677 851 1708 Ad-

147 1732 301 1773 spirabat
317 1732 492 1771 chirurgus
507 1730 651 1761 Diaulus
663 1729 704 1760 ad
716 1728 851 1759 nobilis-

147 1784 266 1814 simam
283 1782 460 1813 mediciuae
479 1785 624 1821 partem,
639 1784 676 1810 ut
702 1778 849 1810 Clinicus

151 1833 287 1864 tandem
305 1832 539 1871 Imperatores
556 1831 645 1860 lecto
663 1828 781 1859 affixos
801 1829 849 1859 vi-

148 1888 240 1914 seret
255 1887 480 1922 curan-etque:
500 1880 682 1921 desperans
700 1879 850 1917 tandem,

148 1934 264 1965 nescio
277 1943 345 1975 qua
358 1932 400 1963 de
418 1941 532 1969 causa,
549 1941 584 1961 se
605 1931 646 1961 ad
665 1930 849 1961 Libitinam

150 1984 309 2023 contulit,
336 1993 355 2014 e
371 1983 529 2021 chirurgo
561 1980 701 2021 vespillo
726 1979 850 2017 factus,

147 2045 211 2067 nec
224 2035 332 2066 minus
343 2035 474 2065 interea
485 2032 649 2064 Clinicus.
685 2032 746 2062 Est
762 2032 849 2061 enim

150 2088 284 2129 argutia
308 2085 563 2127 epigrammatis
587 2084 619 2115 in
645 2093 728 2114 voce
752 2082 851 2123 κλίνη,

149 2149 224 2180 quae
242 2143 278 2169 et
298 2138 446 2169 ‘lectum
461 2136 468 2148 ’
492 2140 527 2167 et
550 2136 558 2152 ‘
574 2133 758 2166 feretrum'
783 2134 849 2174 sig-

149 2189 277 2221 uificat.
322 2188 472 2220 Clinicus
509 2187 593 2217 item
616 2185 786 2216 medicum
815 2189 851 2216 et

149 2239 413 2280 sandapilarium
428 2247 487 2268 seu
512 2236 748 2276 vespillonem.
773 2235 850 2266 vide

150 2288 240 2320 infra
257 2290 429 2329 epigr.48.
442 2293 477 2318 et
495 2288 601 2327 epigr.
619 2287 706 2318 74.1.
722 2288 754 2317 8.
780 2286 850 2317 No—

149 2345 204 2371 tus
218 2340 376 2379 estjocus
385 2338 549 2378 Diogenis
562 2338 593 2368 in
604 2336 784 2378 quendam,
795 2337 851 2377 qui

151 2400 194 2421 ex
211 2391 298 2420 malo
325 2390 454 2420 athleta
476 2388 587 2420 factus
612 2392 664 2418 est
680 2396 777 2428 aeque
794 2387 851 2418 bo-

151 2449 213 2470 nus
230 2439 394 2470 medicus.
415 2437 562 2479 Vespillo]
576 2438 636 2468 Est
650 2437 719 2476 ille,
731 2436 787 2477 qui
803 2436 852 2467 ef-

150 2491 221 2522 fert
244 2500 388 2531 corpora
419 2489 461 2520 ad
486 2489 709 2529 sepulturam,
733 2492 768 2519 et
795 2487 852 2528 qui

153 2541 249 2581 quasi
266 2545 361 2571 veste
388 2540 512 2580 spoliet
538 2544 727 2569 mortuum:
758 2538 811 2568 vel
834 2547 853 2568 a

150 2601 294 2632 vespere
318 2591 442 2629 dictus,
467 2590 624 2631 quoniam
652 2589 796 2630 majores
812 2598 853 2619 ea

151 2643 234 2673 hora
247 2641 510 2682 sepeliebantur.

194 2693 300 2723 Epio.
327 2700 448 2722 xxxn.
472 2693 488 2721 1
514 2689 583 2721 Hos
605 2688 678 2729 tibi]
700 2689 852 2720 Voverat

152 2743 338 2783 EncolpuS,
370 2741 448 2773 Auli
476 2740 644 2772 Pudentis
679 2739 848 2771 centurio-

152 2793 203 2824 nis
234 2792 390 2833 amasius,
438 2791 548 2822 crines
586 2800 662 2821 suos
706 2789 848 2828 Phoeho,

1491 158 1603 200 1103

908 268 944 294 ut
982 264 1123 303 primum
1158 264 1311 295 dominus
1348 272 1427 294 suus
1467 263 1509 294 ad
1536 262 1603 303 pri-

907 315 1096 355 mipilatum
1127 316 1220 356 (qua-
1249 315 1403 355 proxima.
1433 319 1507 345 erat
1531 313 1602 352 dig-

905 364 1011 405 nitas)
1064 365 1276 396 eveheretur.
1340 366 1450 404 Rogat
1494 364 1604 394 Deum

905 416 1009 456 po'eta
1049 421 1086 446 ut
1131 426 1272 456 puerum
1307 426 1406 457 quam
1444 414 1603 446 citissime

906 466 974 497 voti
991 470 1183 506 compotem
1207 466 1341 505 reddat,
1364 466 1452 507 quod
1471 464 1605 505 utrique

904 527 1018 547 eorum
1033 521 1166 557 gratum
1178 516 1221 546 sit
1232 515 1391 546 futurum.
1408 516 1482 546 vide
1496 514 1607 555 epigr.

903 569 955 598 49.
970 567 991 597 l.
1008 571 1038 598 5.
1054 567 1180 606 Phoebe,
1191 569 1292 605 vocet,
1306 567 1372 607 ἄτη]
1386 565 1604 596 Excedentes

904 628 945 648 ex
970 617 1112 658 ephebis
1144 627 1249 648 comae
1266 616 1382 657 (quam
1401 616 1495 655 pueri
1512 616 1604 647 alue—

904 667 997 709 rant)
1021 668 1171 699 detonsae
1192 668 1359 708 primitias
1383 667 1512 697 Phoebo
1529 676 1609 697 con-

902 718 1097 757 secrabant,
1121 718 1255 758 plurimi
1279 717 1431 757 Delphos
1448 716 1607 757 profecti.

904 768 1094 809 AEsculapio
1133 768 1201 807 alii,
1238 767 1295 798 alii
1329 766 1439 798 fluviis
1475 767 1607 807 patriis,

903 828 998 859 aquae
1030 819 1117 850 hunc
1151 819 1310 849 honorem
1346 817 1545 855 tribuentes,
1569 822 1607 847 ut

903 869 1068 899 alimoniae
1088 868 1234 909 parenti,
1257 869 1412 908 vitaeque
1428 875 1606 897 conserva-

904 919 991 950 trici.
1014 918 1154 949 Lucian.
1177 917 1245 959 περὶ
1260 919 1317 955 τῆς
1333 916 1441 958 συρίης
1457 917 1537 948 θεοῦ.

945 972 965 1000 6
990 970 1081 1000 Fusoe
1108 971 1218 1007 lactea,
1244 969 1313 1009 &eff
1339 969 1404 1000 Hic
1433 969 1521 999 enim
1548 968 1603 999 ha·

902 1020 993 1051 bitus
1042 1021 1266 1051 delicatorum
1311 1025 1348 1050 et
1393 1018 1605 1059 perditorum

904 1080 1097 1110 puerorum.
1125 1071 1246 1102 Horat.
1269 1070 1277 1086 ‘
1296 1071 1428 1111 thuae
1445 1078 1533 1100 nuuc
1546 1069 1603 1100 hu-

902 1121 1004 1151 meris
1039 1121 1237 1158 involitant‚
1263 1121 1453 1152 deciderint
1473 1120 1604 1152 comae.’

901 1171 1008 1210 Juboe]
1031 1171 1188 1211 Metaph.
1205 1181 1322 1202 comae.

945 1224 964 1252 8
991 1222 1132 1261 Tonsum,
1149 1221 1219 1262 ἐγὼ]
1243 1221 1444 1261 compotem
1458 1220 1602 1259 voti,as-

903 1276 1021 1302 secuto
1038 1272 1169 1303 scilicet
1184 1270 1342 1303 Pudente
1360 1270 1520 1311 primipili
1533 1270 1606 1311 dig-

901 1323 1060 1360 nitatem,
1086 1326 1122 1353 ut
1149 1322 1342 1353 tondeatur.
1387 1321 1464 1352 Sero
1487 1321 1604 1360 virum]

903 1374 980 1405 Quo
1005 1373 1130 1404 diutius
1156 1382 1268 1404 amore
1293 1373 1365 1413 ejus
1382 1371 1516 1402 fruatur
1532 1372 1603 1402 Do-

901 1426 1020 1456 minus.

944 1478 1046 1508 EPIG.
1064 1487 1203 1508 xxxul.
1228 1480 1244 1508 1
1268 1477 1337 1508 Non
1347 1487 1414 1508 umo
1426 1479 1469 1515 te,
1481 1475 1602 1510 Sabidi,

900 1528 969 1568 du]
979 1527 1047 1558 Odi
1060 1533 1093 1559 te
1102 1528 1182 1559 Sab.
1193 1527 1309 1568 gratis,
1318 1536 1425 1568 neque
1437 1526 1524 1556 enim
1534 1524 1604 1556 odii

901 1578 967 1608 mei
980 1579 1146 1609 rationem
1158 1577 1303 1608 reddere
1314 1578 1473 1617 valeo,an
1484 1575 1525 1607 ab
1534 1575 1605 1606 ani-

901 1627 946 1657 mi
960 1629 1146 1667 pravitate,
1162 1638 1291 1659 morum
1313 1625 1604 1665 dissimilitudine,

903 1683 938 1708 et
965 1678 1121 1718 syderum
1145 1678 1449 1717 contrapositione,
1469 1676 1602 1716 antipa-

903 1728 985 1765 thia,
996 1728 1095 1768 genio
1105 1727 1241 1767 infesto,
1251 1737 1309 1758 seu
1321 1727 1406 1758 malo
1414 1726 1534 1758 omine.
1547 1726 1604 1757 lta

902 1779 1040 1809 Senecae
1056 1779 1244 1818 Thyestes:
1283 1777 1421 1817 ‘rapior
1440 1781 1474 1807 et
1487 1776 1604 1807 nescio

902 1839 981 1869 quo,
1008 1829 1066 1859 sed
1094 1828 1233 1869 rapior.'
1262 1834 1309 1866 et,
1338 1826 1454 1858 ‘Nihil
1483 1826 1603 1858 timen-

902 1878 978 1909 dum
993 1878 1105 1917 video,
1120 1878 1179 1909 sed
1195 1877 1296 1909 timeo
1310 1875 1448 1908 tamen.'
1470 1876 1536 1907 Vel
1551 1885 1602 1906 ar-

901 1930 1028 1969 gutius,
1054 1928 1177 1959 merito
1201 1932 1234 1959 te
1259 1927 1327 1967 odi,
1347 1936 1457 1968 neque
1489 1931 1602 1957 tamen

901 1988 963 2019 per
989 1979 1189 2010 modestiam
1215 1978 1298 2009 licet
1318 1975 1416 2008 effari
1441 1976 1509 2008 odii
1537 1977 1603 2007 mei

901 2039 1048 2061 causam.
1074 2030 1128 2060 vel
1156 2033 1299 2070 propter
1315 2028 1380 2059 oris
1411 2028 1460 2059 tui
1478 2027 1602 2067 impuri

900 2080 1167 2120 graveolentiam
1194 2089 1260 2110 non
1287 2079 1436 2110 sustineo
1461 2078 1549 2118 apud
1569 2082 1603 2109 te

900 2131 1053 2171 longiore
1070 2130 1120 2161 uti
1138 2139 1308 2168 sermone,
1321 2129 1384 2160 hoc
1402 2133 1533 2159 tantum
1551 2128 1601 2159 di-

901 2191 955 2220 co,
980 2183 988 2198 ‘
1004 2181 1081 2212 Non
1099 2191 1174 2211 amo
1192 2180 1246 2212 te!
1270 2184 1306 2211 et
1332 2179 1374 2210 ad
1399 2179 1483 2209 hanc
1497 2188 1599 2219 expo·

901 2232 1056 2263 sitionem
1072 2230 1157 2262 facit
1174 2231 1281 2272 epigr.
1308 2232 1357 2261 17.
1387 2230 1408 2260 l.
1434 2232 1464 2260 3.
1505 2229 1600 2269 Amo]

901 2283 956 2313 De
971 2282 1059 2313 omni
1073 2282 1232 2312 amicitiae
1250 2289 1373 2321 genere
1390 2279 1456 2310 dici
1472 2284 1598 2319 potest.

902 2333 989 2364 Nam
1006 2337 1043 2363 ut
1059 2332 1203 2372 aliquem
1218 2331 1305 2361 serio
1322 2339 1487 2369 amemus,
1500 2329 1601 2360 animi

903 2383 1084 2424 propensio
1108 2383 1252 2413 accedat
1269 2390 1404 2411 necesse
1421 2385 1497 2411 est:
1528 2381 1601 2412 haec

903 2434 929 2464 si
951 2434 1063 2471 abest,
1088 2431 1214 2462 frustra
1235 2432 1340 2462 amari
1357 2430 1601 2462 desideramus.

901 2485 968 2516 Sed
996 2484 1198 2526 quandoque
1224 2492 1288 2513 non
1306 2483 1412 2513 solum
1430 2492 1494 2513 non
1511 2492 1602 2515 ama-

903 2546 988 2574 mus,
1015 2535 1074 2566 sed
1097 2535 1201 2565 etiam
1222 2533 1300 2564 odio
1332 2532 1492 2563 hahemus
1527 2533 1600 2563 sine

903 2596 1034 2618 caussa.
1081 2584 1182 2615 Aliud
1200 2589 1253 2615 est
1279 2593 1345 2614 non
1365 2593 1491 2621 amare,
1507 2583 1599 2614 aliud

903 2636 1026 2667 odisse.
1050 2636 1137 2666 Sunt
1149 2634 1253 2675 igitur
1266 2633 1418 2675 quaedam
1436 2633 1513 2664 odia
1525 2643 1598 2673 gra-

904 2686 1003 2724 tuita,
1018 2694 1090 2726 quae
1109 2693 1128 2715 a
1143 2694 1236 2716 caeco
1253 2684 1439 2716 animorum
1457 2683 1599 2726 impetu.

902 2736 1034 2768 Herald.

947 2788 1050 2818 Epio.
1082 2794 1212 2818 xxxiv·
1249 2785 1298 2816 De
1324 2783 1442 2824 Gellia]
1465 2783 1597 2824 Saepius
