1866 3131
427 177 470 204 xl.
507 175 617 202 VAL.
653 173 929 204 MAR'rlALls
968 173 1127 202 lli’lclt.
1164 172 1256 200 Llss.
1293 172 1318 199 l.

153 280 253 301 venas
273 269 374 300 incidi
387 269 501 310 jussit,
527 268 723 307 sanguninem
741 266 848 297 libans

150 322 228 353 Jovi
246 321 431 351 liberatori.
460 318 746 359 Consummutiqne]
769 318 850 348 Om-

151 372 248 402 nibus
276 371 422 402 numeris
452 370 596 400 absoluti
627 369 703 406 viri,
740 369 850 399 Stoici

151 422 403 463 perfectissimi.
450 419 592 459 Catonis]
616 419 684 451 Qui
709 428 750 449 ne
778 418 850 449 Cae-

151 484 259 504 sarem
277 473 440 503 victorem
458 470 602 509 videret,
619 479 654 500 se
673 470 782 500 Uticae
801 469 851 499 in-

151 524 309 562 tcrt'eci13
334 524 387 554 cui
402 522 481 553 hinc
499 530 686 562 cognomen
709 521 851 551 Uticen-

152 575 207 605 sis.
225 574 313 604 infra
330 574 419 614 epig.
436 575 489 603 79.
504 581 590 602 vers.
606 574 637 601 9.

194 632 214 659 2
240 629 412 667 Dogmata,
424 624 491 665 istu]
507 623 642 654 Placita
658 628 693 653 et
710 622 852 654 decreta

152 679 278 710 Stoica.
314 679 322 693 ‘
338 677 485 707 Mortem
519 683 594 704 esse
631 672 673 704 ad
704 683 852 712 manum,

152 734 286 769 portum
305 733 339 757 et
356 726 549 757 libertatem
568 734 587 754 a
603 723 771 763 miseriis,’
787 727 850 756 &a

152 780 262 809 Salvus
288 781 333 815 ut,
359 778 427 817 [you]
462 777 508 806 Ut
533 782 645 806 tamen
674 775 760 806 nolis
789 776 850 806 tibi

150 834 293 859 mortem
320 827 548 866 consciscere,
574 826 665 867 quod
693 824 851 858 fecerunt

153 881 215 912 illi.

194 935 212 961 5
240 931 319 961 Nolo
334 931 447 969 virum,
468 929 538 969 ὅςα]
564 929 652 960 Nolo
668 929 775 960 virum
794 929 850 969 qui

151 981 300 1011 molliter
326 987 361 1011 et
387 981 611 1021 desperanter
641 980 681 1011 ad
707 985 850 1010 mortem

153 1032 249 1072 quasi
266 1031 453 1062 remedium
470 1030 658 1070 confugiat,
673 1031 761 1062 hunc
777 1032 852 1062 volo

152 1081 209 1122 qui
227 1082 312 1111 mala
325 1080 461 1111 fortiter
479 1082 603 1111 toleret
619 1080 852 1121 perferatque.

150 1131 188 1161 τὸ
206 1132 230 1161 δ’
245 1130 457 1170 ἀποθνήσκειν,
479 1130 635 1170 φεύγοντα
650 1130 764 1171 πενίαν,
786 1136 851 1162 Sc.

152 1182 258 1213 Arist.
278 1183 409 1213 Nic-om.
427 1185 457 1213 3.
485 1185 516 1213 7.
538 1182 616 1213 vide
644 1192 698 1223 ep.
712 1186 765 1214 80.
784 1183 805 1214 1.
822 1185 852 1214 2.

153 1238 187 1263 οῖ
203 1234 310 1272 epigr.
322 1236 374 1263 57.
392 1233 414 1263 l.
434 1235 484 1263 11.
501 1239 537 1264 et
554 1233 672 1273 Eurip.
689 1233 795 1264 Herc.
815 1234 850 1265 F.

153 1290 220 1314 act.
238 1288 268 1315 5.
291 1282 487 1323 Ἐσκεψάμην
501 1282 534 1314 δὲ
549 1283 656 1325 καίπερ
666 1284 698 1315 ἐν
712 1286 852 1315 κακοῖσιν

151 1333 202 1371 ὢν,
217 1336 282 1365 esce.
328 1334 430 1365 Facili
448 1334 614 1374 sanguine]
642 1336 762 1366 Facilis
776 1345 850 1367 san-

152 1385 224 1425 gnis
241 1385 324 1425 ejuS,
336 1386 392 1426 qui
413 1386 561 1426 singulos
578 1392 671 1418 artus
691 1397 769 1418 suos
784 1386 852 1418 for-

152 1441 244 1466 tunae
261 1437 492 1476 prodigendos
512 1437 583 1476 dat,
598 1443 732 1479 quaestu
748 1444 851 1480 atque

152 1487 354 1527 compendio
368 1488 560 1527 gloriarum.
604 1488 693 1520 Vide
704 1489 851 1520 Gellium

152 1536 174 1566 l.
191 1539 221 1568 2.
237 1547 267 1568 c.
281 1540 335 1568 27.

197 1587 300 1617 Epic.
316 1596 352 1618 x.
380 1590 400 1617 2
417 1587 481 1617 Sed
501 1587 568 1626 qui,
585 1587 653 1628 Esou]
678 1588 740 1619 Est
762 1590 852 1620 enim

154 1636 291 1667 ‘Bellus
302 1636 310 1648 ¹
322 1637 558 1668 diminutivum
572 1648 592 1668 a
606 1638 852 1680 bonuffipretty.

154 1686 214 1717 lib.
236 1689 267 1717 2.
292 1687 410 1727 Epigr.
435 1691 467 1718 7.
492 1693 527 1718 et
552 1688 572 1718 1.
597 1691 626 1719 3.
655 1690 772 1729 Epigr.
798 1693 852 1721 62.

154 1736 245 1777 qnod
267 1737 309 1767 de
329 1737 413 1768 bono
434 1747 622 1779 magnoque
638 1748 702 1768 nou
717 1739 853 1770 dicitur.

153 1787 271 1818 Bellus
287 1789 364 1818 item
389 1788 526 1824 dicitur,
548 1789 604 1829 qui
629 1790 804 1829 placenter
820 1796 856 1822 et

156 1838 197 1868 ad
216 1839 424 1868 voluntatem
445 1839 607 1879 loquitur,
633 1840 721 1880 quod
741 1841 855 1880 pusilli

154 1888 254 1918 animi
278 1894 342 1920 est.
365 1889 474 1930 epigr.
499 1893 554 1921 46.
583 1891 604 1921 l.
634 1894 684 1922 10.
719 1892 796 1923 vide
820 1898 855 1923 et

153 1939 262 1979 epigr.
289 1942 342 1971 39.
367 1940 387 1971 l.
412 1943 464 1971 12.
489 1942 593 1972 Forte
615 1947 651 1972 et
674 1942 728 1973 hic
750 1943 856 1974 Cotta

153 1989 382 2029 πτωχαλάζων,
409 1991 466 2032 qui
493 2001 623 2033 pauper
649 2003 724 2024 cum
749 1999 856 2035 esset,

153 2041 247 2071 dives
264 2042 379 2072 haberi
397 2042 513 2073 voluit.

198 2092 303 2124 Eme.
321 2102 373 2124 xi.
408 2097 423 2124 l
442 2095 529 2126 Petit
548 2097 721 2137 Gemellus]
745 2098 855 2129 Notat

157 2144 333 2173 avaritiam
368 2145 510 2175 vulturis
542 2156 601 2177 seu
637 2147 854 2188 haeredipetae

156 2193 317 2231 Gemelli,
334 2195 390 2235 qui
408 2195 626 2226 Maronillam
644 2197 857 2238 opulentam,

154 2242 211 2273 sed
223 2243 294 2283 jam
313 2245 546 2276 tabescentem
562 2247 723 2287 ambibat,
738 2252 774 2278 ut
790 2248 855 2278 haz-

157 2303 209 2324 res
226 2294 313 2324 illius
330 2295 576 2327 institueretur.

199 2346 218 2374 ιι
249 2344 369 2384 Τιιεείί]
413 2346 504 2376 Hinc
544 2346 745 2386 phthisicum
781 2357 856 2378 esse

157 2393 499 2436 conjicit,speratque
514 2407 550 2428 se
564 2397 656 2428 brevi
673 2399 854 2430 elaturum.

158 2444 235 2475 vide
253 2444 310 2475 lib.
328 2448 359 2475 2.
376 2447 485 2487 epigr.
503 2450 555 2478 26.

200 2495 382 2526 Emenm.
407 2499 422 2526 l
444 2497 521 2527 Cum
535 2500 608 2529 duta
618 2499 696 2539 sint]
720 2500 760 2530 In
775 2500 855 2531 licta

157 2545 335 2576 Sextiliani
363 2556 519 2586 persona,
541 2548 682 2580 bibones
708 2551 857 2590 inclytos

158 2597 370 2636 perstringit.
389 2599 467 2628 Cum
482 2599 556 2628 duta
578 2600 641 2630 sint
657 2601 766 2640 equiti,
787 2602 855 2641 lya]

159 2647 287 2677 Omnes
303 2648 486 2679 divisiones
503 2654 536 2679 et
560 2650 707 2682 ἐπιδόσεις
731 2653 855 2692 populo

157 2699 286 2731 fiebant
312 2710 373 2738 per
395 2701 519 2740 gradus
543 2703 784 2742 amphitheatri
803 2704 855 2734 vel

158 2751 295 2790 theatri,
313 2751 366 2781 ubi
384 2762 464 2782 vero
481 2752 561 2783 (lata
575 2754 643 2784 sint
660 2754 717 2784 illa
732 2756 854 2784 nomis-

160 2807 264 2840 mata,
294 2802 358 2832 alio
383 2803 625 2842 epigrammate
653 2805 685 2835 in
711 2804 852 2835 eundem

1487 160 1597 200 1097

901 267 1126 296 Sextilianum
1157 265 1318 304 ostendit,
1351 264 1407 296 lib.
1426 266 1453 296 1.
1479 265 1598 305 Epigr.

902 319 955 346 27.
993 317 1001 332 ‘
1021 317 1094 346 Nec
1125 325 1359 347 consessorum
1392 315 1502 346 vicina
1542 326 1599 346 uo-

901 367 1056 397 mismata
1082 372 1227 406 tantuin,
1246 367 1324 397 AEra
1346 366 1405 397 sed
1429 376 1448 397 a
1484 367 1600 397 cuncis

902 417 1064 448 ulteriora
1073 417 1187 457 rapis!
1220 418 1296 448 Non
1314 421 1494 448 contentus
1511 417 1601 447 enim

903 468 956 498 hic
972 478 1086 508 eques,
1111 477 1263 498 nummos
1286 468 1319 498 in
1342 478 1402 498 suo
1421 467 1527 508 gradu
1550 477 1600 497 re-

900 520 1030 560 cipere,
1070 530 1112 550 ex
1150 519 1309 559 gradibus
1345 524 1478 559 raptum
1519 519 1602 550 ibat.

906 571 996 601 Hinc
1006 571 1070 601 '111ae
1082 571 1271 601 locutiones
1285 572 1293 587 ‘
1303 570 1345 600 de
1356 570 1538 611 gra‹libuS,'
1551 572 1559 586 ‘
1569 571 1600 601 in

903 620 1088 662 gradibus,'
1112 626 1147 653 et
1172 623 1180 638 ⁶
1196 621 1375 661 gradibus'
1401 631 1523 661 panem
1540 622 1603 652 ‹tis-

903 672 1066 711 tribnere,
1090 681 1151 713 pro
1177 672 1365 702 hominibus
1392 672 1446 712 qui
1473 677 1550 702 sunt
1569 672 1600 701 in

901 723 1071 762 gradibus.
1117 723 1157 753 In
1183 722 1304 763 quibus
1331 731 1413 762 ergo
1441 722 1602 761 gradihus

902 774 936 804 id
952 773 1102 805 factum?
1124 774 1156 804 in
1173 773 1303 812 iisdem,
1323 773 1357 803 in
1384 773 1505 814 quibus
1521 773 1602 803 olim

902 825 1075 864 congiaria
1100 825 1227 865 populo
1251 823 1435 862 dabantur,
1459 833 1526 854 aera
1556 823 1603 853 di-

903 875 1119 915 videbantur,
1144 879 1179 906 et
1202 875 1341 906 missilia
1366 883 1466 905 omne
1497 883 1602 914 genus

902 926 1165 966 spargebantur,
1190 931 1225 956 et
1249 929 1387 956 tesserae
1420 923 1603 955 mitteban-

903 982 977 1008 tur:
1002 977 1036 1006 in
1062 977 1100 1007 iis
1128 976 1208 1016 ipsis
1235 986 1339 1017 panes
1358 976 1461 1006 etiam
1485 984 1605 1014 eroga-

904 1028 1051 1066 bantur;
1074 1037 1197 1068 nempe
1217 1028 1250 1057 in
1268 1026 1511 1067 amphitheatri
1530 1035 1604 1065 gra-

903 1079 1012 1110 dibus.
1035 1080 1170 1110 Sulmas.
1192 1079 1284 1109 Vide
1302 1083 1338 1109 et
1353 1077 1503 1108 Turneb.
1517 1077 1538 1108 l.
1551 1079 1602 1107 13.

903 1141 934 1162 c.
957 1134 1011 1162 30.
1058 1132 1147 1162 Data
1172 1133 1248 1167 sint,
1274 1132 1343 1171 &eff
1367 1130 1421 1161 Ad
1441 1131 1550 1161 vinum
1567 1134 1604 1160 et

903 1181 1042 1212 bellaria
1066 1182 1204 1222 singulis
1222 1182 1403 1223 Equitibus
1425 1182 1457 1212 in
1474 1185 1605 1222 specta·

902 1232 986 1263 culis
1003 1231 1238 1262 desidentibus
1252 1232 1334 1262 data
1349 1236 1426 1263 sunt
1446 1234 1497 1262 10.
1511 1240 1605 1262 num-

902 1283 960 1323 mi,
975 1283 1135 1314 Sestertii
1150 1284 1294 1315 scilicet.
1337 1283 1524 1314 Sestertius
1547 1292 1604 1313 au·

902 1339 971 1366 tem
989 1335 1144 1366 continet
1160 1333 1263 1365 Asses
1280 1334 1365 1365 dnos
1389 1344 1464 1365 cum
1481 1334 1606 1373 medio,

902 1386 990 1417 unde
1008 1386 1133 1426 Figura
1152 1386 1223 1417 HS.
1245 1390 1372 1417 nostrae
1389 1389 1537 1416 monetae
1551 1395 1608 1415 va·

902 1438 951 1468 let
975 1440 1004 1468 1.
1031 1437 1065 1468 d.
1085 1437 1131 1467 ob.
1154 1447 1184 1477 q.
1214 1447 1244 1467 a.
1270 1447 1298 1476 q.
1326 1445 1426 1477 quem
1454 1436 1605 1476 geminat

903 1489 1116 1520 victoriatus.
1133 1491 1165 1519 3.
1182 1487 1216 1519 d.
1228 1487 1275 1518 ob.
1288 1498 1319 1527 q.
1331 1493 1368 1518 ut
1379 1492 1415 1519 et
1427 1487 1514 1518 hunc
1528 1487 1604 1518 den.

902 1541 933 1570 7.
951 1539 984 1570 d.
999 1539 1045 1570 ob.
1062 1548 1178 1570 omnes
1202 1538 1370 1579 argentei.
1415 1537 1505 1568 Data
1529 1538 1607 1575 sint,

903 1589 973 1629 ἐξα]
1019 1589 1109 1622 Quid
1133 1589 1233 1629 juvat
1261 1589 1451 1629 appingere
1489 1593 1604 1619 notam

905 1639 1062 1669 Farnabii
1081 1640 1122 1668 de
1139 1639 1311 1676 sestertio,
1326 1649 1425 1679 quam
1441 1648 1539 1669 nemo
1557 1639 1604 1669 in-

905 1689 1053 1728 telligit?
1087 1688 1155 1719 Sed
1178 1693 1213 1718 et
1238 1687 1358 1718 falsum
1380 1692 1433 1719 est
1462 1689 1606 1719 Martia-

905 1740 944 1770 lis
962 1750 1037 1771 aevo
1052 1739 1250 1770 sestertium
1267 1739 1460 1770 constitisse
1477 1739 1608 1771 duobus

905 1791 1035 1821 assibus
1061 1794 1097 1821 et
1126 1789 1326 1821 dimidiato:
1361 1794 1431 1820 tum
1461 1795 1606 1831 quatuor

907 1852 997 1873 asses
1013 1842 1161 1881 valebat,
1173 1842 1262 1883 quod
1279 1842 1333 1873 hic
1347 1843 1460 1883 potuit
1473 1843 1605 1874 discere

906 1903 925 1924 a
949 1893 1135 1931 Scriverio‚
1167 1892 1224 1934 qui
1255 1892 1375 1924 tribuit
1398 1893 1430 1924 ei
1457 1894 1605 1925 sedecim

906 1943 1134 1984 quadrantes:
1156 1947 1192 1974 et
1220 1948 1338 1974 recte:
1363 1953 1438 1974 nam
1463 1953 1499 1974 as
1526 1953 1606 1985 qua-

906 1999 984 2025 tuor
1011 1994 1252 2035 quadrantum.
1298 1994 1477 2025 Praeterea
1501 2004 1605 2036 quare

905 2044 1033 2085 adjecit
1048 2045 1090 2076 ad
1108 2043 1272 2075 bellaria?
1297 2044 1386 2075 unde
1402 2045 1465 2075 hoc
1481 2045 1512 2075 ei
1526 2055 1607 2076 eon-

905 2096 996 2126 stat?
1046 2095 1093 2126 At
1118 2095 1214 2132 illud,
1247 2094 1383 2125 ‘decies
1413 2095 1609 2135 numman

905 2156 970 2188 qua
997 2150 1074 2177 sunt
1098 2148 1195 2176 2000.
1227 2145 1397 2185 sestertia,
1424 2145 1606 2177 barbarum

905 2204 941 2228 et
966 2197 1132 2227 insanum.
1179 2196 1370 2226 Deleantur
1395 2195 1513 2236 itaque
1538 2205 1606 2227 om-

906 2249 974 2279 nia.
1020 2246 1085 2278 Sed
1109 2246 1150 2277 ad
1175 2247 1292 2277 ‘Data
1317 2246 1408 2282 sint:
1427 2247 1475 2277 sic
1490 2252 1607 2286 potest

905 2298 1038 2329 notari:
1064 2296 1119 2328 Ad
1145 2297 1235 2327 sitim
1252 2297 1428 2327 levandam
1452 2297 1485 2327 in
1508 2307 1606 2337 spec-

906 2350 1018 2381 taculo
1048 2348 1178 2389 longius
1215 2347 1383 2388 producto
1420 2347 1607 2379 distributa

905 2401 1026 2432 scribit
1043 2399 1171 2430 viritim
1194 2407 1256 2438 per
1278 2397 1533 2438 quatuordecim
1552 2409 1604 2429 or-

905 2452 1002 2482 dines
1027 2450 1142 2480 decem
1167 2448 1380 2480 nomismata.
1425 2450 1510 2482 Quae
1533 2448 1605 2480 fue-

907 2502 975 2532 rint
988 2500 1060 2538 illa,
1076 2500 1150 2540 quis
1167 2498 1292 2529 audeat
1309 2498 1510 2531 adfirmare?
1535 2501 1603 2532 Sed

906 2562 972 2582 non
988 2550 1099 2590 magni
1122 2549 1224 2589 pretii
1250 2548 1352 2580 fuisse
1369 2555 1514 2590 apparet
1530 2561 1606 2591 par-

907 2602 966 2632 tim
997 2611 1038 2632 ex
1071 2600 1178 2640 epigr.
1206 2602 1260 2630 27.
1292 2600 1346 2630 ubi
1385 2601 1603 2641 appellantur

906 2656 914 2670 ⁴
929 2651 1017 2689 aera‚'
1043 2651 1165 2691 partim
1188 2660 1229 2680 ex
1254 2652 1426 2691 opposito,
1449 2652 1528 2682 ‘Bis
1545 2652 1603 2683 de·

905 2704 974 2733 cies
989 2700 1099 2741 hibis,'
1113 2702 1207 2742 quasi
1221 2702 1362 2732 alterum
1378 2706 1507 2732 tantum
1524 2702 1603 2733 hau-

905 2755 970 2784 riat
986 2754 1054 2792 illa,
1081 2758 1115 2783 et
1137 2752 1260 2791 singuli
1276 2752 1414 2783 haustus
1439 2753 1603 2784 constitu-

906 2810 964 2836 unt
981 2803 1193 2835 nomismate.
1219 2802 1316 2834 Gron.
