1866 3131
238 191 255 230 1
264 188 349 231 320

238 293 328 336 quod
352 293 505 333 appellat
526 291 584 324 lib.
608 294 639 323 4.
664 292 781 333 Epigr.
798 294 852 323 88.
889 292 938 322 Ut

237 355 329 385 mox,
344 346 353 361 ‘
367 345 400 374 in
425 343 542 383 cotyla
565 352 641 373 rasa
662 342 796 373 selibra’
811 347 863 373 est
888 350 937 372 ar-

239 396 334 436 genti
351 393 470 425 rasilis.
510 393 583 424 Nee
599 403 680 424 vero
697 398 765 424 tam
781 391 938 432 frigidum

239 452 306 484 est,
333 454 431 486 quam
459 444 578 475 volunt
602 443 638 473 τὸ
667 444 798 483 quidem.
843 442 940 473 Dicit

240 497 327 528 enim
344 508 351 526 :
378 495 508 528 Quinto
533 504 620 525 anno
637 494 731 525 venit
750 494 830 524 mihi
853 493 939 524 libra

240 547 395 588 argenti:
421 555 501 577 sane
524 545 721 586 Septiciani,
737 544 803 583 vel,
818 543 941 583 fateor,

239 597 446 638 Septiciani;
466 597 658 637 relinquens
670 594 941 635 intelligendum,

240 649 300 681 sed
319 655 432 681 tamen
455 653 587 680 tantum
610 648 708 687 libra,
723 658 824 689 quum
849 652 940 678 stare

240 705 300 732 aut
315 709 468 730 crescere
483 699 629 729 debeant
644 707 805 736 munera3
831 702 866 729 tu
883 708 940 728 au-

241 755 310 782 tem
325 751 404 781 olim
418 756 563 792 quatuor
576 749 679 780 libras
692 749 830 780 miseris.
852 749 941 780 Vide

242 800 451 831 Gronovium
469 800 511 831 de
529 800 680 830 Pecunia
696 800 822 830 Vetere
839 799 896 830 lib.
910 802 942 832 4.

242 861 318 891 cap.
349 854 400 882 13.
446 850 547 883 Quod
585 851 612 880 si
649 849 752 880 mavis
781 850 944 880 Scriverii

242 902 315 942 quid
342 900 411 934 est?
434 905 473 931 ut
500 901 563 930 hoc
585 900 643 931 lib.
665 900 729 940 Ep.
759 902 810 930 17.
837 900 943 930 Intel-

243 952 334 991 lige:
360 950 450 983 Quid
468 957 520 981 est
536 950 659 981 causa?
691 950 783 983 Quid
798 951 862 982 hoc
879 951 943 982 sibi

243 1002 339 1033 vult?
367 1002 503 1032 Gronov.

287 1055 306 1082 7
332 1053 503 1090 Bessalem,
517 1051 586 1091 ἐγὼ]
611 1050 665 1082 Ad
682 1052 854 1083 vasculum
867 1056 946 1082 octo

244 1103 433 1134 unciarum.
479 1102 629 1133 Bessalis
661 1111 741 1142 ergo
777 1112 794 1132 a
824 1102 944 1132 besse:

245 1154 305 1184 bes
322 1158 399 1184 octo
416 1159 552 1184 constat
569 1153 690 1184 unciis.
734 1153 877 1184 Scutula
893 1162 945 1183 er-

246 1214 289 1244 go
314 1210 387 1235 erat
415 1213 473 1234 vas
500 1213 619 1234 cavum
651 1209 686 1234 et
710 1203 902 1244 rotundum,
928 1214 948 1234 a

245 1261 343 1286 scuto
354 1254 503 1292 dletum3
522 1254 609 1285 nude
620 1258 654 1285 et
665 1256 674 1271 ‘
687 1253 843 1285 scutella'
856 1254 945 1294 apud

248 1306 462 1336 Ciceronem.

290 1359 310 1388 8
335 1356 374 1387 In
400 1357 512 1394 cotula,
526 1355 595 1395 elsa]
618 1356 741 1397 Cotyla
770 1366 830 1387 sen
859 1357 949 1388 calix

248 1407 376 1448 politus
393 1407 447 1437 vel
463 1407 605 1437 caelatus
621 1416 680 1437 sex
704 1407 877 1438 unciarum
894 1407 952 1438 da-

249 1464 303 1489 tus
320 1462 384 1490 est.

292 1511 313 1538 9
336 1508 483 1546 Ligulam
512 1507 611 1547 misit,
640 1507 709 1548 Era]
753 1507 951 1548 Vasculum,

249 1568 454 1598 mensuram,
469 1568 544 1599 quae
566 1564 721 1599 quartam
745 1565 878 1598 partem
894 1568 950 1599 cy-

249 1609 320 1639 athi
344 1609 507 1639 continet.
553 1608 649 1639 Alias
680 1608 848 1649 siguificat
875 1620 949 1649 spa-

250 1660 391 1699 thulam‚
406 1660 607 1700 gladiolum:
634 1665 802 1701 utsupra.
831 1661 950 1701 Epigr.

251 1713 304 1741 33.
324 1720 413 1741 vers-
426 1713 481 1741 23.

295 1764 334 1792 ll
361 1762 450 1797 Quod
480 1763 599 1800 mittat,
627 1761 697 1801 ἐγὼ]
746 1762 824 1793 Non
860 1762 953 1794 inve-

251 1812 302 1842 nit
316 1811 404 1851 quod
419 1812 526 1842 miuus
544 1813 671 1843 mittat.

298 1863 336 1891 12
363 1860 532 1899 Quattuor,
545 1861 615 1900 ἔξω]
650 1861 772 1901 Incipe
798 1871 911 1892 rursus
935 1872 954 1892 a

253 1910 362 1951 primo
379 1919 477 1949 anno,
494 1915 530 1941 et
548 1920 689 1951 perage,
703 1911 730 1942 si
752 1911 880 1952 placet,
896 1921 954 1943 an-

252 1971 319 1992 nua
335 1971 474 1992 munera
490 1961 523 1992 in
539 1961 716 1994 circulum.

296 2013 401 2043 Epm.
431 2021 548 2042 Lxxu.
594 2011 728 2043 Artano
759 2006 956 2044 Narbonem

253 2062 412 2093 redeunti
427 2062 585 2093 comitem
610 2063 716 2093 donat
730 2062 894 2101 libellum,
909 2063 956 2093 vi-

254 2122 310 2145 ces
327 2112 488 2144 Auctoris
505 2112 698 2152 obeuntem,
713 2113 769 2154 qui
789 2113 890 2143 vellet
906 2112 955 2152 ip-

257 2173 291 2194 se
307 2173 381 2194 esse
395 2163 541 2200 libellus,
555 2163 589 2193 id
605 2167 668 2201 est,
684 2172 795 2194 comes
808 2162 941 2194 Artani.

301 2216 317 2244 1
342 2214 488 2245 Nondum
516 2213 646 2253 murice]
676 2213 797 2245 Libros
831 2223 956 2254 purpu-

256 2264 322 2295 reis
346 2270 485 2295 ornatos
513 2265 697 2304 coloribus,
714 2265 830 2295 titulos
854 2264 957 2295 minio

257 2316 416 2356 scriptos,
431 2315 600 2346 umbilicis
616 2316 738 2355 cultos,
749 2314 880 2346 frontes
898 2325 956 2355 pn-

257 2367 345 2397 mice
364 2376 466 2405 rasas,
482 2376 524 2397 ex
542 2366 644 2398 Ovid.
659 2367 679 2398 l.
696 2366 842 2397 l.'l'rist.
858 2367 956 2406 Eleg.

260 2420 289 2449 1.
313 2417 432 2449 disces.
460 2417 549 2448 Vide
565 2417 681 2457 Epigr.
700 2419 730 2448 2.
747 2416 804 2448 lib.
819 2419 850 2447 3.
872 2425 959 2448 vers.

261 2471 311 2500 ll.
325 2474 360 2500 et
378 2469 496 2509 Epigr.
511 2471 564 2499 67.
582 2468 641 2500 lib.
659 2471 688 2499 1.
704 2477 790 2499 vers.
809 2470 860 2498 11.

303 2522 322 2549 3
347 2520 517 2557 Artenam,
544 2518 612 2559 ἔξω]
650 2517 805 2549 Amicum
839 2517 958 2549 Poetae

260 2571 460 2601 redeuntem
494 2571 599 2601 Roma
636 2570 843 2610 Narbonem,
871 2570 959 2601 cele-

260 2621 443 2651 berrimam
474 2621 598 2652 Galliae
632 2622 811 2652 Braccatae
847 2621 961 2652 civita-

263 2679 344 2702 tem.

306 2726 322 2751 ἆ
354 2722 491 2761 Votieni]
516 2722 636 2753 Poetae
652 2722 785 2754 nobilis.

306 2775 326 2802 ὓ
349 2773 399 2803 Ad
415 2772 605 2813 zegesjuhec‚
616 2772 686 2814 Sym]
709 2772 762 2804 Ad
773 2773 829 2814 jus
845 2772 959 2804 dicen-

694 196 834 226 No'rAE
868 196 1128 227 VARIORUM
1163 196 1211 225 IN

987 290 1064 321 dum
1082 295 1116 321 et
1130 290 1375 330 magistratum.
1414 289 1530 320 Narbo
1544 288 1610 321 fuit
1625 300 1678 322 co—

988 342 1078 372 lonia
1100 342 1262 378 Romana,
1286 341 1376 372 unde
1402 341 1547 371 Martius
1571 341 1681 372 dictus

989 396 1053 428 est,
1070 396 1104 422 et
1121 391 1163 422 ad
1180 392 1296 422 Romae
1312 389 1452 422 formam
1470 391 1683 421 administra-

988 442 1100 473 batur.

1032 496 1049 523 7
1075 492 1221 529 Par-ibus,
1247 492 1315 532 lm]
1338 492 1388 523 Ut
1417 492 1595 532 contingat
1623 490 1686 523 tibi

989 544 1083 574 locus
1099 544 1221 575 bonus:
1245 549 1281 575 ut
1297 544 1422 574 amicus
1440 544 1559 575 bonus.

1032 598 1051 625 9
1077 594 1178 629 Quam
1208 596 1327 632 vellem,
1357 594 1425 634 iim]
1463 594 1511 625 Ut
1540 599 1686 635 utroque

990 644 1143 684 fruerer3
1169 646 1343 684 Narbone,
1360 646 1435 675 loco
1447 644 1689 684 amoenissimo3

992 697 1135 737 Artano,
1152 698 1260 728 amico
1278 696 1515 728 sincerissimo.

1034 748 1137 780 Eme.
1166 756 1300 778 Lxxnr.
1324 749 1342 777 3
1369 746 1500 786 Thalz'ae]
1524 746 1641 786 Epigr.
1658 748 1690 777 8.

990 798 1049 829 lib.
1066 801 1097 830 4.
1126 802 1277 830 vers.l2.
1301 803 1336 829 et
1357 798 1476 838 Epigr.
1500 800 1552 828 16.
1577 797 1636 827 lib.
1657 799 1692 828 7.

991 857 1082 879 vers.
1098 851 1128 880 4.

1036 903 1055 930 4
1079 900 1233 939 Da‚qu0d
1248 899 1360 940 amem]
1386 897 1543 935 Μουσικὴν
1559 896 1630 939 ἔρως
1650 899 1690 928 δι·

995 949 1109 989 δάσκει,
1133 950 1241 990 inquit
1268 950 1443 981 Plutarch.
1489 949 1592 980 Certe
1616 947 1694 980 feli·

997 1003 1083 1032 citer
1107 1001 1208 1032 cessit
1231 1011 1323 1031 amor
1346 1010 1412 1031 non
1436 1000 1554 1040 paucis
1571 999 1695 1040 poetis,

997 1052 1117 1093 quibus
1148 1052 1264 1083 amicae
1294 1051 1470 1082 materiam
1499 1050 1634 1081 felicem
1661 1051 1697 1081 iu

999 1103 1159 1134 Carmina
1188 1102 1420 1143 praelnleruut,
1454 1101 1543 1132 unde
1571 1102 1697 1141 juncta

999 1154 1135 1185 nomina
1160 1158 1233 1184 toto
1263 1158 1443 1184 cantantur
1469 1152 1501 1182 in
1531 1151 1633 1182 orbe:
1658 1156 1699 1182 ut

997 1205 1090 1235 canit
1116 1204 1257 1235 Ovidius
1283 1205 1380 1244 Eleg.
1402 1206 1433 1235 3.
1457 1203 1513 1234 lib.
1536 1205 1567 1233 l.
1593 1200 1696 1232 Amo-

998 1264 1082 1285 rum.

1042 1308 1060 1335 5
1087 1304 1224 1345 Cynthia
1249 1308 1279 1334 te
1300 1307 1414 1341 vatem,
1439 1301 1509 1342 alsa]
1558 1302 1700 1333 Latinos

1000 1360 1158 1386 recenset
1199 1354 1329 1395 poetas,
1376 1363 1516 1394 qnorum
1562 1353 1700 1393 ingenia

1001 1415 1095 1436 amor
1125 1405 1300 1444 excitavit,
1329 1413 1470 1445 quornm
1506 1412 1635 1433 amores
1665 1407 1702 1433 et

1003 1457 1127 1487 amicas
1143 1465 1241 1486 nemo
1254 1454 1497 1495 propemodum
1514 1463 1581 1484 non
1608 1453 1701 1484 audi-

1003 1508 1065 1545 vit‚
1082 1507 1138 1548 qui
1156 1505 1197 1536 de
1222 1506 1303 1546 ipsis
1332 1503 1454 1545 poetis,
1470 1504 1622 1545 quamvis
1637 1503 1700 1534 suh

1002 1558 1075 1588 aliis
1113 1556 1314 1587 nominibus.
1360 1554 1448 1585 Vide
1484 1553 1628 1595 Gyrald.
1659 1554 1703 1585 de

1002 1608 1091 1639 Vitis
1103 1608 1300 1638 Poetarum.

1045 1660 1151 1690 Eme.
1168 1667 1296 1690 Lxxn:
1314 1657 1514 1696 Imperitum
1532 1656 1703 1687 medicum

1003 1710 1134 1747 irridet,
1158 1719 1201 1739 ex
1228 1708 1340 1739 vicina
1358 1717 1476 1738 vocum
1497 1708 1703 1747 cognatione

1003 1766 1107 1801 capto
1118 1761 1212 1801 joco.

1048 1814 1064 1842 1
1091 1809 1332 1851 Hoplomachus,
1354 1808 1424 1848 gra]
1447 1807 1628 1840 Gladiator
1652 1817 1703 1838 ar-

1005 1868 1114 1894 matus
1126 1872 1136 1892 .·
1159 1871 1200 1892 ex
1215 1860 1298 1890 ὅπλα
1314 1865 1348 1890 et
1361 1857 1460 1897 μάχη.
1509 1858 1704 1897 Oplzthalmi-

1005 1923 1057 1943 cus
1068 1912 1153 1951 ante]
1165 1910 1322 1941 Medicus
1336 1909 1482 1940 ocularis
1497 1909 1554 1948 (an
1568 1907 1705 1949 oculist).

1007 1964 1053 1994 Et
1079 1962 1166 1993 ludit
1191 1971 1209 1991 a
1233 1959 1354 1991 vicinia
1370 1959 1542 1989 nominum
1557 1958 1656 1989 simul
1671 1962 1709 1988 et

1009 2013 1145 2044 artium.
1177 2012 1232 2042 Sic
1249 2010 1505 2050 Epigrammate
1527 2010 1581 2039 31.
1600 2013 1636 2039 et
1650 2010 1707 2039 48.

1008 2064 1068 2095 lib.
1084 2067 1113 2095 l.

1051 2118 1071 2145 2
1093 2112 1212 2146 Fecisti
1224 2112 1369 2150 maliem,
1382 2109 1452 2149 ξω]
1470 2109 1633 2140 Excaecas
1649 2109 1709 2141 ho-

1009 2167 1128 2197 mines.
1154 2163 1366 2203 videturque
1382 2161 1570 2192 Samnitum
1583 2166 1619 2192 et
1633 2170 1710 2201 gra-

1011 2217 1060 2247 vis
1074 2220 1253 2246 armaturae
1268 2212 1493 2251 gladiatorum
1506 2221 1620 2252 pugna
1632 2211 1713 2242 fuis-

1009 2277 1046 2298 se
1066 2265 1218 2306 punctim
1244 2263 1360 2294 ferire.
1403 2261 1492 2293 vide
1519 2261 1627 2302 Lipsii
1652 2263 1710 2292 Sa·

1010 2317 1134 2350 turnal.

1054 2369 1156 2399 Eme..
1172 2373 1282 2396 Lxxv.
1309 2363 1518 2394 Historicum
1535 2361 1710 2402 Epigram-

1011 2428 1066 2449 ma
1083 2417 1125 2448 de
1142 2414 1318 2446 sacerdote
1333 2414 1490 2454 Cybeles,
1506 2412 1563 2453 qui
1581 2410 1711 2443 offenso

1011 2468 1099 2509 pede
1112 2468 1250 2498 eliserat
1266 2465 1394 2502 talum3
1418 2473 1516 2505 quem
1539 2463 1712 2503 jacentem

1012 2518 1228 2558 vespillones,
1243 2525 1263 2546 a
1278 2515 1413 2546 servulo
1430 2515 1528 2545 unico
1546 2519 1581 2545 et
1596 2523 1711 2545 macro

1013 2569 1133 2610 rogati,
1159 2568 1350 2598 retulerunt
1373 2565 1508 2596 domum
1533 2565 1567 2595 in
1592 2564 1711 2595 sanda-

1013 2621 1093 2661 pila.
1139 2618 1239 2649 Hunc
1263 2616 1397 2648 Gallum
1423 2624 1519 2655 aeque
1543 2619 1710 2645 mortuum

1013 2669 1162 2711 potuisse
1179 2667 1246 2698 dici
1263 2666 1407 2697 affirmat
1422 2664 1542 2703 Poeta,
1559 2674 1656 2705 quam
1673 2664 1714 2694 il-

1013 2721 1071 2752 lud
1094 2719 1261 2755 cadaver-3
1286 2715 1374 2757 quod
1393 2714 1474 2746 illud
1491 2719 1583 2746 esset
1596 2714 1710 2746 exani·

1013 2781 1078 2808 me,
1095 2770 1147 2802 hic
1162 2769 1322 2801 eviratus.
1344 2766 1496 2798 [iader-us.
