1866 3131
217 200 238 238 l
250 198 329 239 132

215 306 312 335 viam.
357 302 534 342 Interponis
547 302 673 342 aquam]
696 303 752 334 Sic
778 304 835 334 ille
858 313 915 334 ne·

216 366 315 396 quam
343 354 552 394 paralyticus
579 354 669 394 apud
686 354 910 385 Petronium:

213 408 222 422 ‘
240 403 372 442 Hausi,'
384 403 507 442 inquit,
517 404 526 419 ‘
538 403 672 444 parcius
685 404 840 442 me1·um‚'
852 406 916 435 «Sec.

215 454 310 485 Ebrii
324 463 369 484 sc.
381 453 415 483 in
429 453 597 484 Venerem
606 455 790 495 segniores.
807 455 915 485 Parce

216 503 355 534 bibebat
378 502 487 534 Rufus
503 503 608 545 idque
631 505 797 543 dilutum;
825 507 915 536 unde

217 554 397 594 conjiciens
435 554 547 585 Poe'ta
573 561 775 596 expectasse
820 556 915 586 illum

215 605 368 644 amicam,
392 610 495 646 atque
512 606 597 636 adeo
620 606 765 637 veritum
790 616 832 637 ne
857 606 916 636 im-

216 656 348 687 modico
380 657 473 697 Lyaei
505 663 621 695 vento,
654 658 916 698 extingueretur

213 707 358 737 Veneris
375 707 481 747 iguis3
495 708 617 747 quaerit
633 717 674 738 an
690 708 809 738 Naevia
823 710 914 748 (quae

215 757 264 787 illi
279 767 412 798 semper
435 758 467 789 in
493 767 565 797 ore,
585 768 687 798 supra
711 758 819 798 epigr.
844 757 916 799 69.)

215 812 350 838 noctem
378 808 609 848 promisisset3
636 818 678 839 ex
706 808 861 848 suspiriis
878 808 916 838 il-

215 857 279 886 lius
295 862 330 887 et
349 857 485 888 silentio
510 867 647 898 negasse
664 863 857 896 autumans,
874 857 915 888 ad

212 907 390 947 largiorem
403 909 610 948 potationem
623 909 748 940 invitat
761 920 769 948 ;
794 913 916 949 utpote

215 959 342 998 majora
366 960 487 1000 pocula
509 965 545 990 et
569 970 696 991 merum
721 971 796 1001 quae
817 971 916 991 curas

216 1009 357 1049 dissipet
374 1011 588 1051 repulsaeque
610 1011 800 1041 molestiam
817 1010 918 1041 obru-

216 1066 263 1098 at,
290 1070 332 1090 ex
359 1066 535 1101 praecepto
566 1061 682 1092 Ovidii
713 1065 744 1092 2.
776 1061 916 1093 Remed.

215 1115 224 1130 ‘
244 1114 385 1154 plurima
409 1124 532 1152 sumas,
555 1115 602 1146 Ut
628 1120 788 1156 stupeant
810 1115 917 1146 multo

215 1165 316 1196 corda
334 1169 444 1197 soluta
460 1166 578 1197 mero?

258 1218 276 1245 3
306 1216 447 1254 Urmiam,
470 1216 540 1255 iren]
572 1217 816 1247 Duodecimum
841 1226 917 1257 par-

218 1271 284 1296 tem
301 1262 453 1305 sextarii,
465 1278 566 1307 supra
581 1271 633 1298 28.
652 1278 739 1298 vers.
754 1271 784 1298 2.

260 1321 278 1347 5
304 1317 500 1358 Sobriusque,
517 1318 587 1358 δῖα]
610 1320 618 1334 ⁴
632 1319 729 1349 Lenis
746 1318 806 1349 alit
826 1317 917 1349 flam-

216 1367 308 1399 mass

259 1424 278 1449 ὅ
305 1419 462 1459 Tricuies]
494 1420 614 1450 Triens
632 1425 682 1450 est
712 1420 814 1450 tertia
844 1429 917 1450 sex-

218 1470 294 1499 tarii
311 1479 399 1508 pars,
415 1475 559 1510 quatuor
572 1470 713 1511 cyathos
728 1480 786 1500 seu
802 1470 918 1500 uncias

217 1520 408 1551 continens.

262 1573 300 1603 10
324 1570 551 1601 Dormz‘ena'um
581 1570 642 1609 est]
670 1570 748 1600 Tibi
775 1570 835 1600 soli
862 1579 919 1600 cu-

217 1621 364 1651 bandum
383 1623 413 1651 in
438 1631 545 1652 vacuo
569 1627 663 1651 toro:
692 1630 785 1651 suine
803 1621 918 1660 itaque

217 1673 324 1702 somni
344 1673 513 1712 poculum,
537 1676 713 1711 postquam
728 1671 836 1701 amica
853 1680 918 1701 non

218 1722 343 1752 veniet.
361 1732 462 1762 supra
479 1723 585 1762 epigr.
600 1725 653 1753 72.

261 1773 365 1803 Epm.
392 1782 494 1803 cvm.
526 1776 545 1803 2
573 1774 735 1811 Ill-«zgnum,
762 1773 830 1813 aisa]
855 1775 919 1804 Re-

219 1823 364 1862 spondet
382 1823 418 1853 L.
438 1823 531 1854 Julio
556 1823 663 1853 amico
688 1823 858 1860 suadenti,
883 1828 919 1853 ut

219 1873 354 1913 aliquod
372 1883 525 1912 magnum
540 1883 622 1911 opus
639 1873 817 1911 scriberet,
833 1875 920 1912 Epo-

218 1924 330 1964 peiam
355 1924 499 1958 scilicet,
524 1925 576 1953 vel
592 1923 717 1964 Lyrica
745 1929 780 1954 et
798 1924 919 1964 Dithy-

218 1973 383 2011 rambica‚
397 1978 433 2003 ut
449 1974 569 2014 Virgil.
586 1979 621 2004 et
636 1973 801 2004 Horatius
815 1975 920 2013 scrip-

218 2030 348 2055 serunt.
409 2025 609 2066 Respondet
636 2034 673 2056 se
695 2026 766 2057 otia
789 2025 920 2056 deside-

217 2085 307 2113 rare,
347 2078 384 2106 et
427 2076 668 2107 liberalitatem
706 2077 921 2110 Maecenatis.

219 2125 388 2166 Magnum]
410 2126 554 2166 Epicnm
578 2131 613 2157 et
629 2132 832 2167 perpetuum
849 2136 920 2157 car-

219 2185 308 2207 men.

262 2230 280 2257 3
307 2227 386 2257 Ocia
411 2227 525 2267 qualia,
556 2225 623 2265 liza]
662 2224 715 2256 Ad
741 2226 920 2265 Virgilium

220 2277 364 2317 respicit
380 2277 496 2317 Eclog.
511 2280 538 2307 1.
576 2278 584 2292 ‘
597 2277 628 2308 Ο
646 2277 807 2308 Meliboee
828 2278 921 2308 Deus

219 2328 316 2358 nobis
344 2328 414 2359 liassc
441 2328 510 2358 otia
535 2327 641 2358 t'eeit.¹
685 2329 754 2358 Per
774 2329 918 2359 ‘otium’

221 2388 303 2418 ergo
327 2385 361 2408 et
388 2378 549 2418 intelligit
569 2388 668 2418 agros
690 2384 726 2409 et
751 2380 922 2419 pecunias,

219 2439 285 2469 quo
302 2429 409 2460 Musis
434 2435 547 2469 vacet,
570 2431 578 2446 ‘
593 2439 659 2460 non
682 2430 724 2461 de
742 2430 850 2461 lodice
868 2441 924 2471 pa.

222 2480 330 2510 randa
344 2479 540 2510 Sollicitus.'

262 2533 281 2561 4
307 2532 474 2568 amoenas,
499 2532 567 2572 [γα]
591 2532 830 2571 Locupletavit
856 2533 922 2563 Cil-

222 2582 297 2612 nius
326 2582 498 2612 Maecenas
521 2582 710 2622 Virgilium,
733 2583 923 2622 Horatium,

220 2634 284 2662 ὰς.

265 2685 285 2712 6
308 2682 471 2720 Flammis,
495 2683 563 2723 Era]
587 2682 635 2713 Ut
657 2683 745 2713 ultra
771 2693 865 2724 rogos
887 2689 923 2716 et

223 2732 354 2763 cineres
371 2732 529 2771 supersit.

265 2784 283 2812 7
310 2781 348 2812 In
363 2782 495 2824 steriles,
510 2781 578 2822 ξιτ]
604 2783 711 2815 Musae
728 2793 793 2816 non
817 2784 921 2818 liben-

672 209 813 238 NOTAE
847 208 1033 238 vARlor‘„
1046 210 1109 239 ΓΜ
1150 210 1195 238 11<

969 308 1024 334 ter
1050 310 1145 335 arant
1168 305 1273 334 litus:
1307 314 1373 335 non
1400 310 1514 336 amant
1546 305 1670 345 studia,

966 356 1127 386 ‘Praemia
1143 357 1168 385 si
1188 355 1317 385 tunm!
1641 368 1653 380 ι

1010 409 1030 435 8
1064 406 1201 445 Pingue,
1230 405 1297 445 Qu]
1333 405 1494 446 Opimum
1533 405 1669 446 quidem

969 456 1074 486 solum
1092 466 1228 487 versare
1253 455 1377 497 fatigat
1393 456 1589 496 agricolam,
1611 455 1669 486 sed

968 508 1180 548 amplissimae
1197 509 1323 547 segetis
1337 517 1413 547 spes
1432 507 1510 538 alit:
1527 516 1594 537 non
1614 507 1674 537 mi-

968 566 1029 588 nus
1045 559 1158 599 magni
1179 559 1292 598 operis
1310 558 1470 596 Poetam,
1486 556 1616 588 fructus
1638 561 1674 588 et

969 609 1101 649 praemii
1116 618 1206 649 speS.

1013 660 1118 690 Eme..
1135 668 1210 690 cm.
1247 662 1262 690 1
1290 660 1349 690 Est
1365 658 1440 699 tibi]
1463 659 1614 689 Excusat
1637 667 1672 689 se

970 709 1081 749 Gallo,
1098 710 1187 750 quod
1212 720 1277 740 non
1303 719 1401 741 mane
1426 709 1468 740 ad
1493 719 1567 740 eum
1586 710 1673 740 salu-

969 761 1109 792 tandum
1139 766 1213 800 eat;
1242 766 1278 792 et
1311 761 1395 792 dicit
1423 760 1544 791 librum
1570 770 1671 801 quein

968 812 1089 851 mittit,
1100 811 1260 842 vicariam
1272 821 1408 851 operam
1422 815 1675 851 praestaturum,

969 871 1074 902 seque
1089 867 1265 892 venturum
1279 861 1322 892 ad
1335 871 1482 892 coenam:
1500 867 1675 892 caussatur

971 917 1082 943 autem
1100 912 1258 943 domuum
1286 912 1494 943 distantiam.
1520 912 1674 943 Ramires.
1701 928 1705 935 x

971 963 1153 994 Geminum
1169 964 1245 994 liuie
1262 968 1336 994 erat
1359 966 1412 994 72.
1434 963 1543 1003 epigr.
1561 973 1673 1003 snpra.

970 1015 1084 1055 Sitque
1115 1015 1237 1056 precor]
1284 1014 1416 1045 Alludit
1452 1014 1494 1045 ad
1524 1015 1672 1054 priscam

970 1064 1161 1103 formulam,
1193 1068 1202 1082 ‘
1218 1065 1318 1098 Quod
1347 1064 1430 1095 felix
1455 1062 1674 1106 faustumque

970 1116 1039 1147 sit.'

1012 1170 1031 1198 2
1051 1166 1303 1206 Transtiberina]
1324 1167 1428 1206 Regio
1444 1176 1562 1207 parum
1577 1176 1674 1196 amae-

970 1227 1026 1256 na,
1044 1217 1097 1248 ubi
1114 1217 1180 1248 faex
1200 1218 1315 1258 populi
1329 1217 1509 1257 Judaique
1525 1216 1597 1247 fere
1608 1221 1675 1247 sta-

971 1267 1147 1307 bulabant‚
1163 1274 1198 1298 et
1216 1267 1309 1308 qnasi
1325 1274 1484 1307 separata
1496 1277 1515 1297 a
1530 1276 1674 1307 corpore

970 1319 1129 1351 civitatis.
1154 1320 1238 1350 Rau.

1012 1374 1030 1402 3
1056 1371 1131 1402 ,Mea
1158 1371 1321 1410 Vipsanas,
1343 1369 1411 1408 &al
1433 1368 1541 1400 Scalis
1558 1368 1675 1400 habim

971 1422 1092 1460 tribus,
1116 1421 1150 1451 in
1175 1421 1347 1451 coenaculo
1371 1429 1478 1460 prope
1504 1419 1674 1459 porticum

970 1472 1018 1503 M.
1034 1471 1177 1512 Vipsani
1201 1471 1366 1511 Agrippae
1395 1470 1498 1500 lauris
1523 1479 1675 1510 opacam.

969 1524 1056 1554 Tota
1072 1532 1153 1562 ergo
1169 1522 1324 1562 superior
1346 1531 1425 1561 pars
1443 1521 1499 1552 ubi
1521 1521 1676 1551 caenaba-

970 1578 1038 1611 tur,
1062 1573 1272 1603 coenaculum
1297 1581 1404 1612 usque
1429 1572 1470 1601 ad
1496 1571 1674 1602 scandulas

970 1623 1224 1663 appellabatur,
1252 1631 1327 1662 quae
1344 1622 1534 1663 plerunque
1549 1632 1675 1663 paupe·

970 1675 1062 1704 ribus
1077 1673 1255 1704 iocabatur
1271 1673 1452 1712 inquilinis.
1497 1673 1585 1704 Tum
1610 1673 1675 1704 nisi

969 1725 1039 1754 alta
1048 1722 1202 1762 fuissent,
1215 1723 1385 1753 Martialis
1396 1723 1474 1753 inde
1486 1723 1671 1763 Vipsanam

970 1773 1136 1812 porticum
1186 1778 1343 1813 spectare
1393 1783 1458 1804 non
1494 1774 1673 1815 potuisset.

975 1825 1089 1854 temler.
1113 1824 1261 1853 Turneb.
1279 1824 1299 1853 1.
1314 1827 1344 1854 4.
1361 1834 1390 1854 c.
1408 1828 1458 1854 11.

1013 1877 1032 1903 6
1051 1874 1094 1903 Es
1106 1873 1199 1910 tanti,
1215 1873 1284 1912 [rt-,J
1304 1874 1347 1903 Et
1362 1874 1431 1912 ojus
1448 1873 1585 1913 quidem
1599 1883 1675 1914 pre-

971 1925 1008 1955 tii
1027 1933 1065 1954 ac
1090 1924 1202 1953 meriti
1227 1933 1274 1964 es,
1299 1929 1333 1952 nt
1361 1924 1420 1952 tibi
1438 1923 1500 1953 boc.
1524 1922 1672 1954 officium

971 1980 1143 2015 praestem,
1157 1973 1284 2004 etiamsi
1304 1974 1444 2004 ulterius
1460 1975 1505 2005 sit
1529 1975 1674 2014 migran-

969 2026 1059 2056 dum.

1013 2079 1031 2106 7
1059 2075 1129 2106 Tibi
1151 2085 1222 2114 non,
1243 2074 1311 2114 Sym]
1341 2076 1418 2106 Non
1448 2076 1587 2106 multum
1613 2076 1676 2107 tibi

971 2126 1034 2156 erit
1050 2125 1184 2156 lionoris
1199 2135 1240 2155 ex
1258 2134 1310 2155 me
1328 2126 1426 2156 unico
1438 2127 1576 2165 cliente,
1593 2127 1674 2156 mul-

972 2176 1014 2207 tis
1026 2177 1081 2217 qui
1101 2181 1133 2206 te
1146 2177 1352 2206 comitantur
1368 2175 1509 2206 addito:
1530 2176 1672 2206 multum

971 2226 1051 2256 mihi
1073 2226 1144 2256 haec
1165 2226 1412 2266 qualiacunque
1436 2226 1598 2256 scribenti
1616 2227 1674 2257 de-

973 2281 1144 2308 tereretur
1174 2277 1252 2315 ocii,
1294 2276 1321 2306 si
1360 2277 1529 2308 salutandi
1562 2277 1673 2308 officio

972 2336 1138 2357 vacarem.
1161 2337 1262 2366 supra
1279 2327 1386 2368 epigr.
1399 2331 1452 2358 71.
1472 2338 1557 2358 vers·
1575 2331 1626 2360 ll.
1639 2334 1674 2360 et

972 2377 1079 2418 epigr.
1095 2378 1252 2408 25.l.11.

1015 2431 1034 2458 8
1059 2427 1163 2467 Nego]
1180 2428 1230 2458 Te
1249 2428 1483 2469 prosequendo
1497 2439 1549 2460 me
1564 2430 1673 2470 ipsum

973 2480 1122 2519 negligo,
1136 2480 1243 2510 otium
1257 2479 1427 2511 scribendi
1447 2482 1574 2511 amitto.

1015 2534 1035 2561 9
1058 2531 1130 2570 Ipse
1148 2530 1302 2570 salutabo]
1318 2531 1398 2571 Ipse
1422 2536 1456 2561 te
1474 2532 1605 2562 veniam
1622 2541 1674 2562 sa·

973 2581 1118 2611 lutatum
1134 2579 1223 2610 inter
1241 2580 1453 2620 coenandum,
1466 2582 1515 2611 vel
1530 2591 1674 2619 acoena3

971 2633 1108 2664 interim
1125 2642 1185 2673 pro
1210 2642 1263 2663 me
1289 2633 1510 2664 salutatorem
1537 2635 1675 2664 matuti-

972 2693 1051 2713 num
1067 2682 1180 2722 capias
1201 2683 1288 2712 hunc
1316 2682 1478 2713 libellum.
1523 2683 1670 2723 Decima]

973 2735 1057 2766 Quae
1090 2734 1191 2765 tertia
1221 2740 1273 2764 est
1302 2739 1381 2764 ante
1411 2739 1558 2773 noctem,
1591 2734 1670 2765 hora

972 2794 1088 2817 coenae.
