1866 3131
260 175 371 215 1428

260 279 351 309 visiae
370 283 490 310 nostrae
513 277 600 308 haud
627 277 834 308 dissimilem.
871 277 953 306 Mul-

257 329 341 369 sum]
383 330 482 359 Potio
510 338 549 358 ex
578 339 665 369 aqua
691 332 726 359 et
750 329 848 359 melle
877 337 952 358 con-

259 378 365 410 fecta.
396 378 503 417 Infra,
521 379 619 418 Epig.
638 381 709 409 108.

302 430 407 460 Epic.
439 438 503 460 vn.
545 432 560 459 l
596 428 740 469 spumet]
774 427 870 458 Inter
900 437 953 458 co-

260 480 442 521 quendum.
464 479 586 519 Rubra]
612 479 724 510 Fictili
743 488 822 509 vase
840 478 953 517 rubro,

260 530 312 559 vel
345 529 387 559 ab
419 529 495 569 igne
525 528 681 559 rubente.
733 528 864 559 Cauchis
897 527 954 558 tibi

257 580 389 620 pallida]
417 580 510 610 Faba
532 589 607 610 cum
632 579 759 610 cortice
776 580 888 616 elixa3
912 579 953 608 ad

259 630 436 661 discrimen
454 629 541 660 fabae
559 628 688 667 fressae,
704 640 777 671 quae
795 629 865 660 siue
883 638 954 659 cor·

259 680 327 710 tice
365 681 532 720 coquitur.
585 680 702 720 Epigr.
741 682 793 710 78.
829 678 888 709 lib.
923 681 953 710 7.

261 739 348 759 vers.
371 732 402 759 2.

301 781 320 808 2
344 778 526 819 Lautorum]
549 779 718 809 Invitatus
730 784 826 819 potes
841 787 955 808 mensa

261 828 400 859 divitum
415 839 546 867 carere,
563 829 721 870 domique
738 839 884 860 coenare.

302 880 409 911 Eme.
429 889 509 911 vm.
535 883 549 910 1
577 879 843 920 Imbueplebeius]
869 880 954 911 Con-

260 928 343 961 dito.
378 930 515 960 Clusinis
528 930 665 970 pultibus
689 930 778 970 ollas]
811 930 912 960 Pulte
936 940 954 960 e

260 978 351 1009 farre
375 981 527 1018 Clusino⁷
550 980 637 1021 quod
661 982 823 1020 optimum
841 986 913 1019 θεῖς
938 991 954 1011 e

262 1029 389 1068 Clusio,
403 1030 534 1060 Tusciae
554 1041 633 1070 opp.
661 1033 669 1047 ‘
691 1031 772 1061 Far'
789 1030 957 1071 siguificat

261 1078 477 1117 frumentum,
511 1091 610 1121 quum
641 1091 738 1112 omne
768 1081 855 1120 fere,
886 1087 955 1112 tum

260 1130 469 1169 potissimum
482 1131 660 1170 adoreum;
678 1132 799 1163 deinde
812 1131 954 1163 farinam

261 1189 303 1209 ex
319 1180 436 1210 eodem
453 1179 592 1220 factam,
609 1187 644 1212 et
661 1183 802 1222 pultem.
830 1184 913 1214 Rad.

303 1232 323 1260 2
351 1230 393 1260 Ut
407 1234 506 1268 satur,
522 1231 592 1271 δῖα]
624 1233 785 1264 Gratim-a
802 1234 890 1263 enim
908 1233 955 1263 bi-

259 1279 387 1310 buntur
412 1289 430 1310 e
459 1282 543 1310 vasis
575 1283 668 1321 pulte
703 1282 838 1313 imbutis
870 1283 956 1313 vina.

261 1329 412 1360 Turneb.
441 1330 497 1360 lib.
523 1333 575 1361 25.
605 1341 680 1371 cap.
711 1335 765 1362 28.
792 1337 829 1363 et
851 1333 955 1363 Theo-

261 1379 387 1419 phi-ast.
414 1379 473 1410 lib.
497 1380 538 1410 de
564 1380 736 1411 Odoribus
757 1382 888 1421 scribit,
903 1383 958 1412 de-

261 1431 368 1461 missis
387 1430 418 1460 in
442 1430 529 1461 (lolia
546 1429 646 1460 farris
663 1430 747 1470 offis,
770 1432 880 1462 viuum
899 1432 958 1462 do-

261 1481 356 1518 mari,
368 1481 576 1519 mollescere,
586 1487 618 1512 et
631 1491 703 1511 cum
713 1483 839 1522 saporis
849 1482 958 1522 gratia

263 1531 453 1562 mitescere.

306 1580 409 1610 Epio.
436 1589 485 1610 rx.
524 1583 537 1610 l
567 1580 737 1619 Niliacam,
770 1581 836 1621 Qum]
870 1582 957 1612 Lens

262 1630 350 1659 enim
365 1631 490 1669 optima
508 1631 657 1662 nascitur
672 1632 762 1662 circa
775 1631 958 1670 Pelusium,

262 1688 342 1719 opp.
381 1680 528 1720 AEgypfi,
558 1682 658 1721 vulgo
693 1682 853 1720 Damiala,
883 1682 958 1712 aliis

263 1729 390 1767 Rnsem,
419 1730 461 1760 ad
499 1735 685 1761 extremum
724 1733 789 1763 Nili
823 1733 957 1762 ostium.

260 1779 268 1795 ‘
289 1779 361 1810 Nec
395 1781 578 1811 Pelusiae-1³
595 1791 707 1812 curam
732 1783 957 1822 aspernabere

263 1829 629 1870 lentis‚'sse1g.Linsen,
645 1832 769 1872 virgil.
786 1833 911 1872 Georg.
927 1836 956 1863 l.

308 1881 456 1911 E1’1G.x.
485 1884 499 1911 l
519 1882 617 1912 Duces
628 1891 797 1919 numerare,
813 1883 959 1922 necicsus]

264 1930 406 1961 Munera
431 1936 463 1961 et
487 1941 576 1961 usus.
614 1932 733 1962 Farina
758 1932 845 1962 enixu
871 1932 957 1962 simi-

263 1980 398 2016 laginea
415 1981 513 2010 variis
532 1982 690 2020 pistorum
714 1981 825 2011 usibus
842 1979 955 2012 ser'vit.

308 2029 411 2059 Eme.
430 2038 480 2060 xr.
508 2033 519 2059 l
545 2030 658 2067 Mulio,
672 2030 741 2070 Qu]
766 2032 841 2063 Quo
854 2032 956 2062 mulio

263 2078 441 2110 defraudat
460 2081 617 2120 jumenta
633 2087 734 2112 muta.
761 2083 878 2122 Epigr.
904 2086 955 2114 28.

262 2129 321 2159 lib.
342 2133 391 2160 12.

306 2183 325 2210 2
351 2181 429 2210 Hoec
451 2190 507 2219 ego
529 2181 669 2221 cauponi,
690 2180 759 2221 circu]
796 2181 895 2214 Quod
920 2187 957 2213 tu

265 2229 391 2261 vendes
408 2231 565 2270 cauponi,
581 2231 739 2271 pabulum
757 2231 850 2271 equis
866 2230 956 2262 futu-

264 2291 350 2320 rum,
363 2291 427 2311 non
440 2291 559 2321 panem
572 2281 644 2312 tibi.
669 2281 754 2312 Vide
766 2282 956 2312 Turnebum

265 2331 323 2362 lib.
340 2334 392 2362 25.
409 2341 482 2372 cap.
498 2334 549 2363 28.
583 2332 695 2363 Dabat
715 2332 867 2362 dominus
888 2342 958 2362 mu-

265 2381 346 2412 lioui
377 2382 539 2413 hordeum
564 2382 597 2412 in
626 2387 754 2422 pastum
783 2383 956 2413 mularum.

267 2432 344 2470 Ille,
373 2441 429 2462 eas
456 2432 546 2463 foeno
576 2438 729 2463 saturare
765 2438 957 2471 contentus,

267 2491 454 2523 gnarusque
471 2489 579 2514 mutas
590 2484 736 2524 pecudes
749 2483 875 2514 furtum
892 2493 957 2514 non

267 2532 471 2572 prodituras,
492 2535 620 2564 mavult
647 2534 679 2564 id
709 2534 854 2565 vendere
884 2544 957 2565 cau-

267 2583 358 2621 poni,
379 2588 414 2613 et
437 2584 508 2623 ejus
532 2585 639 2623 pretio
661 2590 717 2614 aut
734 2584 957 2615 mercedulam

268 2641 403 2672 augere,
419 2639 476 2664 aut
491 2644 609 2664 curare
626 2641 749 2665 cutem.
795 2635 959 2675 Loquitur

268 2690 359 2719 ergo,
388 2688 543 2724 tanquam
574 2685 709 2714 minime
736 2684 893 2714 dubitans
917 2684 958 2714 de

268 2729 386 2762 fraude
413 2733 545 2764 servili:
572 2733 700 2774 Accipe
724 2734 858 2774 quidem
884 2735 958 2764 hor-

713 183 855 213 NOTAE
891 182 1148 212 VARIORL'M
1188 183 1234 211 {N

1006 276 1117 312 deum,
1134 276 1197 305 etsi
1223 275 1318 305 nimis
1342 284 1461 306 verear
1486 280 1519 304 ut
1545 275 1576 304 id
1602 276 1698 306 mulis

1004 335 1173 365 apponas:
1199 326 1324 366 itaque,
1351 325 1427 365 quia
1452 324 1626 356 fraudator
1651 335 1700 364 es,

1005 381 1038 406 et
1055 374 1142 405 tirno
1159 378 1263 405 mulas
1282 376 1399 415 pascis,
1411 374 1527 405 videor
1540 374 1699 406 hordeum

1006 426 1066 456 tibi
1084 436 1158 456 cum
1176 426 1321 456 maxime
1344 425 1439 464 daus,
1463 435 1527 456 non
1553 425 1625 466 tibi,
1641 426 1700 456 sed

1005 476 1150 515 cauponi
1166 476 1262 507 dare.
1298 476 1482 506 Gronovius.

1047 527 1152 557 EPIG.
1169 535 1237 557 xxi.
1264 530 1278 557 1
1301 527 1478 557 Tercentum
1490 525 1618 564 modios]
1630 527 1701 556 Tri-

1005 577 1105 607 ticum
1118 586 1158 607 ex
1173 575 1292 607 Africa
1305 575 1465 607 frumenti
1480 575 1703 614 feracissima,

1005 627 1094 668 quod
1122 634 1254 658 seratur
1281 628 1313 658 iu
1337 637 1417 668 agro
1442 628 1635 658 suburbano
1658 638 1701 658 ne

1005 677 1195 708 sterilescat
1212 688 1219 708 ι
1246 678 1298 708 vel
1321 688 1386 718 quo
1404 679 1514 708 alatur
1530 678 1607 708 urbs
1622 678 1700 708 alio-

1005 727 1060 767 qui
1078 728 1228 767 peritura
1252 727 1294 757 ob
1316 728 1385 766 agri
1405 727 1589 758 suburbani
1605 728 1701 757 steri·

1005 778 1147 815 litatem,
1167 788 1224 808 seu
1241 777 1401 808 continua
1425 778 1557 808 cultura
1582 776 1700 807 effoeti.

1007 828 1175 858 Numerus
1204 833 1316 858 certus
1342 837 1402 868 pro
1429 828 1574 865 incerto,
1599 828 1703 868 quod,

1006 888 1097 909 more
1129 878 1324 915 Poetarum,
1360 887 1420 918 pro
1455 887 1574 918 magua
1604 879 1703 918 copia

1007 929 1152 968 ponitur.
1188 928 1297 969 Libyci
1327 930 1363 959 de
1390 938 1483 958 messe
1506 928 1618 968 coloni]
1650 929 1701 959 De

1005 978 1186 1018 frumento,
1204 978 1293 1019 quod
1312 978 1352 1009 ab
1368 979 1525 1018 agricolis
1540 988 1580 1008 ex
1599 978 1703 1019 Libya

1007 1028 1175 1060 adfertur.

1051 1081 1154 1110 EPIG.
1172 1089 1254 1110 xm.
1281 1082 1294 1109 1
1323 1077 1582 1118 Supiantfzitnoe]
1618 1077 1703 1107 Iusi-

1007 1129 1094 1170 pidae
1106 1130 1169 1160 nisi
1181 1130 1395 1160 condiantur.
1412 1127 1597 1167 fabrorum]
1616 1127 1703 1158 Pau-

1007 1190 1136 1220 perum.

1050 1230 1152 1260 Eme.
1172 1238 1248 1260 xiv.
1276 1233 1289 1259 1
1321 1229 1480 1266 Claudere,
1494 1228 1560 1268 ξιτ]
1585 1229 1629 1259 [⁷1
1647 1227 1704 1258 fri-

1009 1278 1150 1318 giditate
1183 1288 1240 1308 sua
1272 1278 1493 1308 retunderent
1525 1279 1590 1306 viui
1615 1277 1703 1307 calo-

1010 1337 1096 1358 rem:
1123 1334 1156 1358 et
1174 1328 1280 1358 somni
1298 1327 1499 1357 conciliandi
1519 1337 1608 1366 ergo.

1051 1381 1070 1408 2
1098 1377 1217 1417 Dupes]
1265 1377 1318 1407 Ad
1351 1376 1585 1407 lubricanduiu
1622 1387 1702 1407 ven-

1009 1435 1115 1467 trem3
1139 1429 1311 1469 Epigram.
1335 1431 1385 1459 52.
1408 1428 1466 1457 lib.
1487 1431 1537 1457 11.
1563 1438 1648 1457 vers.
1674 1433 1703 1459 5.

1011 1479 1193 1510 tollendum
1211 1478 1377 1510 stomachi
1395 1476 1461 1508 fast
1478 1477 1579 1514 dium,
1597 1484 1627 1507 et
1647 1488 1704 1517 ap-

1009 1531 1153 1570 petitum
1171 1529 1383 1560 irritandum.

1052 1582 1158 1611 EPIG.
1177 1589 1241 1611 xv.
1265 1582 1284 1610 2
1308 1580 1358 1609 Ad
1382 1579 1487 1608 ‘villam
1505 1589 1619 1615 nmmo,
1635 1579 1704 1618 amu]

1010 1631 1164 1670 Namque
1180 1631 1213 1660 in
1230 1639 1310 1669 agro
1330 1629 1544 1659 Nomentano
1564 1636 1705 1668 propter

1008 1681 1167 1721 uliginem
1194 1685 1227 1711 et
1256 1678 1394 1720 paludes
1421 1688 1485 1708 nou
1510 1684 1587 1709 suut
1613 1680 1704 1710 sicca

1009 1731 1108 1770 ligna,
1121 1736 1268 1771 aptaque
1282 1729 1356 1759 foco
1368 1729 1535 1759 materies.
1562 1729 1704 1769 Acapna

1008 1790 1088 1820 ergo
1116 1781 1205 1820 ligna
1233 1780 1402 1813 dicuutur,
1437 1779 1522 1818 quod
1566 1780 1704 1809 incensa

1009 1831 1132 1861 nullum
1147 1831 1305 1860 exhalant
1325 1829 1450 1859 fumum
1467 1840 1473 1858 z
1492 1829 1604 1860 καπνὸς
1617 1840 1702 1859 emm

1009 1880 1129 1910 Graece
1148 1880 1270 1910 dicitur
1287 1879 1414 1916 fumus,
1446 1879 1587 1918 ἅκαπνος,
1617 1880 1703 1920 quod

1009 1929 1100 1960 fumo
1116 1938 1222 1960 caret.

1051 1982 1153 2011 Epic.
1172 1989 1249 2010 xvi.
1276 1983 1289 2009 1
1310 1980 1466 2017 Brumalz‘,
1479 1979 1546 2019 ἕῳ]
1564 1980 1704 2019 Frigore

1007 2031 1155 2061 dulciora
1182 2030 1265 2060 fiunt
1289 2036 1324 2060 et
1351 2031 1553 2070 grandiora,
1590 2031 1702 2062 calore

1007 2082 1197 2122 spongiosa.
1244 2081 1374 2111 Plinius
1398 2081 1455 2110 lib.
1476 2084 1524 2111 1⁵1.
1539 2091 1612 2121 cap.
1631 2085 1679 2112 13.

1049 2134 1067 2161 2
1092 2131 1223 2166 Incalo,
1248 2129 1316 2169 ssa]
1342 2130 1533 2166 Frugaliter
1550 2138 1582 2160 et
1611 2132 1702 2161 aride

1008 2181 1177 2219 victitans,
1193 2186 1229 2211 ut
1244 2180 1410 2221 quondam
1430 2181 1460 2210 iu
1480 2181 1574 2211 vivis.
1621 2181 1701 2211 Cr<-

1006 2231 1130 2262 didisse
1161 2234 1248 2262 enim
1281 2230 1438 2261 videntur
1483 2231 1599 2271 prisci,
1639 2241 1701 2261 uon

1008 2287 1138 2313 tautum
1166 2287 1303 2313 nectare
1335 2286 1370 2311 et
1408 2280 1574 2311 ambrosia
1610 2282 1703 2312 Deos

1007 2332 1110 2372 pasci,
1125 2342 1238 2362 verum
1256 2331 1356 2361 etiam
1369 2330 1489 2361 vilibus
1502 2331 1700 2371 quibusdam

1007 2381 1104 2419 cibis,
1121 2387 1154 2412 ut
1175 2381 1351 2412 Romulum
1373 2381 1475 2421 rapiS.
1522 2381 1632 2412 Credo
1658 2382 1701 2411 de

1007 2436 1208 2471 paupertate
1225 2432 1311 2461 illius
1329 2431 1441 2461 sazculi
1458 2441 1522 2472 quo
1540 2430 1701 2461 Romulus

1008 2482 1156 2520 vixerat;
1182 2481 1322 2522 proinde
1339 2482 1431 2522 quasi
1444 2483 1475 2511 in
1489 2482 1572 2512 coelo
1586 2481 1699 2512 iisdem

1007 2531 1092 2561 cibis
1120 2533 1264 2569 victitet,
1288 2531 1407 2572 quibus
1427 2532 1459 2562 in
1485 2536 1574 2562 terra
1591 2532 1702 2563 aleba-

1010 2587 1075 2612 tur.
1111 2582 1256 2611 Turneb.
1272 2582 1358 2611 libro
1374 2584 1426 2612 18.
1438 2583 1551 2621 capite
1566 2584 1617 2613 13.

1054 2634 1155 2663 Epio.
1175 2642 1269 2663 xvn.
1293 2633 1459 2663 Brassicae
1478 2633 1554 2671 vim,
1570 2632 1700 2671 laudes,

1008 2684 1204 2713 medicinam
1223 2684 1309 2714 Cato
1333 2683 1373 2713 de
1392 2683 1440 2713 Re
1464 2683 1602 2713 Rustica
1625 2691 1700 2722 cap.

1010 2737 1081 2764 1726.
1099 2738 1349 2765 commemorat.
1394 2733 1515 2765 Caules
1529 2732 1632 2775 (unde
1645 2743 1699 2763 co-
