1866 3131
504 556 870 606 RECENSUS
917 556 1260 606 CODICUM
1310 557 1466 607 MSS.

693 694 757 735 M.
789 692 932 734 VAL.
964 692 1319 736 MARTIALIS

361 831 446 864 QUI
476 831 528 862 IN
552 830 888 862 BIBLIOTHECIS
911 831 1222 863 BRITANNICIS
1251 831 1602 863 ASSERVANTUR.

630 1143 795 1186 Codices
823 1145 866 1185 in
902 1142 1046 1185 Museo
1086 1142 1348 1186 Britannico.

315 1241 520 1286 Biblioth.
563 1242 695 1284 Harl.
731 1257 849 1284 num.
900 1243 1029 1283 2700.
1063 1243 1289 1285 Martialis
1322 1243 1710 1296 Epigrammatum

256 1310 380 1353 Libri
399 1323 503 1352 x1v.
526 1310 636 1352 Cod.
656 1311 894 1351 membran.

317 1379 371 1420 In
405 1378 601 1420 Bibliotlz.
627 1377 788 1419 Cotton.
812 1379 877 1419 tit.
907 1378 948 1419 D
970 1388 1061 1419 XX.
1077 1382 1144 1418 est
1166 1377 1264 1419 cod.
1286 1379 1446 1432 partim
1469 1381 1712 1421 membran.

259 1448 422 1501 partim
443 1448 636 1488 chartac.
661 1447 910 1496 continens,
938 1446 1049 1486 inter
1071 1446 1160 1486 alia
1182 1446 1339 1496 multa,
1364 1445 1589 1488 Martialis
1622 1459 1714 1489 xn-

260 1514 491 1556 Librorum
527 1514 905 1568 Epigrammatum
943 1510 1042 1554 Coei
1079 1512 1328 1567 Epitomen.
1391 1517 1402 1535 ‘
1421 1512 1549 1555 Cocus
1569 1514 1716 1556 dictus

259 1582 440 1624 videtur
460 1582 548 1634 (sic
571 1580 687 1637 Ms.)
717 1595 772 1623 eo
796 1579 930 1635 quod,
952 1584 1001 1621 ut
1023 1593 1157 1622 cocus
1180 1594 1259 1635 per
1279 1581 1391 1635 ignis
1411 1581 1716 1624 decoctionem

262 1662 290 1691 a
310 1651 515 1691 carnibus
547 1650 757 1691 humores
779 1650 945 1691 noxios
975 1649 1179 1699 extrahit,
1212 1653 1255 1690 et
1285 1662 1364 1690 eas
1385 1649 1441 1689 ad
1457 1649 1717 1703 gustandum

262 1717 372 1760 facit
393 1722 537 1773 aptas,
561 1719 626 1760 sic
645 1717 867 1760 Martialis
888 1730 967 1771 per
999 1716 1162 1758 calami
1195 1722 1333 1758 artem
1354 1716 1467 1758 vitia
1491 1729 1548 1757 ex
1584 1717 1715 1759 corde

262 1785 458 1827 humano
476 1784 701 1827 extrahit)
742 1785 921 1826 Paucas
934 1788 1101 1825 tantum
1115 1785 1299 1838 paginas
1331 1784 1543 1826 continet.

321 1853 375 1894 In
399 1852 604 1895 Biblioth.
641 1851 878 1893 Lansdoun.
901 1852 1127 1894 Martialis
1159 1858 1225 1894 est
1262 1853 1408 1894 codex
1429 1854 1503 1906 qui
1525 1852 1717 1894 continet

262 1920 637 1975 Epigrammatum
669 1922 830 1962 Libros
852 1931 958 1961 xlv.
987 1921 1205 1974 eleganter
1227 1921 1418 1974 scriptus
1440 1926 1483 1962 et
1501 1921 1719 1962 illumina-

265 1993 354 2039 tus,
376 1990 471 2030 sine
491 1990 595 2030 ullis
617 1990 737 2030 notis
760 1989 1107 2030 interlinearibus
1131 1994 1210 2030 aut
1229 1989 1556 2042 marginalibus.
1599 1988 1718 2029 Olim

263 2055 347 2098 fuit
359 2055 544 2096 Antonii
558 2055 761 2105 Askeuii,
781 2056 845 2096 M.
862 2055 919 2096 D.

327 2123 451 2164 Inter
481 2123 617 2164 libros
648 2123 889 2177 impressos
919 2126 1046 2163 extat
1077 2122 1296 2163 Martialis
1326 2122 1568 2163 illustratus
1603 2136 1720 2164 com-

268 2192 490 2233 mentariis
505 2191 732 2232 Laurentii
755 2190 960 2232 Ramirez
981 2189 1035 2231 de
1048 2189 1211 2239 Prado,
1230 2192 1308 2231 &a
1332 2190 1611 2231 P21ris.1607.
1630 2191 1720 2233 4to‚

267 2272 368 2300 cum
380 2260 496 2300 notis
512 2258 626 2300 Mss.
643 2258 698 2300 R.
714 2258 915 2300 Bentleii.

777 2354 939 2397 Codices
955 2354 1206 2397 Oxonienses.

323 2447 456 2489 Auct.
492 2447 530 2488 F
559 2447 600 2487 4.
635 2446 704 2488 33.
727 2446 948 2487 Martialis
971 2445 1309 2500 Epigrammata.
1350 2447 1458 2489 Cod.
1476 2448 1714 2490 membran.

268 2515 462 2570 pulcher,
483 2514 582 2556 Svo.
606 2527 709 2554 saec.
732 2524 818 2555 xv,
841 2526 939 2554 cum
962 2514 1233 2566 capitalibus
1254 2519 1298 2556 et
1318 2515 1458 2556 titulis
1472 2515 1715 2557 alternatim

268 2583 511 2633 deauratis3
544 2582 639 2623 sine
653 2583 770 2622 notis
783 2585 825 2622 et
845 2580 979 2622 variis
999 2580 1274 2622 lectionibus.

318 2651 373 2691 In
390 2648 593 2691 Biblioth.
613 2647 737 2690 Bodl.
755 2648 953 2690 Canonz'ci
967 2646 1063 2689 Lat.
1078 2649 1146 2691 82.
1162 2649 1272 2690 Cod.
1288 2649 1508 2690 Martialis
1521 2649 1714 2691 chartac.

274 2719 495 2771 antiquus,
515 2717 659 2759 forsan
681 2730 785 2759 saec.
806 2728 920 2758 ΧΙιι.
947 2717 1095 2759 lucide
1118 2718 1321 2771 scriptus,
1344 2731 1442 2759 cum
1463 2717 1618 2771 paucis
1642 2730 1717 2758 va-
