1866 3131
233 179 346 221 1210

231 293 335 315 causa
357 293 418 315 nos
443 284 645 316 dehortatur
667 295 687 316 a
702 285 849 326 delitiis3
872 287 930 318 illa

231 333 484 374 profanissimos
507 335 703 368 idololatras
729 337 770 368 ad
795 348 927 369 omnem

231 385 312 415 vitae
341 385 516 416 licentiam
543 386 721 419 incitabat.
767 389 823 419 Illi
855 395 931 428 post

230 435 409 466 decursum
449 436 531 467 vitae
562 439 739 478 praesentis
770 439 929 479 spatium,

229 486 404 516 meliorem
421 486 498 518 vitae
515 497 609 527 spem
623 488 844 528 ignorabant,
866 499 927 520 nos

229 536 346 567 eadem
375 547 454 577 spes
480 537 522 569 ad
540 548 756 581 quascunque
780 539 925 571 fortunae

227 586 450 627 indignitates
473 593 508 619 et
537 589 683 620 ludibria
700 591 925 630 perpetienda

228 636 415 668 confirmat.
460 638 542 669 Rad.
587 639 643 670 Sic
658 640 855 680 epigramm.
875 643 925 671 16.

225 687 284 718 lib.
312 690 340 718 1.
369 698 457 720 vers.
488 692 520 719 4.
546 694 582 720 et
606 699 692 720 vers.
720 694 750 720 5.
788 689 924 720 Autltol.

227 737 315 768 libro
330 740 361 769 2.
387 739 503 779 capite
518 741 572 770 47.

270 792 288 819 5
311 788 469 830 Lanificas
488 789 621 830 puellas]
646 789 787 826 Parcas,
805 789 924 829 quibus

225 837 274 868 fili
292 838 370 870 vitae
387 838 532 869 ducendi
550 844 585 869 et
599 838 793 869 absolvendi
807 838 924 869 modus

226 893 261 919 et
276 897 368 920 cura.

269 943 287 970 7
315 940 440 980 Crispo]
480 940 626 971 Neronis
656 940 789 979 vitrico,
826 940 922 981 cujus

225 989 346 1030 opibus
379 991 472 1021 Nero
503 990 632 1021 ditatus
657 995 719 1022 est.
765 991 834 1022 Iste
857 1001 924 1021 non

226 1046 278 1072 est
302 1041 444 1082 Crispus
475 1041 671 1077 Passienus,
704 1041 849 1072 Neronis
877 1042 923 1072 vi-

225 1092 343 1131 tricus,
354 1096 389 1122 ut
402 1097 497 1122 notat
510 1091 715 1122 Farnabius:
734 1091 792 1122 sed
804 1092 924 1123 Vibius

225 1142 428 1182 Crispus,de
442 1153 506 1183 quo
516 1142 625 1174 Tacit.
636 1146 667 1174 2.
682 1142 773 1173 Hist.
787 1145 795 1160 ‘
806 1143 925 1173 Vibius

225 1193 378 1233 Crispus,
404 1194 560 1233 pecunia,
587 1194 753 1234 potentia,
776 1193 924 1233 ingenio,

222 1244 313 1274 inter
328 1244 436 1274 claros
450 1245 567 1284 magis,
579 1253 678 1285 quam
691 1244 779 1274 inter
794 1244 924 1276 bonos.'

223 1295 270 1325 Et
280 1300 399 1325 auctor
411 1295 545 1334 Dialogi
559 1295 601 1324 de
615 1295 750 1326 Caussis
763 1294 922 1336 Corrupt.

224 1345 320 1386 Eloq.
357 1355 431 1376 cum
471 1346 673 1376 Marcellum
713 1346 854 1384 Eprium
887 1351 923 1377 et

224 1397 379 1436 Crispum
407 1397 543 1428 'Vibium
567 1397 790 1428 nominasset:
822 1399 831 1414 ‘
850 1399 922 1429 Nec

222 1447 285 1478 hoc
298 1448 364 1478 illis
379 1447 522 1478 alterive
535 1452 587 1479 ter
600 1448 718 1478 millies
731 1449 922 1479 sestertium

223 1502 377 1537 praesiat,
392 1508 592 1539 quamquam
607 1499 648 1528 ad
661 1499 718 1528 llas
735 1499 826 1538 ipsas
840 1509 922 1539 opes

222 1554 363 1587 possunt
390 1547 496 1579 videri
525 1549 727 1590 eloquentiae
756 1549 922 1580 beneflcio

224 1599 380 1630 venisse.'
435 1599 624 1630 Gronovius.
679 1600 825 1639 Thrasea,
855 1601 922 1642 25ch

223 1649 339 1690 Epigr.
356 1653 384 1680 1.
400 1650 456 1680 lib.
474 1653 504 1680 l.
517 1660 604 1681 vers.
623 1653 652 1681 1.

276 1702 295 1729 S
319 1700 434 1730 Nitida
462 1700 516 1737 sis,
543 1700 613 1740 &ej
656 1701 845 1741 splendido
885 1708 921 1734 et

220 1749 313 1780 lauto
338 1750 504 1781 Meliore:
528 1751 633 1782 nobili
656 1761 701 1782 ex
729 1753 871 1793 Epiced.
888 1756 920 1785 2.

221 1799 334 1839 Sylvae
348 1800 498 1840 Papinii,
513 1802 686 1842 epitaphio
701 1803 863 1834 Glaucia).

264 1852 303 1880 10
331 1850 400 1880 Una
421 1850 518 1890 secat]
542 1850 702 1891 Atropos.
726 1853 790 1883 Vel
817 1853 918 1884 etiam

220 1900 401 1931 Lachesis:
426 1906 464 1932 ut
479 1902 597 1942 Epigr.
615 1905 668 1933 18.
682 1912 768 1934 vers.
785 1906 816 1935 2.
834 1907 865 1935 3.
883 1909 918 1935 et

219 1953 271 1981 87.
289 1951 346 1981 lib.
362 1954 394 1983 9.

262 2001 364 2032 Epm.
382 2010 435 2032 Lv-
460 2001 601 2032 Lucium
628 2001 820 2042 Hispanum
837 2003 916 2043 poe-

220 2056 300 2087 tam,
318 2052 454 2082 Horatii
467 2052 684 2091 imitatorem,
698 2054 753 2093 qui
767 2059 918 2094 tempore

219 2102 408 2133 Domitiani
435 2101 563 2141 floruit,
589 2103 747 2134 hortatur
772 2105 814 2135 ad
832 2106 920 2136 cele-

218 2152 348 2184 branda
364 2153 557 2184 Celtiberiae
571 2153 656 2191 loca,
669 2164 756 2194 qum,
769 2157 917 2195 quamvis

219 2204 364 2235 durioris
392 2204 544 2245 nominis,
581 2206 729 2236 carmine
764 2216 915 2247 compre-

218 2255 350 2287 hcndit.
397 2256 520 2288 Romir.

263 2310 279 2337 1
304 2307 397 2348 Luci]
420 2306 450 2338 O
469 2307 565 2343 Luci,
583 2307 704 2338 nobilis
718 2307 821 2347 poe'ta
837 2308 915 2339 His-

219 2366 319 2397 pane,
346 2357 403 2397 qui
428 2366 496 2387 non
522 2357 615 2388 cedis
639 2358 788 2389 Horatio
802 2359 914 2389 Venu-

218 2409 292 2439 sino
321 2409 403 2449 lyrae
430 2408 547 2448 gloria,
563 2408 619 2449 qui
643 2418 739 2449 aeque
762 2409 914 2440 celebras

219 2459 342 2500 Lyrico
351 2459 500 2489 carmine
515 2458 693 2498 Hispaniae
709 2457 860 2499 flumina,
875 2469 914 2491 ac

219 2509 384 2540 Horatius
400 2518 493 2539 suam
506 2508 680 2549 Apuliam.

259 2562 279 2590 2
305 2559 527 2599 Grai11m‚83-c.]
551 2559 600 2590 Fi.
617 2559 802 2599 Hispaniae.
821 2561 830 2577 ⁶
846 2560 912 2590 Ve-

219 2609 343 2641 terem'
366 2609 463 2648 dixit,
488 2609 567 2650 quia
582 2610 763 2641 Veteribus
779 2611 914 2650 Graius,

220 2660 362 2699 posteris
375 2659 520 2691 Gravius
535 2659 649 2690 dictus
663 2664 726 2692 est.

262 2713 280 2740 3
303 2710 398 2749 Arpis
417 2710 533 2748 cedere,
556 2709 626 2749 ξω]
651 2710 793 2741 Civitati
820 2711 912 2751 Apu—

218 2760 286 2792 liae.
312 2760 477 2791 Horatius
493 2761 580 2791 enim
599 2759 755 2801 Appulus
769 2761 915 2801 t'uit,Ve·

702 192 841 222 NOTAE
876 191 1135 224 'x'ARmRUM
1170 194 1221 225 IN

977 288 1129 318 nusinus.
1176 287 1307 318 Cedere
1328 286 1541 327 erg0.A1pis‚
1554 292 1604 319 est
1621 298 1674 319 ce·

978 337 1059 368 <lere
1079 337 1236 368 Horatio.
1283 336 1384 368 Aliud
1410 346 1490 377 ergo
1514 339 1673 378 oppidum

977 387 1157 427 Arpinum,
1171 387 1260 417 aliud
1279 387 1364 427 Arpi
1381 386 1563 426 Arporum.

1019 442 1037 469 4
1061 439 1212 477 Argivas,
1239 438 1308 478 Cyan]
1345 437 1529 469 Celebrent
1559 439 1674 470 Graeci

976 494 1072 519 vates
1101 489 1199 519 urbes
1225 499 1315 528 suas,
1340 497 1399 518 nos
1423 487 1568 528 Hispani
1596 498 1674 519 nos—

976 544 1056 571 tras.

1017 594 1035 620 5
1064 589 1180 620 Thebas
1189 589 1335 625 carmine,
1347 587 1416 628 Era]
1432 588 1584 619 Imitatio
1601 588 1670 618 Ho-

974 640 1118 677 ratiana,
1135 641 1143 656 ‘
1160 639 1363 670 Laudabunt
1375 639 1432 669 alii
1446 639 1569 669 claram
1588 639 1673 670 Rho-

974 689 1062 728 don,’
1081 693 1145 721 «Sec.
1191 691 1268 721 Ode
1284 693 1314 721 7.
1333 690 1391 720 lib.
1409 693 1439 720 l.

1016 743 1036 771 6
1059 740 1263 781 Εὶὺὶιῑὶηοειε]
1286 741 1377 774 Quia
1402 741 1530 772 Veneri
1558 749 1672 771 conse-

974 796 1097 821 cratae:
1127 792 1178 821 vel
1207 797 1349 831 propter
1371 792 1560 831 gymnicam
1579 792 1673 830 puel-

973 842 1078 871 larum
1095 842 1233 881 luctam,
1251 842 1302 872 vel
1322 846 1463 882 propter
1477 841 1657 871 Helenam.

1016 894 1034 921 7
1058 892 1186 921 Ledoeas
1209 892 1384 932 paloestras]
1408 892 1535 921 Luctas
1557 891 1671 921 Lacae-

973 950 1091 971 narum
1109 941 1296 981 puellarum
1311 952 1318 972 :
1335 951 1410 982 quae
1424 940 1674 970 Lacedaemone

974 990 1072 1021 nndae
1091 992 1131 1021 ati
1151 991 1341 1031 palaestram
1359 990 1626 1029 descendebant,
1639 995 1674 1021 et

975 1051 1050 1072 cum
1080 1043 1160 1073 viris
1185 1043 1288 1073 etiarn
1313 1042 1412 1072 nudis
1443 1042 1675 1072 luctabantur.

976 1092 1078 1124 Ovid.
1094 1093 1204 1133 Epist.
1222 1096 1272 1124 15.
1316 1094 1325 1110 ‘
1344 1093 1442 1123 More
1469 1097 1534 1123 tuae
1563 1093 1673 1131 gentis

975 1143 1083 1174 nitida
1107 1144 1185 1174 «lum
1212 1143 1301 1174 nuda
1326 1144 1488 1184 palaestra
1505 1143 1621 1178 Ludis,
1639 1148 1675 1173 et

975 1204 1010 1226 es
1028 1195 1127 1226 nudis
1154 1196 1259 1226 mixta
1287 1196 1400 1235 puella
1416 1194 1516 1226 viris.’
1563 1195 1673 1236 quue

974 1244 1047 1276 fieri
1062 1246 1196 1276 solitum
1208 1246 1325 1276 dicunt
1339 1246 1544 1277 inhonorem
1556 1247 1672 1285 Ledae,

974 1305 1049 1336 quae
1067 1295 1221 1336 proprios
1238 1295 1346 1326 edidit
1363 1297 1474 1334 Deos,
1495 1296 1670 1326 Castorem

972 1351 1008 1376 et
1021 1346 1209 1377 Pollucem.
1245 1346 1345 1381 Nam,
1361 1347 1495 1387 quando
1508 1346 1581 1386 ipsa
1595 1347 1673 1377 Dea

973 1396 1052 1428 Jovi
1070 1396 1211 1435 placuit,
1235 1395 1324 1426 nuda
1340 1402 1415 1427 erat
1431 1397 1462 1427 in
1481 1397 1620 1435 balneo3
1637 1397 1671 1427 in

973 1446 1070 1486 cujus
1087 1446 1135 1476 rei
1152 1446 1344 1477 memoriam
1369 1447 1468 1477 nudae
1487 1447 1671 1487 prodibant

972 1496 1007 1526 in
1031 1502 1215 1527 certamen.
1261 1497 1386 1528 Ramir.
1430 1498 1507 1536 Vel,
1529 1502 1671 1538 propter

973 1547 1147 1577 Castorem
1165 1553 1200 1577 et
1220 1547 1395 1578 Pollucem
1422 1547 1566 1579 athletas
1585 1547 1670 1578 filios

971 1596 1086 1627 Ledae.

1013 1649 1033 1677 8
1058 1647 1125 1677 Nos
1152 1647 1262 1687 Celtis,
1287 1648 1354 1688 45⁴0]
1380 1648 1451 1680 Nos
1477 1649 1670 1680 Celtiberos

971 1706 1013 1727 ex
1029 1697 1147 1737 Celtis,
1162 1697 1282 1738 Gallis,
1301 1704 1336 1728 et
1352 1699 1460 1730 Iberis
1475 1700 1604 1730 mistos.

1013 1749 1033 1777 9
1064 1748 1201 1778 Nomina
1231 1749 1356 1779 duriora
1384 1749 1492 1789 terroe]
1529 1749 1665 1789 Aspera

969 1796 1048 1829 fluv.
1080 1803 1115 1829 et
1139 1798 1342 1839 oppidorum
1368 1800 1492 1831 Celtib.
1521 1801 1668 1840 nomina,

970 1858 1045 1888 quae
1062 1858 1142 1879 mox
1167 1856 1353 1889 sequentur
1378 1851 1438 1882 sub
1461 1852 1522 1882 hac
1540 1851 1665 1882 nota*.

967 1897 1072 1937 [Haec
1088 1904 1169 1930 nota
1185 1909 1233 1930 sc.
1249 1900 1283 1930 in
1301 1905 1400 1932 textu
1423 1902 1662 1933 Sclireveliano

968 1948 1428 1991 praefigi1111·¹rcp“‘Plateani,'
1446 1962 1493 1983 vs.
1507 1955 1558 1983 13.
1575 1953 1584 1969 ‘
1598 1954 1665 1983 Tu-

970 2000 1091 2030 telam’
1109 2005 1144 2031 et
1159 2001 1167 2016 ‘
1182 2001 1409 2033 Rixamarum'
1428 2013 1474 2034 vs.
1490 2006 1539 2035 16.
1564 2005 1572 2020 ‘
1586 2004 1665 2035 Car-

968 2051 1121 2081 duarum’
1143 2061 1190 2082 vs.
1208 2054 1258 2083 17.
1283 2053 1291 2069 ⁶
1305 2053 1420 2093 Rigas'
1432 2064 1480 2085 vs.
1495 2057 1545 2085 19.
1578 2056 1587 2071 ‘
1600 2055 1665 2086 Pe-

968 2102 1142 2144 tusiaeque'
1156 2114 1205 2135 vs.
1222 2105 1275 2134 21.
1311 2105 1319 2120 ‘
1334 2105 1533 2136 Vetonissae’
1549 2116 1596 2137 vs·
1613 2110 1666 2138 22.

968 2154 977 2170 ‘
995 2154 1205 2185 Baradonis'
1233 2164 1282 2185 vs.
1313 2157 1367 2186 23.
1414 2156 1423 2172 ‘
1443 2156 1667 2197 Matinessae‚’

968 2213 1017 2235 vs.
1033 2204 1101 2244 26.]

1012 2259 1051 2286 10
1077 2256 1179 2287 Grato
1192 2267 1251 2288 non
1273 2259 1398 2297 pudeat,
1414 2258 1483 2299 Era]
1507 2259 1662 2291 Gratiam

968 2307 1088 2347 patriae
1105 2307 1290 2339 referente.

1011 2361 1049 2388 11
1075 2357 1164 2389 δατ-ο
1178 2359 1316 2397 metallo,
1339 2360 1409 2400 sisa]
1434 2361 1557 2392 Ferro:
1583 2361 1663 2400 Epi-

967 2418 1106 2449 gramm.
1124 2412 1177 2439 50.
1194 2409 1252 2441 lib.
1272 2413 1301 2440 1.
1319 2420 1409 2442 vers.
1423 2413 1454 2442 3.
1472 2416 1506 2442 et
1530 2412 1595 2452 Ep.
1613 2415 1664 2444 18.

966 2460 988 2490 l.
1007 2462 1057 2490 12.

1009 2512 1050 2540 12
1077 2509 1294 2551 Chalihasque]
1319 2511 1408 2552 Pop.
1440 2512 1482 2543 ad
1512 2513 1660 2543 Pontum

964 2559 1037 2591 fere
1061 2560 1239 2591 Euxinum.
1284 2561 1373 2592 Vide
1398 2563 1525 2593 Melam
1550 2563 1607 2594 lib.
1632 2567 1661 2594 l.

965 2621 994 2641 c.
1016 2612 1066 2641 12.
1113 2611 1315 2651 Noricosque]
1339 2611 1424 2652 Pop.
1453 2611 1659 2652 Germaniae,

963 2661 1041 2692 AEni
1054 2660 1088 2692 fl.
1104 2667 1139 2692 et
1155 2661 1302 2692 Danubii
1315 2663 1462 2693 accolas.

1007 2715 1045 2743 13
1069 2711 1251 2751 Sonantem]
1275 2711 1315 2742 In
1331 2711 1452 2743 fodinis
1465 2717 1500 2743 et
1516 2713 1660 2743 secturis

965 2762 1015 2793 vel
1032 2760 1174 2793 officinis
1192 2760 1342 2792 ferrariis
1360 2763 1368 2778 ‘
1386 2763 1475 2793 Dum
1494 2768 1588 2793 tonat
1604 2763 1659 2794 ad-
