1866 3131
401 164 448 192 M.
484 164 506 190 Υ
519 165 542 192 Α
557 164 597 192 L.

188 248 206 275 7
234 246 349 276 Dicet.-
372 248 544 286 respomle;
570 245 682 285 Pacta]
699 245 847 276 Omnino

146 296 326 337 legendum
344 308 418 328 cum
446 298 609 335 Grutero,
622 298 735 335 reniet,
751 300 784 326 tu
800 307 848 326 re-

142 348 290 386 spondeto
307 348 416 379 Pauca.
462 348 549 378 Nam
582 346 670 387 quod
694 346 850 385 Scaliger

144 402 245 437 aptat
273 408 291 428 e
324 398 466 428 Manilio
489 397 545 428 lib.
570 405 604 428 v.
642 396 717 427 ‘Sic
744 396 848 426 etiam

144 459 266 489 magno
292 450 444 490 qnaedam
477 447 683 489 respondere
722 447 848 478 mundo

146 498 233 530 Haec
261 504 383 530 natura
406 498 522 529 facit?
547 502 583 528 ut
610 498 717 528 multo
743 498 848 535 magis

144 550 306 588 insolens,
331 554 366 579 et
390 548 688 588 vitiosumjudico.
735 548 848 588 Scrip-

144 599 188 630 sit
203 604 318 630 autem
335 599 523 630 Manilius:
550 600 558 615 ‘
574 598 728 639 quaedam
745 608 780 629 se
798 608 849 629 os-

143 649 308 680 tendere!
354 649 518 680 Similiter
546 649 711 688 deeeptus
737 654 790 680 est
815 649 846 679 in

143 700 201 731 illo
216 699 383 731 Martialis
401 699 458 730 lib.
476 708 528 730 xi.
558 701 566 716 ‘
584 700 709 730 Lector
723 699 815 730 salve
828 701 850 730 :⁵

144 760 221 781 nam
254 751 388 781 omnino
427 751 538 780 verius
575 756 642 789 est,
666 751 756 781 solve.
803 751 847 781 Et

143 800 233 840 apud
256 800 428 831 Valerium
459 801 617 831 Flaccum
648 800 708 831 lib.
732 805 763 832 5.
780 801 847 832 Ms.

142 850 264 881 ‘viden
281 851 352 881 alta
365 855 556 882 comantem
574 850 722 882 Pectora
734 850 757 881 ?’
780 861 847 882 non

143 904 152 920 ‘
169 903 245 934 vide
263 903 332 934 lata
360 902 575 934 comantem.'
601 904 739 935 Gronov.
784 904 846 934 Re-

140 954 267 993 sponde]
281 954 450 994 Pleraque
464 954 583 992 verba,
594 964 668 994 quae
679 954 751 994 jam
768 958 848 984 sunt

141 1004 302 1034 secundae
340 1009 474 1035 tantum
508 1002 713 1043 inflexionis,
750 1003 848 1035 fuere

142 1054 261 1094 priscis
278 1059 314 1084 et
330 1054 453 1084 tertiae.
467 1054 515 1084 sic
537 1055 616 1091 tale,
629 1054 849 1093 care,servere

140 1105 193 1143 ᾅτ.
239 1104 406 1134 Gruterus
420 1113 461 1134 ex
490 1104 572 1135 Mss.
587 1105 688 1144 legit:
717 1106 847 1140 Quando

140 1154 246 1185 venit?
268 1155 361 1185 dicet.
378 1158 413 1184 tic
436 1155 640 1194 respondeto:
665 1155 775 1194 Poeta,
793 1158 846 1194 dyc.

143 1205 194 1235 vel
222 1205 332 1245 Bong.
356 1205 576 1235 membrana:
606 1205 647 1235 Et
662 1207 782 1245 quando
796 1216 846 1236 ve-

140 1256 215 1296 niet,
242 1255 346 1287 dicens
374 1256 534 1295 responde,
550 1257 605 1295 δῖε.
649 1255 764 1295 Poeta]
787 1256 847 1287 Se-

140 1307 257 1345 cessit‚
289 1306 367 1347 quia
395 1311 471 1337 erat
502 1305 632 1345 Poeta3
671 1306 849 1336 ‘artibus’

139 1362 255 1388 autem
268 1356 437 1388 ‘honestis
449 1357 571 1387 Nullus
583 1356 615 1386 in
629 1356 711 1387 urbe
729 1356 847 1396 locus‚'

139 1411 206 1440 &tu
231 1413 269 1440 ut
285 1408 440 1449 queritur
456 1406 649 1438 Umbritius
678 1407 767 1448 apud
785 1407 860 1439 Ju-·

142 1469 219 1490 ven.
232 1460 266 1489 S.
280 1462 311 1490 3.
327 1461 381 1489 21.

184 1512 203 1539 8
232 1508 352 1548 Veniet,
378 1507 449 1548 ἔξω]
474 1507 540 1539 Ubi
572 1507 659 1538 forte
686 1507 847 1539 didicerit

142 1559 183 1589 ad
200 1559 364 1589 citharam
395 1568 531 1597 canere,
555 1558 703 1588 redibit:
729 1559 846 1598 majori

141 1610 229 1639 enim
248 1609 280 1639 in
298 1609 408 1648 pretio
436 1610 553 1639 Roma:
572 1613 652 1639 sunt
668 1609 846 1639 eitharoedi

141 1670 240 1700 quam
254 1659 376 1699 poetae.
420 1659 641 1699 Epigramma
653 1659 845 1698 Satyricum

141 1715 206 1749 est,
231 1720 269 1741 ac
285 1710 391 1740 seculi
408 1710 588 1740 stultitiam
617 1714 651 1739 et
674 1708 845 1739 inscitiam

144 1760 309 1798 traducit,
332 1770 399 1800 quo
413 1759 674 1790 citharoedorum
692 1765 794 1800 atque
812 1759 845 1789 id

142 1819 247 1848 getius
274 1809 440 1840 hominum
475 1808 625 1839 conditio
653 1810 758 1839 multo
776 1810 846 1839 lau-

141 1861 208 1890 tior
225 1865 311 1897 erat,
334 1868 433 1898 quam
464 1858 640 1898 poetarum
658 1864 717 1889 aut
732 1859 845 1889 erudi-

141 1916 250 1941 torum
275 1910 456 1940 homiuum.
495 1908 591 1939 Idem
618 1909 640 1940 1.
672 1913 704 1939 5.
732 1910 842 1949 epigr.

140 1963 192 1991 56.
206 1965 241 1991 et
258 1961 383 1993 Juven.
396 1961 468 1991 Sat.
485 1962 516 1990 3.
530 1969 615 1990 vers.
632 1963 683 1991 04.
701 1960 843 1991 Sueten.

139 2013 244 2053 Vesp.
261 2022 339 2053 cap.
356 2014 408 2043 19.
440 2011 574 2042 Her-ald.

182 2063 336 2094 EP1G.v.
362 2066 378 2093 1
410 2062 476 2100 Vis,
500 2061 570 2102 &cst
594 2062 657 2092 Est
675 2061 740 2092 alia
752 2070 842 2100 pros-

138 2114 280 2154 phonesis
296 2114 395 2155 hujus
408 2113 499 2151 libri,
516 2113 556 2144 ad
572 2112 699 2145 Juliuin
719 2113 843 2143 Cerea-

142 2166 208 2196 lem
248 2165 393 2196 amicum
431 2175 540 2203 suum,
575 2169 744 2204 concepta
783 2174 843 2204 per

141 2215 346 2255 apostrophen
385 2214 427 2245 ad
472 2213 618 2244 eundem
668 2214 841 2251 libellum;

139 2275 238 2305 quem
267 2270 378 2305 rogat,
406 2265 532 2295 velitne
565 2264 693 2302 multis,
727 2275 766 2294 an
787 2265 842 2296 uni

142 2320 274 2347 tantum
290 2316 383 2348 Julio
397 2315 647 2347 commendari:
672 2316 842 2355 docetque

140 2376 205 2407 qua
222 2366 262 2397 ad
278 2367 350 2407 ejus
364 2366 500 2397 domum
517 2366 561 2397 sit
578 2367 698 2404 iturum,
714 2366 771 2396 ubi
787 2367 843 2396 ha-

141 2418 243 2457 bitet,
273 2422 481 2457 excusatque
507 2417 654 2456 eleganti
674 2417 844 2448 sententia

140 2466 312 2499 defectum
325 2467 510 2497 literarum.
559 2467 714 2497 Ramires.

182 2521 202 2550 3
231 2519 317 2549 Unus
343 2518 417 2557 erit,
446 2519 513 2559 Bm]
545 2518 660 2548 Instar
686 2518 740 2548 vel
769 2518 842 2549 loco

139 2569 321 2600 multorum
353 2569 422 2599 erit
447 2568 573 2608 Julius,
589 2568 644 2609 qui
658 2569 737 2599 mihi
753 2568 844 2599 fami·

140 2619 232 2651 liaris
245 2617 325 2658 fuit,
339 2618 469 2660 tibique
484 2619 560 2649 erit.
585 2618 721 2650 Furnab.

182 2672 202 2701 4
225 2669 344 2708 Julius,
357 2669 426 2708 Cym]
451 2670 569 2709 Epigr.
586 2668 710 2700 laub.
729 2671 757 2700 1.

184 2725 200 2750 5
227 2719 427 2760 Frangam]
452 2719 571 2751 Lectio
588 2719 719 2757 sanior;
741 2727 840 2758 quam

636 162 911 193 uAR'rtAIAS
948 164 1112 194 EPIGR.
1149 164 1245 194 [AB.
1279 164 1350 194 ΙΙΙ.

1490 155 1510 194 1
1521 156 1603 197 165

902 255 921 276 a
937 245 1108 276 Scriverio
1133 247 1325 277 restitutum
1343 246 1520 278 confirmat
1538 248 1603 278 Ms.

900 305 919 326 e
950 297 1075 326 nostris
1091 297 1187 328 alter.
1233 297 1360 328 Domus
1385 298 1456 328 haec
1475 296 1535 327 tibi
1552 307 1603 327 ui·-

900 345 975 376 bem
994 346 1144 386 ingresso
1162 347 1271 387 prima
1293 352 1466 388 est,qnam
1486 347 1604 388 Daph-

900 396 951 426 nis
967 396 1102 437 quidam
1120 397 1318 436 possederat
1332 398 1423 437 prior
1436 397 1602 436 dominus,

900 455 988 476 nunc
1019 450 1118 476 tenet
1149 446 1273 478 Julius.
1330 448 1433 480 Quasi
1459 447 1603 485 diceret,

899 500 991 526 recta
1008 496 1064 527 adi
1085 496 1215 528 Julium
1240 497 1430 537 Cerealem,
1455 507 1602 538 eumque

899 547 1009 577 saluta
1032 546 1065 577 in
1096 549 1105 564 ‘
1121 547 1223 587 primi
1253 548 1337 578 tecti
1376 548 1516 588 limine,’
1539 550 1602 580 hoc

898 602 963 636 est,
978 598 1012 628 in
1039 598 1128 629 atrio
1153 598 1239 639 ipso,
1258 602 1296 629 ut
1319 598 1346 628 si
1367 598 1517 631 diceret:
1544 600 1603 631 Nil

898 659 982 690 opus
1001 650 1061 680 tibi
1079 654 1220 690 captare
1243 654 1436 687 secretum3
1465 650 1496 680 in
1515 651 1603 681 atrio

898 701 983 740 ipso,
995 711 1069 742 quae
1095 701 1202 742 prima
1220 710 1296 741 pars
1313 701 1434 731 aedium
1448 705 1483 731 et
1496 701 1603 732 limini

899 752 1053 792 proxima
1081 757 1147 788 est,
1176 751 1266 782 inter
1303 751 1531 782 salutatorum
1569 757 1604 783 et

897 801 1072 832 clientium
1089 801 1201 832 officia
1230 811 1306 832 eum
1330 801 1424 832 adire
1451 802 1602 842 poteris:

897 852 988 883 nulla
1007 852 1096 883 enim
1123 862 1218 884 mora
1234 851 1437 893 interposita
1457 852 1605 892 recipiet

898 907 944 941 te,
976 908 1013 934 ct
1038 903 1144 944 leget.
1168 903 1374 935 Musambert.
1421 903 1552 939 Quaeres
1567 904 1601 935 in

895 953 1004 984 limine
1017 954 1108 994 tecti]
1139 954 1212 985 Imo
1235 955 1350 995 primoe
1376 957 1467 985 ἰθεῖα.)
1493 954 1603 986 verius

898 1009 967 1035 est:
1008 1009 1042 1036 et
1070 1014 1189 1036 sensus
1217 1014 1257 1036 eo
1297 1004 1406 1036 ducit.
1462 1006 1604 1037 Utrum-

897 1064 939 1085 ne
967 1055 1175 1086 commodius
1201 1060 1256 1086 est
1278 1055 1409 1095 dicere,
1424 1055 1458 1086 in
1482 1055 1601 1088 urbem

897 1105 940 1135 ad
955 1105 1098 1145 salium,
1111 1105 1262 1137 invenies
1278 1115 1354 1136 eum
1379 1105 1413 1136 in
1431 1106 1601 1137 vestibulo

899 1156 1035 1195 aedium,
1047 1166 1129 1198 quas
1145 1156 1266 1188 habuit
1279 1156 1459 1196 Daphnis?
1484 1167 1527 1188 an
1545 1167 1602 1197 po-

899 1205 979 1244 tius,
995 1206 1068 1237 vise
1089 1206 1233 1245 Julium,
1264 1215 1365 1247 quem
1389 1205 1541 1237 invenies
1568 1206 1602 1236 in

898 1257 973 1296 ipso
987 1257 1142 1296 ingressu
1167 1256 1230 1287 viae
1247 1255 1380 1295 Tectae,
1398 1255 1503 1293 aedes,
1519 1265 1602 1296 quas

897 1306 1052 1346 Daphnis
1077 1306 1206 1344 habuit,
1221 1305 1455 1336 habitantem?
1501 1305 1602 1336 Unde

896 1356 1066 1388 Martialis
1101 1355 1280 1387 vaticinari
1308 1358 1447 1395 poterat
1472 1355 1603 1387 ,Iulium

896 1406 969 1438 fore
985 1408 1017 1438 iu
1035 1407 1219 1446 vestibulo,
1245 1415 1321 1437 cum
1337 1405 1424 1436 liber
1439 1415 1481 1436 eo
1510 1406 1603 1436 veni-

898 1459 974 1488 ret?
1021 1458 1112 1498 Ergo
1141 1457 1251 1497 primoe
1281 1457 1384 1487 Tectoe
1415 1455 1521 1495 limen,
1548 1460 1601 1486 est

897 1509 1066 1549 ingressus
1085 1509 1147 1539 viae
1173 1509 1301 1539 Tectae.
1346 1507 1460 1539 Quum
1489 1506 1599 1537 vicum

897 1558 985 1588 enim
1011 1560 1149 1597 scimus,
1179 1556 1279 1588 facile
1310 1562 1363 1587 est
1389 1555 1542 1587 homines
1566 1560 1603 1586 et

898 1607 989 1638 aedes
1007 1608 1174 1647 reperire,
1190 1608 1215 1637 si
1226 1606 1415 1647 praesertim
1429 1615 1495 1636 uon
1511 1615 1603 1646 niag-

897 1666 976 1687 num
1008 1657 1225 1688 intervallum
1248 1655 1495 1688 intercesserit.
1521 1657 1602 1687 Gro-

896 1717 965 1738 nov.
996 1707 1029 1738 iu
1047 1708 1319 1748 Apocolocynth.
1343 1707 1496 1738 Senecae.
1521 1716 1600 1747 pag.

897 1760 972 1788 350.

939 1810 958 1838 7
984 1807 1191 1847 Manibusque
1206 1807 1348 1847 sinuque]
1363 1806 1601 1837 Gratissimum

896 1855 972 1887 fore
986 1857 1109 1887 librum
1129 1857 1300 1895 ostendit3
1325 1857 1430 1888 chara
1453 1857 1542 1887 enim
1559 1857 1601 1887 si-

897 1916 938 1936 nu
951 1908 1152 1947 excipimus,
1167 1917 1205 1938 ac
1223 1912 1410 1947 gestamus.

938 1960 978 1987 10
1003 1958 1144 1997 Marcus,
1171 1957 1239 1997 Cyan]
1279 1958 1307 1988 E
1335 1956 1507 1987 salutandi
1534 1955 1602 1987 for-

894 2009 996 2038 mula.
1013 2008 1165 2039 Brisson.
1180 2009 1236 2039 lib.
1251 2010 1281 2038 8.
1298 2006 1394 2038 form.
1410 2009 1419 2025 ⁴
1431 2007 1602 2038 Martialis

893 2059 1040 2089 salutem
1059 2058 1168 2089 dicit)

937 2112 976 2140 11
993 2109 1094 2147 Alios,
1107 2109 1177 2150 ξω]
1194 2108 1346 2148 Alienos,
1359 2108 1504 2148 ignotos.
1523 2108 1599 2138 Pec-

892 2159 959 2200 cat]
999 2161 1109 2191 Nemo
1136 2159 1271 2199 sapiens
1302 2168 1337 2189 se
1381 2158 1598 2189 commendat

893 2211 1009 2241 amicis
1023 2211 1091 2240 suis
1113 2210 1298 2249 diligenter
1315 2213 1350 2240 et
1365 2209 1509 2240 solicite.

936 2262 1043 2292 Eme.
1062 2270 1112 2292 vt.
1137 2264 1148 2290 1
1172 2261 1243 2291 Lux
1259 2260 1329 2295 tibi,
1347 2259 1416 2299 Cra]
1433 2258 1594 2289 Assenta-

894 2317 948 2343 tur
965 2311 1112 2352 Egnatio
1129 2311 1332 2341 Marcellino
1349 2311 1392 2341 ob
1416 2310 1523 2349 patris
1542 2319 1598 2340 na-

894 2364 995 2393 talem
1035 2368 1070 2393 et
1108 2366 1277 2392 resectam
1313 2361 1460 2392 barbam.
1506 2360 1596 2400 Lux]

894 2413 975 2443 Dies
993 2412 1110 2442 tertius
1128 2416 1206 2451 post
1234 2410 1316 2441 Idus
1333 2410 1458 2450 Majas,
1482 2410 1514 2441 id
1530 2416 1596 2450 est,

895 2466 946 2493 16.
966 2461 1105 2493 (jalend.
1120 2461 1225 2493 Junii.

935 2517 954 2544 2
979 2513 1040 2543 Bis
1065 2512 1245 2542 celcbranda
1267 2509 1380 2549 samis]
1407 2509 1445 2540 In
1463 2509 1594 2540 duobus

893 2564 1047 2595 versibus
1080 2561 1299 2602 sequentibus
1317 2561 1469 2591 ostendit
1492 2561 1595 2601 gemi-

893 2615 926 2645 ni
939 2614 1025 2644 sacri
1043 2623 1173 2644 causus.

934 2668 952 2696 3
977 2665 1128 2704 Imputat,
1145 2662 1214 2702 Sym]
1253 2661 1341 2692 Haec
1356 2661 1428 2692 dies
1444 2661 1593 2701 imputat

893 2720 1053 2756 tanquam
1072 2713 1274 2745 beneficium
1291 2712 1399 2754 (legas
1408 2717 1442 2744 et
1460 2713 1590 2753 Compu-
