1866 3131
261 151 373 214 iius

263 278 395 317 gulares
412 277 605 316 currebant,
622 277 681 308 sed
700 277 732 308 in
755 278 962 318 cni-rujuno-

262 329 301 358 ti.
348 329 416 359 Per
456 329 670 358 Passerinum
695 338 775 369 ergo
804 330 962 369 inteiligit

262 389 408 418 currum,
425 380 458 409 in
472 389 537 419 quo
551 379 749 410 Passerinus
762 379 827 410 fuit
842 380 961 419 praeci-

263 440 346 469 puus
364 440 479 470 equuS.
524 430 620 461 Idem
636 430 704 461 dici
717 437 854 472 oportet
867 437 903 462 et
918 432 961 462 de

262 481 368 520 Tigri.
414 481 596 512 Salmasius.

306 532 408 562 Eme.
429 541 511 562 vui.
536 532 618 562 Cum
651 532 846 563 nunciatum
871 538 961 564 esset

260 582 494 612 Domitianum
533 588 714 613 venturum
751 583 784 613 in
830 584 960 622 urbem,

261 642 405 673 eumque
422 632 495 672 jam
510 642 583 662 esse
600 633 633 663 in
650 633 772 663 itinere
788 644 797 671 ;
821 634 959 674 alioqui-

261 689 316 714 tur
346 683 470 723 Poeta,
498 684 642 723 primum
677 684 807 722 Musas,
836 683 960 714 deinde

259 735 500 774 Decembrem,
541 745 639 776 quem
676 735 761 766 dicit
797 735 959 766 ,Ianuario

259 786 422 826 anteponi
439 786 606 826 potuisse,
629 786 653 816 si
672 786 787 816 Caesar
802 787 874 825 ipso
891 786 958 816 De-

259 837 385 867 cembri
403 837 551 867 venisset
567 836 600 866 in
619 835 745 866 urbem.
778 836 958 866 Postremo

260 887 357 926 dicit,
387 897 446 917 sua
468 887 626 918 Carmina
654 886 752 916 valde
775 887 957 917 convenire

260 937 428 977 tempori3
451 946 526 968 esse
544 937 631 967 enini
648 937 853 977 illajocosa;
880 947 958 968 mox

259 988 360 1018 etiam
378 987 520 1019 militem
531 988 629 1028 jocos
645 989 679 1019 in
698 988 868 1029 triumpho
888 988 958 1020 dic-

258 1043 382 1069 turum.
407 1038 491 1069 Rati.

302 1091 318 1118 1
355 1089 444 1119 Nunc
474 1089 598 1125 hilares,
629 1090 698 1130 Esca]
742 1090 778 1121 Si
811 1101 956 1132 unquam

257 1140 329 1170 aliis
344 1140 555 1171 Carminibus
567 1142 643 1181 lusi,
655 1142 861 1183 uuncposcit
873 1147 957 1174 tem-

258 1200 320 1230 pus
335 1196 371 1221 ut
382 1191 460 1222 laeta
476 1201 609 1223 canam.

298 1244 317 1271 2
345 1242 493 1282 Odrysio,
509 1242 576 1282 4513]
599 1243 880 1283 Septentrionali‚
898 1244 955 1275 ubi

257 1292 406 1333 Odrysa‚
428 1293 582 1324 Thraciae
600 1294 690 1334 urbs,
714 1303 828 1324 versus
851 1294 956 1324 Euxi-

257 1353 347 1374 num.

303 1398 321 1425 3
349 1396 444 1426 Certa
468 1396 566 1435 fucis,
587 1397 656 1436 ἂι]
680 1396 802 1427 Mense
818 1396 955 1428 tandem

254 1446 436 1477 Decembri
452 1451 581 1477 certum
594 1447 788 1485 accepimus
798 1448 955 1478 nuncium

255 1497 299 1526 de
315 1496 461 1526 Caesaris
485 1496 610 1528 reditu.
660 1497 753 1538 Vota]
776 1497 957 1528 DesiderIa

258 1546 462 1587 gaudiaque.

298 1603 316 1629 5
340 1598 433 1630 Sorte
449 1603 515 1638 lua,
540 1599 609 1640 δῖα]
635 1601 684 1630 Eo
702 1600 791 1640 quod
813 1601 956 1631 nuncius

255 1660 290 1680 es
305 1650 434 1681 reditus
452 1651 658 1682 Domitiani:
675 1650 778 1692 quod,
792 1651 818 1681 si
836 1651 955 1681 eodem

256 1710 370 1731 mense
399 1701 516 1732 urbem
540 1702 748 1741 ingressurus
778 1707 865 1732 esset
883 1702 956 1732 Cae-

256 1761 321 1791 sar,
350 1761 413 1782 nec
441 1752 503 1792 ipsi
524 1752 687 1784 Januario
715 1752 855 1783 cederet
884 1752 954 1783 De-

256 1801 403 1833 cember.

297 1854 316 1882 7
342 1852 436 1883 Festa
449 1856 623 1891 coronatus,
648 1853 714 1893 ἐγὼ]
739 1853 891 1892 Dejocis
919 1858 955 1884 et

256 1904 450 1933 scommatis
467 1904 610 1934 militnm
641 1904 675 1933 in
707 1903 952 1942 Imperatorem

249 1954 355 1993 jactis
371 1963 474 1992 supra
489 1953 644 1984 diximus.
680 1953 770 1983 Vide
788 1954 906 1993 Epigr.
921 1958 952 1985 5.

253 2005 310 2036 lib.
327 2007 356 2036 l.
370 2014 456 2035 verS.
472 2007 503 2035 3.

296 2057 316 2085 8
340 2054 541 2094 Laurigeros]
565 2054 606 2085 In
625 2053 802 2094 triumphis
825 2058 861 2084 et
887 2053 952 2093 ipsi

254 2107 332 2147 equi
347 2107 488 2137 laureati
505 2106 722 2137 incedebant.
748 2105 867 2144 Comes]
886 2105 951 2135 Mi-

256 2157 318 2186 les.

297 2210 316 2238 9
337 2208 441 2245 Jocos,
465 2207 534 2248 25⁶2]
558 2208 639 2238 Mea
655 2207 856 2248 haecjocosa
871 2207 951 2248 Epi-

253 2263 451 2297 grammata.

297 2310 337 2338 10
361 2308 462 2339 Lusus
495 2308 577 2348 ipse]
619 2308 774 2339 Solennis
801 2308 888 2338 enim
917 2312 952 2339 et

254 2358 451 2399 magnificus
477 2358 667 2398 triumphus
685 2359 835 2389 admittit
852 2368 950 2399 quos-

253 2409 302 2438 vis
318 2413 354 2439 et
369 2409 564 2449 quorumvis
576 2409 720 2440 militum
732 2418 770 2440 ac
783 2409 950 2440 hominum

250 2459 360 2498 jocos.

297 2510 403 2540 Epm.
419 2519 473 2540 lx.
497 2509 660 2542 Jactabat
674 2520 708 2541 se
724 2511 896 2542 Cascelius
910 2511 951 2541 de

255 2560 389 2596 ingenio
421 2560 654 2600 ἑξηκονταετὴς,
685 2561 887 2602 volebatque
904 2561 951 2592 vi-

254 2609 327 2640 deri
344 2609 478 2641 doetus.
522 2610 647 2650 Poeta,
675 2611 783 2642 Nimis
806 2621 881 2642 sero
905 2616 951 2650 te,

255 2659 375 2699 inquit,
390 2660 601 2699 ingeniosum
620 2660 703 2691 dicis
718 2671 726 2699 ;
751 2671 769 2691 a
783 2671 887 2700 puero
899 2671 950 2692 re-

253 2711 450 2749 quirebatur
467 2713 508 2743 ad
527 2713 712 2744 doctrinam
737 2712 886 2745 futuram
904 2714 951 2745 in-

258 2760 402 2798 genium.
430 2762 579 2793 [mamus.

729 184 869 214 NOTAE
905 184 1164 213 VARIORUM
1202 184 1252 213 IN

1058 281 1077 308 2
1116 278 1246 312 Quando
1271 277 1406 308 disertus
1443 278 1518 318 erit]
1557 278 1712 309 Disertus

1014 327 1085 357 scil.
1109 326 1241 358 futurus
1266 334 1343 368 post
1371 328 1532 359 ducentos
1549 338 1663 367 annos,
1679 335 1714 360 et

1013 384 1149 408 acturus
1166 387 1281 409 causas
1299 379 1386 419 apud
1418 378 1561 417 inferos;
1587 380 1621 410 in
1649 390 1713 421 quo

1014 429 1150 460 tandem
1166 430 1388 469 sexagenario
1402 430 1573 469 ingenium
1585 431 1625 460 ad
1639 431 1716 462 doe—

1013 481 1135 511 trinam
1147 480 1294 512 futuram
1309 482 1445 512 elucere
1459 482 1589 522 incipit.
1607 483 1712 517 Quan-

1011 533 1064 573 do]
1106 532 1288 573 Nunquam
1307 543 1314 563 :
1352 532 1517 562 hactenus
1550 533 1639 563 enim
1663 533 1713 563 ni-

1010 582 1057 612 hil
1075 583 1267 623 stu‹iuit,et
1284 583 1315 613 in
1341 588 1515 623 posterum
1534 593 1599 614 non
1615 587 1710 623 pote-

1010 633 1075 671 rit;
1101 639 1183 664 aetas
1202 634 1291 664 enim
1310 640 1424 673 negat.

1053 685 1156 715 Eme.
1187 693 1222 715 x.
1262 687 1276 714 1
1310 685 1493 715 Poetlicatur
1523 685 1616 724 Eros,
1645 685 1714 725 Esca]

1011 733 1095 764 Olus
1111 734 1186 765 aliis
1210 734 1441 773 obtrectabat,
1466 735 1616 776 aliosque
1635 745 1712 775 pro-

1010 784 1126 823 digere
1158 794 1217 815 sua
1253 785 1402 825 dicebat,
1435 796 1535 827 quum
1568 787 1713 826 ipsemet

1011 834 1093 865 nihil
1110 835 1262 866 haberet.

1051 888 1068 914 5
1093 885 1133 914 In
1149 886 1245 915 lucem
1269 886 1383 925 coenat]
1412 886 1550 917 Pernox
1571 887 1602 916 in
1621 897 1710 918 com-

1013 934 1290 973 messationibus,
1317 936 1587 975 compotationes
1604 936 1636 966 in
1661 937 1710 967 lu—

1009 994 1083 1015 cem
1097 985 1278 1025 protrahit.
1303 986 1359 1016 Sic
1377 987 1494 1027 Epigr.
1513 989 1566 1018 29.
1584 987 1641 1018 lib.
1657 991 1688 1019 1.

1052 1037 1071 1065 8
1095 1035 1204 1066 Assem
1219 1046 1256 1066 ne
1272 1037 1407 1077 dederis]
1431 1038 1465 1068 Si
1483 1042 1516 1068 te
1531 1038 1710 1069 soliicitum

1008 1085 1158 1117 reddunt
1178 1087 1316 1118 nomina
1332 1088 1431 1128 Lupi,
1457 1098 1532 1129 quae
1562 1089 1637 1119 Tito
1654 1088 1710 1119 de-

1008 1137 1089 1178 bet;
1113 1143 1148 1169 tu
1167 1140 1213 1170 nil
1228 1140 1274 1170 iili
1292 1141 1431 1179 credas3
1456 1151 1536 1172 cura
1551 1141 1699 1173 vacabis.

1053 1191 1089 1219 ll
1114 1190 1181 1220 Pro
1207 1192 1314 1229 togula
1329 1191 1432 1231 debes]
1458 1192 1616 1223 Nondum
1646 1193 1709 1223 sol-

1006 1239 1086 1269 visti
1113 1244 1226 1280 togam
1254 1251 1352 1281 quani
1375 1248 1511 1281 gestas3
1536 1243 1598 1273 hoc
1615 1248 1710 1273 taces

1007 1295 1043 1320 et
1059 1289 1262 1330 dissimulas,
1288 1292 1498 1334 aliorumque
1524 1293 1641 1324 debita
1658 1303 1708 1323 re-

1007 1349 1138 1371 censes.

1052 1393 1090 1421 14
1116 1391 1298 1430 Poscitjam
1314 1393 1434 1433 dotem]
1457 1394 1542 1425 Nam
1556 1393 1635 1426 filiae
1653 1395 1708 1426 de-

1009 1441 1099 1472 bitor
1129 1447 1182 1472 est
1212 1448 1320 1482 pater,
1351 1454 1451 1484 quum
1483 1455 1555 1475 eam
1588 1446 1708 1477 dotare

1008 1497 1180 1531 teneatur,
1195 1493 1216 1524 1.
1233 1495 1285 1523 19.
1303 1494 1346 1525 D.
1364 1494 1406 1524 de
1421 1494 1502 1525 Ritu
1517 1496 1625 1535 Nupt.
1639 1496 1662 1526 1.
1677 1499 1707 1526 l.

1009 1543 1036 1582 ξ.
1065 1542 1124 1572 sed
1140 1542 1167 1572 si
1184 1543 1231 1573 D.
1251 1543 1278 1574 si
1295 1544 1374 1584 quid
1395 1544 1428 1574 in
1444 1544 1556 1577 fraud.
1574 1551 1708 1586 patron.

1007 1593 1121 1624 Quare
1137 1592 1374 1625 Artemidorus
1398 1595 1553 1626 observat
1576 1596 1710 1635 elegan-

1007 1650 1072 1682 ter,
1086 1643 1171 1674 filias
1192 1645 1224 1674 in
1241 1646 1365 1675 somnis
1382 1652 1551 1686 sumptum
1569 1652 1603 1678 et
1617 1647 1710 1678 dam-

1006 1703 1087 1724 num
1112 1694 1331 1735 portendere,
1365 1696 1444 1738 quia
1466 1697 1527 1727 dos
1545 1697 1586 1727 iis
1602 1697 1705 1728 debe-

1007 1749 1072 1775 tur.
1095 1744 1177 1775 Hcr.

1050 1805 1090 1833 16
1115 1803 1179 1834 Sed
1206 1804 1279 1843 quid
1305 1815 1391 1844 agas,
1418 1805 1488 1846 Esau]
1510 1806 1577 1836 Sed
1596 1815 1706 1847 neque

1006 1861 1068 1891 ego
1085 1853 1117 1883 in
1141 1854 1248 1885 aliena
1267 1865 1336 1895 rep.
1353 1857 1518 1896 curiosus,
1533 1866 1641 1897 neque
1669 1862 1705 1888 tu

1005 1908 1064 1933 aut
1082 1908 1140 1934 tua
1159 1905 1256 1935 tanti.

1048 1953 1154 1984 Epio.
1174 1963 1227 1986 xi.
1249 1959 1268 1987 4
1288 1956 1353 1991 Qui
1366 1957 1412 1987 vz's
1428 1958 1622 1999 archetypas,
1637 1957 1704 1998 εμπ]

1004 2004 1071 2035 Qui
1103 2005 1155 2034 vel
1187 2006 1219 2035 iu
1248 2008 1357 2045 nugis,
1387 2009 1498 2047 qualia
1528 2015 1605 2039 sunt
1630 2018 1705 2039 mea

1004 2054 1175 2093 Carmina,
1192 2056 1421 2097 primogenias
1436 2058 1558 2098 probas
1576 2059 1616 2089 ab
1631 2059 1704 2099 ipso

1001 2109 1119 2135 autore
1137 2112 1294 2137 exaratas
1319 2108 1369 2138 vel
1389 2109 1596 2141 emendatas.

1045 2155 1151 2186 Eme.
1169 2164 1235 2186 xu.
1261 2157 1493 2189 clancularius
1521 2159 1643 2197 Poeta,
1667 2164 1705 2190 ut

1002 2204 1122 2236 Po'etae
1148 2211 1262 2237 nostro
1290 2208 1475 2246 periculum
1492 2213 1637 2247 crearet,
1654 2208 1702 2239 fa-

1002 2265 1091 2286 mosa
1108 2257 1261 2298 quaedam
1287 2258 1444 2290 Carmina
1461 2260 1629 2290 Martialis
1644 2269 1702 2291 no-

1002 2308 1091 2338 mine
1117 2308 1284 2340 ediderat.
1328 2311 1429 2342 Jurat
1454 2311 1564 2342 Poeta
1587 2311 1668 2343 nihil
1684 2321 1703 2341 a

1004 2368 1039 2388 se
1062 2359 1238 2399 scriptum,
1267 2361 1355 2400 quod
1374 2362 1530 2402 cuiquam
1545 2362 1702 2393 ruborem

1002 2407 1162 2448 adferret,
1180 2416 1237 2440 aut
1253 2415 1364 2441 notam
1391 2412 1552 2442 inureret.
1577 2412 1658 2443 Rad.

1047 2462 1062 2489 1
1075 2459 1242 2499 Dominus]
1254 2461 1585 2503 Domitianus,quem
1598 2463 1702 2493 maxi-

1003 2519 1055 2540 me
1070 2510 1233 2541 lectorem
1251 2513 1360 2544 velim.

1045 2564 1064 2591 2
1089 2561 1174 2600 Qua]
1201 2562 1366 2602 Benigna.

1044 2614 1063 2642 4
1090 2613 1175 2643 Mihi
1201 2614 1237 2644 de
1260 2615 1354 2653 nullo,
1377 2614 1447 2655 ξω]
1473 2615 1550 2646 Non
1575 2613 1698 2645 famam

1004 2667 1105 2702 capto
1123 2671 1163 2692 ex
1188 2664 1296 2694 aliena
1315 2659 1596 2704 infamia.'Epist.
1623 2668 1652 2695 1.
1678 2665 1700 2696 1.

1003 2714 1061 2745 ubi
1086 2714 1206 2746 ‘rubet
1222 2715 1355 2747 auditor
1381 2717 1434 2748 cui
1460 2715 1580 2756 frigida
1606 2725 1698 2747 meus

1005 2764 1078 2795 estss
