1866 3131
251 188 365 231 1342

252 295 313 326 Fu.
326 296 449 326 Senec.
469 303 556 324 vers·
572 295 624 324 35.
641 297 677 323 et
691 302 779 323 vers.
796 295 871 324 829.

293 350 313 377 6
338 346 486 386 Soecaque
521 344 634 384 regua]
679 344 791 376 Quum
847 343 950 374 toties

249 399 368 429 mortis
405 397 498 427 adire
532 396 715 427 discrimen
753 401 953 436 cogeretur,

250 449 384 489 quoties
401 452 574 478 certamen
592 446 706 477 iniret.

293 501 311 529 7
337 498 401 529 Sed
425 501 458 528 tu
480 497 624 535 jussisses
648 496 840 537 Eurysthea]
869 494 951 526 Uni-

250 559 325 579 cum
340 550 401 579 hoc
417 548 609 588 exemplum
623 553 677 578 est
688 547 783 578 verbi
798 544 951 586 ‘jubere'

249 609 325 630 eum
349 600 548 630 accusativo
574 607 730 639 personae
754 597 826 627 sine
854 596 952 626 intel-

250 649 341 680 lectu
368 648 525 679 infinitivi
553 648 664 688 positi.
709 646 763 678 An
778 647 894 686 placet
910 654 953 675 ex

250 699 462 740 praecedenti
486 709 586 730 versu
609 698 812 738 intelligere,
827 699 835 713 ‘
850 705 955 736 regna

249 750 319 790 pati
333 749 354 780 ?’
383 749 570 780 Gronovius.
607 748 669 780 Sed
685 748 875 786 injussisses
894 747 955 777 Eu-

248 799 390 841 rysthea]
414 801 468 830 Tu
493 800 542 830 illi
565 799 778 839 imperasses‚
793 798 821 828 si
844 807 904 828 ora
920 801 955 828 et

250 852 379 882 vultum
396 851 557 891 gessisses
575 849 730 881 Caesaris.

290 904 310 932 8
337 900 443 940 Nessi]
482 901 621 931 Vestem
651 900 819 939 sanguine
850 898 954 930 Nessi

249 952 415 983 Centauri
438 958 472 982 et
491 961 619 982 veneno
636 961 655 982 a
671 950 804 991 sagittis
822 949 953 989 Hydrae

248 1001 330 1033 felle
348 1002 465 1033 tinctis
482 1001 655 1040 infectam,
667 1001 799 1032 muneri
818 1010 836 1030 a
850 999 953 1031 Deia-

250 1053 326 1083 nira
356 1053 492 1084 missam
522 1053 664 1084 Herculi
696 1062 758 1094 per
792 1053 953 1092 Lycham.

251 1105 340 1135 Vide
375 1105 516 1136 Senecae
558 1104 663 1136 Herc.
719 1104 823 1137 OEtaei
858 1113 956 1144 argu·

250 1160 413 1187 mentum.
461 1156 590 1197 Perfida
615 1154 710 1195 dona]
754 1155 868 1192 Nessi,
899 1154 956 1195 qui

249 1217 347 1238 suum
361 1208 573 1248 sanguinem,
584 1217 641 1239 seu
655 1217 818 1238 venenum
832 1207 957 1247 potius,

249 1259 425 1290 Deianirae
464 1260 614 1289 muneris
648 1259 722 1289 loco
756 1257 955 1298 reliquerat,

249 1318 316 1349 quo
333 1309 482 1349 decepta
500 1309 586 1347 ipsa,
602 1307 742 1347 decepit
759 1306 957 1345 Herculem,

250 1359 331 1390 dum
350 1358 537 1390 interfecit.

294 1413 315 1440 9
340 1409 452 1447 OEtoei,
468 1408 537 1448 &vd
556 1407 634 1439 Non
653 1407 713 1438 tibi
726 1405 846 1437 fuisset
863 1416 960 1448 opuS‚

252 1469 314 1500 per
341 1460 453 1499 ignem
473 1459 608 1489 mortali
633 1463 730 1498 parte
754 1464 957 1498 expurgata,

251 1510 493 1541 conscendisse
521 1510 670 1540 coelum:
703 1509 762 1540 sed
788 1510 876 1539 citra
908 1518 959 1539 ro-

254 1572 333 1602 gum
351 1562 480 1592 relatus
501 1559 623 1591 fuisses
648 1561 681 1591 in
698 1561 815 1599 Deos3
839 1561 877 1599 si,
892 1569 959 1601 qua

253 1622 342 1643 nunc
360 1612 484 1643 coleris
502 1611 624 1649 forma,
643 1610 781 1641 indutus
799 1620 903 1641 esseS.

298 1666 335 1693 11
362 1662 477 1703 Lydia,
506 1661 576 1701 ἔξω]
622 1662 743 1703 Neque
777 1666 959 1692 tractasses

253 1714 364 1744 colum
389 1713 450 1743 sub
475 1712 656 1752 Omphale.
701 1711 792 1743 Vide
821 1711 956 1752 Mytho-

256 1765 360 1805 logos.

300 1819 341 1848 12
368 1817 433 1847 Nec
451 1815 565 1856 Styga,
589 1816 656 1856 Sc]
694 1815 769 1846 Nec
794 1814 959 1845 adivisses

255 1866 381 1898 inferos
398 1867 604 1907 vidissesque
622 1866 823 1897 Cerberum.

300 1921 339 1949 13
366 1919 456 1949 Nunc
476 1917 535 1948 tibi
548 1918 631 1947 Juno
647 1918 751 1956 sut-et,
787 1916 857 1957 ἔξω]
894 1918 961 1948 Re-

257 1976 359 2009 cepto
377 1968 410 1998 in
428 1968 548 1998 coelum
570 1967 723 2007 Herculi,
738 1967 829 1999 Juno
853 1967 961 1997 conci-

258 2020 353 2059 liata,
370 2019 494 2049 Heben
511 2017 612 2048 filiam
630 2018 663 2048 in
682 2027 820 2048 uxorem
840 2018 946 2048 dedit.

300 2074 340 2102 14
367 2071 459 2101 Nunc
481 2074 512 2100 te
539 2071 578 2109 si,
605 2068 674 2109 ἐξα]
724 2068 962 2108 Amphydaeia

258 2121 433 2162 Nympha,
460 2130 535 2162 quae
565 2124 657 2150 tuum
685 2119 800 2159 rapuit
825 2119 961 2159 Hylam,

258 2182 348 2203 nunc
372 2181 449 2203 eum
474 2171 609 2210 reddet,
632 2169 808 2211 Epigram.
832 2172 884 2201 48.
901 2169 961 2201 lib.

257 2228 289 2254 5.
308 2232 397 2254 vers.
416 2226 448 2254 5.

302 2276 409 2306 Eme.
437 2283 554 2305 vau.
580 2276 599 2304 2
625 2273 781 2303 Natorum
794 2270 962 2311 janam]

260 2326 312 2356 De
330 2325 411 2365 jure
434 2325 536 2355 trium
562 2324 758 2363 liberorum,
783 2322 858 2353 vide
886 2331 962 2363 quae

260 2375 302 2406 ad
319 2376 384 2415 Ep.
402 2377 454 2405 91.
471 2374 529 2404 lib.
545 2377 577 2404 ’2.

303 2429 322 2457 3
347 2425 500 2466 Suppleae]
527 2425 596 2455 Per
620 2424 754 2455 libellos
781 2422 963 2464 supplices.

262 2477 460 2518 Dominoque
480 2475 623 2515 Deoque]
647 2475 857 2506 Domitiano.
884 2472 963 2515 Epi·

262 2537 369 2567 gram.
388 2529 419 2556 8.
438 2526 495 2557 lib.
508 2530 539 2557 5.
559 2535 645 2556 vers·
664 2528 693 2556 1.

303 2578 323 2607 4
351 2577 397 2607 Tu
411 2575 512 2616 dahis,
535 2575 605 2616 ξπ]
629 2575 801 2616 Epigram.
833 2577 886 2606 31.
904 2573 962 2605 lib.

264 2630 297 2658 8.

309 2677 412 2707 Eme.
429 2685 559 2708 vaur.
583 2679 602 2707 3
626 2677 710 2708 Illud
727 2676 843 2717 puerile
857 2684 965 2716 popos-

263 2727 308 2766 ci]
326 2726 496 2766 Δύσφημον
518 2727 626 2767 ἐκεῖνο,
650 2726 716 2757 ὅττι
738 2724 912 2764 πάσχουσιν
937 2724 965 2755 οἱ

263 2777 380 2808 παῖδες.
410 2777 467 2807 Sic
493 2787 586 2818 saepc
610 2778 671 2808 hoc
695 2786 879 2818 pronomen
907 2786 963 2815 po-

718 196 859 226 NOTAE
897 195 1159 225 VARIORUM
1197 195 1244 224 ΙΝ

1002 290 1092 320 nitur
1109 290 1221 320 relato
1247 287 1500 319 subintellecto.
1524 287 1699 317 Catullus:

1003 344 1011 359 ‘
1031 342 1075 372 Et
1105 339 1324 381 quaerendum
1353 339 1456 377 unde,
1487 338 1574 368 unde
1613 336 1703 368 foret

1003 392 1179 423 nervosius
1194 389 1300 421 illud?
1317 390 1390 420 Sic:
1409 390 1418 406 ‘
1433 390 1500 420 Res
1515 389 1588 419 illas
1600 387 1705 418 ’dixit

1003 442 1173 475 Arnobius
1201 440 1239 471 τὸ
1265 441 1409 480 ἀνδρεῖον.
1447 439 1617 470 Dicebant
1648 439 1705 468 ali·

1005 493 1161 536 quando:
1192 492 1325 523 ‘Multa
1352 490 1428 528 illa,’
1453 490 1486 520 id
1517 494 1581 527 est,
1606 488 1705 519 lasci-

1004 556 1061 577 vas
1098 546 1171 576 illas
1208 550 1244 575 et
1284 545 1458 575 obscaenas
1498 543 1706 582 voluptates.

1005 597 1180 628 Catullus:
1205 597 1213 612 ‘
1231 596 1298 627 Ubi
1315 595 1373 625 illa
1384 595 1491 625 multa
1507 599 1573 624 tam
1585 594 1706 633 jocosa

1004 646 1155 678 fiebant!
1202 645 1317 677 Graeei
1341 645 1441 675 ταῦτα
1456 645 1509 675 vel
1534 644 1635 674 ἐκεῖνα
1651 653 1706 674 eo-

1005 697 1080 727 dem
1097 696 1208 728 modo.
1241 696 1376 727 Heraed.

1048 751 1065 778 5
1092 746 1360 787 Im11robi11s‚3sc.]
1395 746 1467 777 Ore
1484 744 1696 785 morigerari.

1048 801 1066 828 7
1092 799 1154 829 Sed
1168 797 1336 838 mihi,&c.]
1373 798 1448 829 Nec
1473 802 1587 827 tamen
1615 794 1706 828 feci:

1005 849 1116 890 pretio
1127 848 1323 887 deterritus,
1336 858 1395 879 seu
1406 847 1454 878 rei
1470 845 1694 887 turpitudine.

1048 902 1067 930 8
1094 899 1278 930 Conditz'one
1302 898 1399 938 mala]
1423 898 1552 937 Magno
1581 897 1706 938 pretio,

1006 960 1085 981 caro
1103 955 1266 991 emptum.

1050 1002 1155 1032 Epm.
1172 1010 1272 1032 inx.
1290 1000 1459 1032 Irascitur
1472 1000 1621 1030 clamoso
1638 997 1709 1028 ludi

1005 1052 1224 1091 moderatori,
1248 1061 1398 1082 somnum
1424 1050 1545 1081 Potitae
1573 1049 1709 1080 matuti-

1006 1112 1085 1133 num
1101 1102 1366 1143 interrumpenti
1382 1113 1389 1132 :
1416 1102 1463 1132 ait
1476 1111 1511 1132 se
1528 1100 1708 1131 ‹lidactron

1007 1155 1205 1194 soluturum,
1222 1164 1287 1185 non
1305 1154 1331 1184 si
1348 1152 1549 1192 doceat,sed
1568 1156 1694 1182 taceat.

1050 1207 1068 1235 3
1095 1205 1241 1235 Nondum
1269 1204 1404 1239 cristati,
1433 1204 1500 1244 [you]
1546 1201 1709 1233 Nondum

1008 1259 1061 1284 est
1099 1255 1316 1293 gallicinium.
1362 1254 1493 1284 Misera
1537 1253 1710 1284 hominum

1008 1304 1150 1335 istorum
1189 1304 1351 1343 conditio,
1381 1303 1437 1344 qui
1471 1302 1585 1333 media
1624 1312 1711 1343 pene

1008 1361 1112 1387 nocte
1143 1356 1291 1387 scholam
1324 1355 1459 1395 aperire
1489 1354 1712 1394 incipiebant,

1009 1406 1041 1437 id
1068 1413 1132 1446 est,
1156 1406 1264 1447 primo
1290 1406 1453 1444 diluculo,
1477 1405 1530 1436 vel
1558 1411 1650 1444 ante,
1676 1410 1712 1435 et

1009 1467 1095 1498 pene
1113 1457 1305 1498 priusquam
1331 1456 1411 1496 galli
1436 1456 1549 1487 Solem
1574 1455 1711 1486 adveni-

1009 1513 1124 1539 entem
1151 1508 1353 1538 salutarent.
1398 1506 1558 1538 Juvenal.
1584 1506 1657 1537 Sat.
1679 1509 1712 1537 7.

1007 1560 1016 1576 ‘
1034 1560 1126 1590 Dum
1142 1559 1243 1589 modo
1260 1568 1326 1589 non
1343 1563 1461 1598 pereat
1481 1557 1601 1588 mediae
1621 1556 1711 1598 quod

1008 1610 1119 1641 noctis
1137 1610 1179 1640 ab
1195 1610 1277 1640 hora
1292 1608 1442 1647 Sedisti,'
1458 1611 1519 1639 &c-

1052 1665 1070 1693 5
1099 1661 1175 1692 Tam
1188 1671 1298 1700 grace,
1311 1659 1380 1701 ἔξω]
1405 1659 1483 1690 Non
1501 1659 1635 1690 intonas
1651 1658 1712 1689 mi-

1010 1721 1092 1742 nore
1133 1712 1310 1742 verberum
1342 1710 1589 1750 verborumque
1627 1714 1713 1741 stre-

1011 1764 1100 1804 pitu,
1117 1772 1216 1804 quam
1241 1761 1326 1792 fabri
1351 1761 1460 1800 incus,
1479 1760 1555 1791 dum
1572 1759 1713 1800 fingitur

1010 1814 1180 1855 equestris
1227 1817 1341 1843 statua
1378 1811 1578 1842 caussidico.
1623 1810 1713 1842 Vide

1009 1864 1132 1895 Juven.
1157 1864 1227 1894 Sat.
1243 1866 1274 1894 7.
1290 1872 1378 1893 vers.
1406 1865 1479 1894 123.
1503 1867 1538 1894 et
1557 1866 1711 1893 autorem

1011 1913 1135 1951 dialogi
1153 1913 1196 1943 de
1215 1912 1392 1943 Oratorib.

1053 1965 1072 1993 8
1101 1963 1243 1993 Vincenti
1271 1972 1387 2002 parma*
1421 1972 1490 1992 cnm
1519 1972 1575 1992 sua
1607 1961 1712 2001 turba]

1012 2015 1089 2045 Non
1107 2018 1234 2044 temere
1251 2013 1337 2043 dixit
1352 2015 1360 2029 ‘
1373 2022 1434 2043 sua
1448 2012 1569 2043 turba!
1606 2013 1713 2043 Erant

1011 2066 1099 2097 enim
1128 2066 1162 2096 in
1186 2066 1348 2102 Theatro,
1376 2065 1649 2105 Amphitheatro,
1677 2070 1712 2096 et

1013 2118 1111 2148 Circo
1136 2116 1315 2155 factiones,
1330 2120 1365 2146 et
1388 2115 1465 2146 inde
1491 2115 1644 2146 diversus
1665 2114 1714 2146 fa-

1014 2177 1084 2199 vor.
1130 2168 1184 2198 De
1210 2167 1325 2207 populi
1354 2166 1655 2197 acclamationibus
1678 2167 1713 2197 in

1014 2218 1116 2249 Circo
1132 2223 1166 2250 et
1181 2217 1448 2258 Amphitheatro,
1464 2218 1631 2258 variisque
1645 2216 1715 2248 fac-

1015 2269 1174 2309 tionibus,
1193 2268 1269 2299 vide
1296 2269 1541 2307 Bullengerum
1565 2278 1641 2308 cap.
1658 2271 1713 2300 46.

1013 2319 1072 2350 lib.
1101 2318 1143 2349 de
1174 2318 1284 2349 Circo.
1328 2318 1487 2358 Vincenti]
1523 2319 1608 2350 Cum
1636 2327 1712 2358 par-

1014 2369 1160 2407 mularii,
1178 2368 1234 2410 qui
1257 2367 1444 2398 Thracibus
1466 2367 1712 2408 gladiatoribus

1014 2429 1131 2461 parma
1161 2419 1300 2450 armatis
1329 2417 1457 2457 favent,
1479 2429 1547 2450 suae
1573 2417 1715 2450 factioni

1014 2469 1147 2501 victrici
1165 2469 1389 2510 applaudunt.

1059 2523 1098 2550 10
1123 2520 1320 2555 Per-vigilare
1347 2517 1458 2559 grate]
1484 2519 1609 2549 Totam
1637 2526 1715 2549 noc-

1014 2575 1083 2602 tem
1099 2570 1225 2601 ducere
1242 2571 1439 2602 insomnem.

1058 2620 1160 2651 EP1G.
1173 2629 1275 2652 Lxxr.
1293 2620 1461 2651 Adulatur
1478 2620 1620 2659 Caesari,
1633 2619 1711 2650 dum

1015 2671 1233 2713 reprehendit
1250 2672 1505 2711 Maecilianum3
1528 2673 1580 2702 vel
1603 2676 1640 2702 ut
1657 2671 1712 2701 alii

1014 2723 1080 2763 leg.
1110 2723 1343 2763 Caecilianum,
1366 2732 1425 2753 sua
1453 2727 1605 2762 tempora
1625 2721 1711 2752 vitu-

1015 2778 1200 2816 perantem.
