<?xml version="1.0" encoding="UTF-8"?>
<!DOCTYPE html PUBLIC "-//W3C//DTD XHTML 1.0 Transitional//EN"
    "http://www.w3.org/TR/xhtml1/DTD/xhtml1-transitional.dtd">
<html xmlns="http://www.w3.org/1999/xhtml" xml:lang="en" lang="en">
 <head>
  <title>
</title>
<meta http-equiv="Content-Type" content="text/html;charset=utf-8" />
  <meta name='ocr-system' content='tesseract 3.04.00' />
  <meta name='ocr-capabilities' content='ocr_page ocr_carea ocr_par ocr_line ocrx_word'/>
</head>
<body>
  <div class='ocr_page' id='page_1' title='image "./epigrammataexedi03martuoft_0390.png"; bbox 0 0 1866 3131; ppageno 0'>
   <div class='ocr_carea' id='block_1_1' title="bbox 276 163 386 203">
    <p class='ocr_par' dir='ltr' id='par_1_1' title="bbox 276 163 386 203">
     <span class='ocr_line' id='line_1_1' title="bbox 276 163 386 203; baseline -0.009 -1"><span class='ocrx_word' id='word_1_1' title='bbox 276 163 386 203; x_wconf 74' lang='lat'>1450</span> 
     </span>
    </p>
   </div>
   <div class='ocr_carea' id='block_1_2' title="bbox 270 262 973 2781">
    <p class='ocr_par' dir='ltr' id='par_1_2' title="bbox 273 262 972 561">
     <span class='ocr_line' id='line_1_2' title="bbox 275 262 972 307; baseline -0.007 -9"><span class='ocrx_word' id='word_1_2' title='bbox 275 267 363 299; x_wconf 82' lang='lat' dir='ltr'><strong>Caes.</strong></span> <span class='ocrx_word' id='word_1_3' title='bbox 379 266 434 307; x_wconf 90' lang='lat' dir='ltr'>qui</span> <span class='ocrx_word' id='word_1_4' title='bbox 451 265 541 296; x_wconf 90' lang='lat' dir='ltr'>illum</span> <span class='ocrx_word' id='word_1_5' title='bbox 556 262 748 304; x_wconf 84' lang='lat' dir='ltr'>adoptarat.</span> <span class='ocrx_word' id='word_1_6' title='bbox 777 264 786 280; x_wconf 92' lang='lat'>‘</span> <span class='ocrx_word' id='word_1_7' title='bbox 797 264 873 296; x_wconf 87' lang='lat' dir='ltr'>Jam</span> <span class='ocrx_word' id='word_1_8' title='bbox 887 262 972 294; x_wconf 89' lang='lat' dir='ltr'>facit</span> 
     </span>
     <span class='ocr_line' id='line_1_3' title="bbox 273 314 969 359; baseline -0.007 -10"><span class='ocrx_word' id='word_1_9' title='bbox 273 320 348 359; x_wconf 88' lang='lat' dir='ltr'>ipse</span> <span class='ocrx_word' id='word_1_10' title='bbox 365 317 482 355; x_wconf 41' lang='lat' dir='ltr'>Deo&amp;y</span> <span class='ocrx_word' id='word_1_11' title='bbox 499 318 563 347; x_wconf 72' lang='grc' dir='ltr'>διε.</span> <span class='ocrx_word' id='word_1_12' title='bbox 592 315 764 355; x_wconf 83' lang='lat' dir='ltr'>Manilius,</span> <span class='ocrx_word' id='word_1_13' title='bbox 780 320 814 346; x_wconf 89' lang='lat' dir='ltr'>et</span> <span class='ocrx_word' id='word_1_14' title='bbox 830 314 969 345; x_wconf 84' lang='lat' dir='ltr'>Sueton.</span> 
     </span>
     <span class='ocr_line' id='line_1_4' title="bbox 273 365 970 408; baseline -0.009 -8"><span class='ocrx_word' id='word_1_15' title='bbox 273 369 345 401; x_wconf 85' lang='lat' dir='ltr'>Jul.</span> <span class='ocrx_word' id='word_1_16' title='bbox 360 378 435 408; x_wconf 80' lang='lat' dir='ltr'>cap.</span> <span class='ocrx_word' id='word_1_17' title='bbox 449 370 500 398; x_wconf 72' lang='lat'>88.</span> <span class='ocrx_word' id='word_1_18' title='bbox 547 366 659 397; x_wconf 83' lang='lat' dir='ltr'>Po&#39;eta</span> <span class='ocrx_word' id='word_1_19' title='bbox 682 370 794 397; x_wconf 87' lang='lat' dir='ltr'>autem</span> <span class='ocrx_word' id='word_1_20' title='bbox 822 365 874 395; x_wconf 86' lang='lat' dir='ltr'>hic</span> <span class='ocrx_word' id='word_1_21' title='bbox 903 365 970 395; x_wconf 90' lang='lat' dir='ltr'>Do-</span> 
     </span>
     <span class='ocr_line' id='line_1_5' title="bbox 274 415 970 458; baseline -0.009 -7"><span class='ocrx_word' id='word_1_22' title='bbox 274 420 448 451; x_wconf 88' lang='lat' dir='ltr'>mitianum</span> <span class='ocrx_word' id='word_1_23' title='bbox 465 417 638 458; x_wconf 79' lang='lat' dir='ltr'>intelligit,</span> <span class='ocrx_word' id='word_1_24' title='bbox 654 417 710 458; x_wconf 87' lang='lat' dir='ltr'>qui</span> <span class='ocrx_word' id='word_1_25' title='bbox 726 415 970 456; x_wconf 74' lang='lat' dir='ltr'>Vespasianum</span> 
     </span>
     <span class='ocr_line' id='line_1_6' title="bbox 273 465 969 506; baseline -0.009 -5"><span class='ocrx_word' id='word_1_26' title='bbox 273 469 487 501; x_wconf 86' lang='lat' dir='ltr'>consecravit</span> <span class='ocrx_word' id='word_1_27' title='bbox 497 467 633 499; x_wconf 84' lang='lat' dir='ltr'>condito</span> <span class='ocrx_word' id='word_1_28' title='bbox 643 466 770 497; x_wconf 84' lang='lat' dir='ltr'>Flaviae</span> <span class='ocrx_word' id='word_1_29' title='bbox 782 465 876 506; x_wconf 87' lang='lat' dir='ltr'>genti</span> <span class='ocrx_word' id='word_1_30' title='bbox 888 470 969 496; x_wconf 85' lang='lat' dir='ltr'>tem-</span> 
     </span>
     <span class='ocr_line' id='line_1_7' title="bbox 275 521 343 561; baseline 0 -9"><span class='ocrx_word' id='word_1_31' title='bbox 275 521 343 561; x_wconf 87' lang='lat' dir='ltr'>plo.</span> 
     </span>
    </p>

    <p class='ocr_par' dir='ltr' id='par_1_3' title="bbox 274 566 971 660">
     <span class='ocr_line' id='line_1_8' title="bbox 317 566 971 607; baseline -0.006 -6"><span class='ocrx_word' id='word_1_32' title='bbox 317 571 424 601; x_wconf 71' lang='lat' dir='ltr'><strong>Erro.</strong></span> <span class='ocrx_word' id='word_1_33' title='bbox 450 578 560 600; x_wconf 81' lang='lat' dir='ltr'><strong>cxxv.</strong></span> <span class='ocrx_word' id='word_1_34' title='bbox 598 572 614 600; x_wconf 95' lang='lat' dir='ltr'>l</span> <span class='ocrx_word' id='word_1_35' title='bbox 642 568 680 599; x_wconf 78' lang='lat' dir='ltr'>Si</span> <span class='ocrx_word' id='word_1_36' title='bbox 700 568 879 607; x_wconf 75' lang='lat' dir='ltr'>matutinos,</span> <span class='ocrx_word' id='word_1_37' title='bbox 904 566 971 607; x_wconf 62' lang='lat' dir='ltr'>Sym]</span> 
     </span>
     <span class='ocr_line' id='line_1_9' title="bbox 274 619 682 660; baseline -0.005 -8"><span class='ocrx_word' id='word_1_38' title='bbox 274 620 361 652; x_wconf 85' lang='lat' dir='ltr'>Vide</span> <span class='ocrx_word' id='word_1_39' title='bbox 377 621 493 660; x_wconf 85' lang='lat' dir='ltr'>Epigr.</span> <span class='ocrx_word' id='word_1_40' title='bbox 508 623 561 651; x_wconf 83' lang='lat'>26.</span> <span class='ocrx_word' id='word_1_41' title='bbox 578 619 635 650; x_wconf 90' lang='lat' dir='ltr'>lib.</span> <span class='ocrx_word' id='word_1_42' title='bbox 650 622 682 650; x_wconf 79' lang='grc'>4.</span> 
     </span>
    </p>

    <p class='ocr_par' dir='ltr' id='par_1_4' title="bbox 270 667 972 1056">
     <span class='ocr_line' id='line_1_10' title="bbox 315 667 969 709; baseline -0.003 -7"><span class='ocrx_word' id='word_1_43' title='bbox 315 675 335 702; x_wconf 84' lang='grc'>2</span> <span class='ocrx_word' id='word_1_44' title='bbox 358 671 483 702; x_wconf 78' lang='lat' dir='ltr'>Attrita</span> <span class='ocrx_word' id='word_1_45' title='bbox 509 670 624 707; x_wconf 77' lang='lat' dir='ltr'>veniet,</span> <span class='ocrx_word' id='word_1_46' title='bbox 649 669 718 709; x_wconf 53' lang='lat'>5⁸02]</span> <span class='ocrx_word' id='word_1_47' title='bbox 753 667 969 707; x_wconf 87' lang='lat' dir='ltr'>Legeudum:</span> 
     </span>
     <span class='ocr_line' id='line_1_11' title="bbox 273 718 970 762; baseline -0.006 -9"><span class='ocrx_word' id='word_1_48' title='bbox 273 722 301 753; x_wconf 71' lang='grc' dir='ltr'><strong><em>Α</em></strong></span> <span class='ocrx_word' id='word_1_49' title='bbox 315 723 391 752; x_wconf 75' lang='lat' dir='ltr'>trita</span> <span class='ocrx_word' id='word_1_50' title='bbox 402 722 502 752; x_wconf 74' lang='lat' dir='ltr'>veniet</span> <span class='ocrx_word' id='word_1_51' title='bbox 512 720 651 762; x_wconf 81' lang='lat' dir='ltr'><em>sportula</em></span> <span class='ocrx_word' id='word_1_52' title='bbox 660 729 739 758; x_wconf 81' lang='lat' dir='ltr'>soepe</span> <span class='ocrx_word' id='word_1_53' title='bbox 750 721 835 756; x_wconf 82' lang='lat' dir='ltr'>toga.</span> <span class='ocrx_word' id='word_1_54' title='bbox 857 718 970 758; x_wconf 83' lang='lat' dir='ltr'>Vulgo</span> 
     </span>
     <span class='ocr_line' id='line_1_12' title="bbox 271 768 970 812; baseline -0.006 -9"><span class='ocrx_word' id='word_1_55' title='bbox 271 773 396 811; x_wconf 77' lang='lat' dir='ltr'>attrita,</span> <span class='ocrx_word' id='word_1_56' title='bbox 419 781 619 812; x_wconf 79' lang='lat' dir='ltr'><strong>perperam:</strong></span> <span class='ocrx_word' id='word_1_57' title='bbox 644 770 794 810; x_wconf 85' lang='lat' dir='ltr'>loquitur</span> <span class='ocrx_word' id='word_1_58' title='bbox 815 768 903 799; x_wconf 89' lang='lat' dir='ltr'>enim</span> <span class='ocrx_word' id='word_1_59' title='bbox 927 768 970 800; x_wconf 89' lang='lat' dir='ltr'>de</span> 
     </span>
     <span class='ocr_line' id='line_1_13' title="bbox 271 819 972 862; baseline -0.007 -9"><span class='ocrx_word' id='word_1_60' title='bbox 271 828 351 862; x_wconf 83' lang='lat' dir='ltr'>toga</span> <span class='ocrx_word' id='word_1_61' title='bbox 372 823 602 853; x_wconf 86' lang='lat' dir='ltr'>salutantium.</span> <span class='ocrx_word' id='word_1_62' title='bbox 648 821 771 851; x_wconf 87' lang='lat' dir='ltr'>Eorum</span> <span class='ocrx_word' id='word_1_63' title='bbox 787 819 874 850; x_wconf 86' lang='lat' dir='ltr'>enim</span> <span class='ocrx_word' id='word_1_64' title='bbox 892 823 972 859; x_wconf 83' lang='lat' dir='ltr'>toga</span> 
     </span>
     <span class='ocr_line' id='line_1_14' title="bbox 272 869 970 913; baseline -0.009 -9"><span class='ocrx_word' id='word_1_65' title='bbox 272 873 525 912; x_wconf 83' lang='lat' dir='ltr'>conterebatur,</span> <span class='ocrx_word' id='word_1_66' title='bbox 552 873 607 913; x_wconf 88' lang='lat' dir='ltr'>qui</span> <span class='ocrx_word' id='word_1_67' title='bbox 638 870 849 912; x_wconf 82' lang='lat' dir='ltr'>potentiores</span> <span class='ocrx_word' id='word_1_68' title='bbox 880 869 970 900; x_wconf 86' lang='lat' dir='ltr'>cole-</span> 
     </span>
     <span class='ocr_line' id='line_1_15' title="bbox 272 920 969 965; baseline -0.007 -11"><span class='ocrx_word' id='word_1_69' title='bbox 272 924 365 964; x_wconf 87' lang='lat' dir='ltr'><strong>bant,</strong></span> <span class='ocrx_word' id='word_1_70' title='bbox 391 933 572 965; x_wconf 82' lang='lat' dir='ltr'>eorumque</span> <span class='ocrx_word' id='word_1_71' title='bbox 598 922 713 953; x_wconf 89' lang='lat' dir='ltr'>limina</span> <span class='ocrx_word' id='word_1_72' title='bbox 728 920 904 952; x_wconf 84' lang='lat' dir='ltr'>matutinis</span> <span class='ocrx_word' id='word_1_73' title='bbox 920 929 969 950; x_wconf 87' lang='lat' dir='ltr'>sa-</span> 
     </span>
     <span class='ocr_line' id='line_1_16' title="bbox 270 973 971 1016; baseline -0.004 -11"><span class='ocrx_word' id='word_1_74' title='bbox 270 975 493 1007; x_wconf 86' lang='lat' dir='ltr'>lutationibus</span> <span class='ocrx_word' id='word_1_75' title='bbox 518 973 794 1016; x_wconf 82' lang='lat' dir='ltr'><strong>frequentabant,</strong></span> <span class='ocrx_word' id='word_1_76' title='bbox 818 977 855 1004; x_wconf 92' lang='lat' dir='ltr'>ut</span> <span class='ocrx_word' id='word_1_77' title='bbox 878 982 971 1013; x_wconf 88' lang='lat' dir='ltr'>spor-</span> 
     </span>
     <span class='ocr_line' id='line_1_17' title="bbox 274 1024 778 1056; baseline -0.004 0"><span class='ocrx_word' id='word_1_78' title='bbox 274 1026 380 1056; x_wconf 86' lang='lat' dir='ltr'>tulam</span> <span class='ocrx_word' id='word_1_79' title='bbox 397 1026 622 1056; x_wconf 82' lang='lat' dir='ltr'>lucrarentur.</span> <span class='ocrx_word' id='word_1_80' title='bbox 646 1024 778 1055; x_wconf 78' lang='lat' dir='ltr'>Salmas.</span> 
     </span>
    </p>

    <p class='ocr_par' dir='ltr' id='par_1_5' title="bbox 273 1074 971 1269">
     <span class='ocr_line' id='line_1_18' title="bbox 317 1074 971 1115; baseline -0.006 -7"><span class='ocrx_word' id='word_1_81' title='bbox 317 1077 423 1108; x_wconf 76' lang='lat' dir='ltr'>Emo.</span> <span class='ocrx_word' id='word_1_82' title='bbox 445 1085 575 1108; x_wconf 77' lang='lat' dir='ltr'><strong>cxxvr.</strong></span> <span class='ocrx_word' id='word_1_83' title='bbox 609 1079 624 1106; x_wconf 95' lang='lat' dir='ltr'>l</span> <span class='ocrx_word' id='word_1_84' title='bbox 650 1075 713 1106; x_wconf 82' lang='lat' dir='ltr'>Sed</span> <span class='ocrx_word' id='word_1_85' title='bbox 735 1084 795 1105; x_wconf 80' lang='lat' dir='ltr'>non</span> <span class='ocrx_word' id='word_1_86' title='bbox 820 1077 881 1113; x_wconf 77' lang='lat' dir='ltr'>est,</span> <span class='ocrx_word' id='word_1_87' title='bbox 902 1074 971 1115; x_wconf 48' lang='grc' dir='ltr'>ἐξα]</span> 
     </span>
     <span class='ocr_line' id='line_1_19' title="bbox 273 1124 971 1167; baseline -0.006 -9"><span class='ocrx_word' id='word_1_88' title='bbox 273 1127 431 1167; x_wconf 86' lang='lat' dir='ltr'><strong>Namque</strong></span> <span class='ocrx_word' id='word_1_89' title='bbox 456 1127 516 1157; x_wconf 89' lang='lat' dir='ltr'>hac</span> <span class='ocrx_word' id='word_1_90' title='bbox 539 1125 767 1157; x_wconf 80' lang='lat' dir='ltr'><strong>induebantur</strong></span> <span class='ocrx_word' id='word_1_91' title='bbox 784 1124 971 1165; x_wconf 80' lang='lat' dir='ltr'>opulentio-</span> 
     </span>
     <span class='ocr_line' id='line_1_20' title="bbox 273 1176 970 1218; baseline -0.003 -10"><span class='ocrx_word' id='word_1_92' title='bbox 273 1178 377 1209; x_wconf 89' lang='lat' dir='ltr'>resin</span> <span class='ocrx_word' id='word_1_93' title='bbox 399 1178 596 1218; x_wconf 85' lang='lat' dir='ltr'>gymnasiis,</span> <span class='ocrx_word' id='word_1_94' title='bbox 617 1181 656 1208; x_wconf 88' lang='lat' dir='ltr'>ut</span> <span class='ocrx_word' id='word_1_95' title='bbox 677 1176 810 1208; x_wconf 85' lang='lat' dir='ltr'><strong>abunde</strong></span> <span class='ocrx_word' id='word_1_96' title='bbox 831 1176 970 1214; x_wconf 85' lang='lat' dir='ltr'>dictum,</span> 
     </span>
     <span class='ocr_line' id='line_1_21' title="bbox 274 1229 586 1269; baseline -0.003 -9"><span class='ocrx_word' id='word_1_97' title='bbox 274 1229 394 1269; x_wconf 84' lang='lat' dir='ltr'>Epigr.</span> <span class='ocrx_word' id='word_1_98' title='bbox 410 1232 459 1260; x_wconf 88' lang='grc'>19.</span> <span class='ocrx_word' id='word_1_99' title='bbox 479 1229 538 1259; x_wconf 91' lang='lat' dir='ltr'>lib.</span> <span class='ocrx_word' id='word_1_100' title='bbox 553 1233 586 1260; x_wconf 86' lang='grc'>4.</span> 
     </span>
    </p>

    <p class='ocr_par' dir='ltr' id='par_1_6' title="bbox 270 1276 970 1469">
     <span class='ocr_line' id='line_1_22' title="bbox 317 1276 967 1312; baseline -0.006 -2"><span class='ocrx_word' id='word_1_101' title='bbox 317 1280 421 1311; x_wconf 76' lang='lat' dir='ltr'>Epio.</span> <span class='ocrx_word' id='word_1_102' title='bbox 437 1288 579 1310; x_wconf 73' lang='lat' dir='ltr'>cxxvii.</span> <span class='ocrx_word' id='word_1_103' title='bbox 612 1281 629 1309; x_wconf 86' lang='lat' dir='ltr'>l</span> <span class='ocrx_word' id='word_1_104' title='bbox 649 1278 729 1309; x_wconf 77' lang='lat' dir='ltr'>Haec</span> <span class='ocrx_word' id='word_1_105' title='bbox 750 1276 809 1307; x_wconf 80' lang='lat' dir='ltr'>tibi</span> <span class='ocrx_word' id='word_1_106' title='bbox 834 1276 967 1312; x_wconf 76' lang='lat' dir='ltr'>turbato,</span> 
     </span>
     <span class='ocr_line' id='line_1_23' title="bbox 270 1327 969 1371; baseline -0.009 -9"><span class='ocrx_word' id='word_1_107' title='bbox 270 1331 339 1371; x_wconf 53' lang='grc' dir='ltr'>ζα]</span> <span class='ocrx_word' id='word_1_108' title='bbox 374 1330 459 1361; x_wconf 83' lang='lat' dir='ltr'>Haec</span> <span class='ocrx_word' id='word_1_109' title='bbox 485 1329 618 1370; x_wconf 79' lang='lat' dir='ltr'>paenula</span> <span class='ocrx_word' id='word_1_110' title='bbox 642 1337 661 1359; x_wconf 90' lang='lat' dir='ltr'>e</span> <span class='ocrx_word' id='word_1_111' title='bbox 687 1329 764 1359; x_wconf 93' lang='lat' dir='ltr'>lana</span> <span class='ocrx_word' id='word_1_112' title='bbox 788 1327 969 1365; x_wconf 85' lang='lat' dir='ltr'>Canusina,</span> 
     </span>
     <span class='ocr_line' id='line_1_24' title="bbox 272 1377 970 1423; baseline -0.007 -11"><span class='ocrx_word' id='word_1_113' title='bbox 272 1391 347 1423; x_wconf 89' lang='lat' dir='ltr'><strong>quae</strong></span> <span class='ocrx_word' id='word_1_114' title='bbox 361 1379 488 1412; x_wconf 86' lang='lat' dir='ltr'>subrufi</span> <span class='ocrx_word' id='word_1_115' title='bbox 500 1384 535 1410; x_wconf 87' lang='lat' dir='ltr'>et</span> <span class='ocrx_word' id='word_1_116' title='bbox 547 1379 654 1410; x_wconf 88' lang='lat' dir='ltr'>mulso</span> <span class='ocrx_word' id='word_1_117' title='bbox 667 1388 730 1409; x_wconf 90' lang='lat' dir='ltr'>non</span> <span class='ocrx_word' id='word_1_118' title='bbox 745 1377 906 1408; x_wconf 86' lang='lat' dir='ltr'>absimilis</span> <span class='ocrx_word' id='word_1_119' title='bbox 918 1382 970 1408; x_wconf 87' lang='lat' dir='ltr'>est</span> 
     </span>
     <span class='ocr_line' id='line_1_25' title="bbox 274 1431 692 1469; baseline -0.01 -6"><span class='ocrx_word' id='word_1_120' title='bbox 274 1432 415 1463; x_wconf 87' lang='lat' dir='ltr'>coloris:</span> <span class='ocrx_word' id='word_1_121' title='bbox 440 1440 517 1461; x_wconf 85' lang='lat' dir='ltr'>mox</span> <span class='ocrx_word' id='word_1_122' title='bbox 535 1431 602 1469; x_wconf 89' lang='lat' dir='ltr'>Ep.</span> <span class='ocrx_word' id='word_1_123' title='bbox 619 1431 692 1460; x_wconf 85' lang='lat'><strong>129.</strong></span> 
     </span>
    </p>

    <p class='ocr_par' dir='ltr' id='par_1_7' title="bbox 273 1476 968 1614">
     <span class='ocr_line' id='line_1_26' title="bbox 315 1476 968 1521; baseline -0.009 -8"><span class='ocrx_word' id='word_1_124' title='bbox 315 1485 335 1513; x_wconf 81' lang='lat'><strong>2</strong></span> <span class='ocrx_word' id='word_1_125' title='bbox 360 1482 433 1512; x_wconf 87' lang='lat' dir='ltr'>Non</span> <span class='ocrx_word' id='word_1_126' title='bbox 458 1481 519 1511; x_wconf 80' lang='lat' dir='ltr'>cito</span> <span class='ocrx_word' id='word_1_127' title='bbox 533 1479 595 1521; x_wconf 83' lang='lat' dir='ltr'>fiet</span> <span class='ocrx_word' id='word_1_128' title='bbox 617 1477 709 1518; x_wconf 76' lang='lat' dir='ltr'>anus]</span> <span class='ocrx_word' id='word_1_129' title='bbox 733 1478 810 1508; x_wconf 87' lang='lat' dir='ltr'>Non</span> <span class='ocrx_word' id='word_1_130' title='bbox 827 1476 895 1508; x_wconf 87' lang='lat' dir='ltr'>cito</span> <span class='ocrx_word' id='word_1_131' title='bbox 911 1476 968 1507; x_wconf 88' lang='lat' dir='ltr'>de-</span> 
     </span>
     <span class='ocr_line' id='line_1_27' title="bbox 274 1528 968 1570; baseline -0.007 -7"><span class='ocrx_word' id='word_1_132' title='bbox 274 1537 420 1570; x_wconf 84' lang='lat' dir='ltr'>teretur‚</span> <span class='ocrx_word' id='word_1_133' title='bbox 435 1531 571 1562; x_wconf 82' lang='lat' dir='ltr'>durabit</span> <span class='ocrx_word' id='word_1_134' title='bbox 589 1529 659 1560; x_wconf 90' lang='lat' dir='ltr'>diu.</span> <span class='ocrx_word' id='word_1_135' title='bbox 682 1528 769 1559; x_wconf 89' lang='lat' dir='ltr'>Vide</span> <span class='ocrx_word' id='word_1_136' title='bbox 786 1528 903 1569; x_wconf 88' lang='lat' dir='ltr'>Epigr.</span> <span class='ocrx_word' id='word_1_137' title='bbox 915 1530 968 1559; x_wconf 68' lang='lat'>⁴0.</span> 
     </span>
     <span class='ocr_line' id='line_1_28' title="bbox 273 1582 532 1614; baseline -0.008 -1"><span class='ocrx_word' id='word_1_138' title='bbox 273 1582 332 1614; x_wconf 85' lang='lat' dir='ltr'>lib.</span> <span class='ocrx_word' id='word_1_139' title='bbox 350 1585 379 1613; x_wconf 91' lang='lat' dir='ltr'>l.</span> <span class='ocrx_word' id='word_1_140' title='bbox 398 1590 485 1612; x_wconf 86' lang='lat' dir='ltr'><strong>vers.</strong></span> <span class='ocrx_word' id='word_1_141' title='bbox 502 1583 532 1611; x_wconf 81' lang='lat'>2.</span> 
     </span>
    </p>

    <p class='ocr_par' dir='ltr' id='par_1_8' title="bbox 274 1627 969 1724">
     <span class='ocr_line' id='line_1_29' title="bbox 316 1627 969 1668; baseline -0.009 -5"><span class='ocrx_word' id='word_1_142' title='bbox 316 1632 421 1663; x_wconf 71' lang='lat' dir='ltr'>Eme.</span> <span class='ocrx_word' id='word_1_143' title='bbox 446 1638 606 1661; x_wconf 79' lang='lat' dir='ltr'>cxxvm.</span> <span class='ocrx_word' id='word_1_144' title='bbox 643 1632 659 1660; x_wconf 93' lang='lat'>1</span> <span class='ocrx_word' id='word_1_145' title='bbox 691 1628 871 1668; x_wconf 80' lang='lat' dir='ltr'>Santonico,</span> <span class='ocrx_word' id='word_1_146' title='bbox 898 1627 969 1668; x_wconf 53' lang='grc' dir='ltr'>ξω]</span> 
     </span>
     <span class='ocr_line' id='line_1_30' title="bbox 274 1681 730 1724; baseline -0.011 -10"><span class='ocrx_word' id='word_1_147' title='bbox 274 1683 392 1724; x_wconf 86' lang='lat' dir='ltr'>Epigr.</span> <span class='ocrx_word' id='word_1_148' title='bbox 410 1684 462 1713; x_wconf 74' lang='lat'>54.</span> <span class='ocrx_word' id='word_1_149' title='bbox 477 1681 534 1712; x_wconf 87' lang='lat' dir='ltr'>lib.</span> <span class='ocrx_word' id='word_1_150' title='bbox 550 1683 579 1711; x_wconf 91' lang='lat'>1.</span> <span class='ocrx_word' id='word_1_151' title='bbox 597 1688 685 1710; x_wconf 84' lang='lat' dir='ltr'><strong>vers.</strong></span> <span class='ocrx_word' id='word_1_152' title='bbox 699 1681 730 1709; x_wconf 90' lang='lat'>5.</span> 
     </span>
    </p>

    <p class='ocr_par' dir='ltr' id='par_1_9' title="bbox 272 1728 973 2026">
     <span class='ocr_line' id='line_1_31' title="bbox 314 1728 969 1772; baseline -0.008 -7"><span class='ocrx_word' id='word_1_153' title='bbox 314 1736 334 1765; x_wconf 83' lang='lat'>2</span> <span class='ocrx_word' id='word_1_154' title='bbox 359 1732 654 1772; x_wconf 80' lang='lat' dir='ltr'><strong>Cercopithecorum,</strong></span> <span class='ocrx_word' id='word_1_155' title='bbox 675 1728 745 1769; x_wconf 57' lang='lat' dir='ltr'>Brea]</span> <span class='ocrx_word' id='word_1_156' title='bbox 778 1728 877 1762; x_wconf 83' lang='lat' dir='ltr'>Quod</span> <span class='ocrx_word' id='word_1_157' title='bbox 893 1739 969 1760; x_wconf 89' lang='lat' dir='ltr'>cum</span> 
     </span>
     <span class='ocr_line' id='line_1_32' title="bbox 273 1780 971 1824; baseline -0.009 -8"><span class='ocrx_word' id='word_1_158' title='bbox 273 1785 375 1816; x_wconf 87' lang='lat' dir='ltr'>breve</span> <span class='ocrx_word' id='word_1_159' title='bbox 403 1791 506 1824; x_wconf 81' lang='lat' dir='ltr'>genus</span> <span class='ocrx_word' id='word_1_160' title='bbox 535 1780 637 1812; x_wconf 84' lang='lat' dir='ltr'>vestis</span> <span class='ocrx_word' id='word_1_161' title='bbox 660 1781 716 1819; x_wconf 88' lang='lat' dir='ltr'>sit,</span> <span class='ocrx_word' id='word_1_162' title='bbox 743 1784 780 1811; x_wconf 85' lang='lat' dir='ltr'>ut</span> <span class='ocrx_word' id='word_1_163' title='bbox 806 1784 904 1820; x_wconf 85' lang='lat' dir='ltr'>patet</span> <span class='ocrx_word' id='word_1_164' title='bbox 929 1788 971 1810; x_wconf 86' lang='lat' dir='ltr'>ex</span> 
     </span>
     <span class='ocr_line' id='line_1_33' title="bbox 273 1831 970 1874; baseline -0.009 -8"><span class='ocrx_word' id='word_1_165' title='bbox 273 1835 527 1874; x_wconf 79' lang='lat' dir='ltr'>Epigramuiate</span> <span class='ocrx_word' id='word_1_166' title='bbox 542 1834 593 1863; x_wconf 84' lang='lat'>93.</span> <span class='ocrx_word' id='word_1_167' title='bbox 615 1831 674 1862; x_wconf 88' lang='lat' dir='ltr'>lib.</span> <span class='ocrx_word' id='word_1_168' title='bbox 690 1833 720 1861; x_wconf 83' lang='lat'>1.</span> <span class='ocrx_word' id='word_1_169' title='bbox 738 1839 825 1861; x_wconf 90' lang='lat' dir='ltr'><strong>vers.</strong></span> <span class='ocrx_word' id='word_1_170' title='bbox 842 1833 873 1862; x_wconf 89' lang='grc'>8.</span> <span class='ocrx_word' id='word_1_171' title='bbox 900 1839 970 1870; x_wconf 85' lang='lat' dir='ltr'><strong>prae</strong></span> 
     </span>
     <span class='ocr_line' id='line_1_34' title="bbox 272 1881 973 1923; baseline -0.009 -6"><span class='ocrx_word' id='word_1_172' title='bbox 272 1894 308 1917; x_wconf 81' lang='lat' dir='ltr'>se</span> <span class='ocrx_word' id='word_1_173' title='bbox 323 1884 389 1916; x_wconf 86' lang='lat' dir='ltr'>fert</span> <span class='ocrx_word' id='word_1_174' title='bbox 404 1885 555 1915; x_wconf 82' lang='lat' dir='ltr'>tunicam</span> <span class='ocrx_word' id='word_1_175' title='bbox 580 1892 646 1923; x_wconf 89' lang='lat' dir='ltr'>qua</span> <span class='ocrx_word' id='word_1_176' title='bbox 669 1881 841 1912; x_wconf 84' lang='lat' dir='ltr'>amicimus</span> <span class='ocrx_word' id='word_1_177' title='bbox 862 1881 973 1912; x_wconf 84' lang='lat' dir='ltr'>simias</span> 
     </span>
     <span class='ocr_line' id='line_1_35' title="bbox 275 1931 971 1974; baseline -0.006 -9"><span class='ocrx_word' id='word_1_178' title='bbox 275 1936 330 1967; x_wconf 84' lang='lat' dir='ltr'>vel</span> <span class='ocrx_word' id='word_1_179' title='bbox 371 1932 613 1974; x_wconf 80' lang='grc' dir='ltr'>κερκσπιθὴκους,</span> <span class='ocrx_word' id='word_1_180' title='bbox 657 1931 769 1962; x_wconf 83' lang='lat' dir='ltr'>simias</span> <span class='ocrx_word' id='word_1_181' title='bbox 807 1931 971 1962; x_wconf 78' lang='lat' dir='ltr'>caudatas</span> 
     </span>
     <span class='ocr_line' id='line_1_36' title="bbox 275 1983 462 2026; baseline -0.016 -10"><span class='ocrx_word' id='word_1_182' title='bbox 275 1983 462 2026; x_wconf 73' lang='lat' dir='ltr'>(monkeys).</span> 
     </span>
    </p>

    <p class='ocr_par' dir='ltr' id='par_1_10' title="bbox 276 2030 971 2126">
     <span class='ocr_line' id='line_1_37' title="bbox 319 2030 971 2071; baseline -0.003 -6"><span class='ocrx_word' id='word_1_183' title='bbox 319 2035 423 2066; x_wconf 72' lang='lat' dir='ltr'>Eme.</span> <span class='ocrx_word' id='word_1_184' title='bbox 436 2041 564 2064; x_wconf 78' lang='lat' dir='ltr'>cxx1x.</span> <span class='ocrx_word' id='word_1_185' title='bbox 583 2032 746 2062; x_wconf 67' lang='grc' dir='ltr'><em>Οαηαεὶηα»</em></span> <span class='ocrx_word' id='word_1_186' title='bbox 756 2030 854 2071; x_wconf 67' lang='lat' dir='ltr'><strong>ruffe]</strong></span> <span class='ocrx_word' id='word_1_187' title='bbox 866 2032 971 2063; x_wconf 87' lang='lat' dir='ltr'>Modo</span> 
     </span>
     <span class='ocr_line' id='line_1_38' title="bbox 276 2086 484 2126; baseline -0.019 -9"><span class='ocrx_word' id='word_1_188' title='bbox 276 2086 395 2126; x_wconf 84' lang='lat' dir='ltr'>Epigr.</span> <span class='ocrx_word' id='word_1_189' title='bbox 414 2086 484 2114; x_wconf 77' lang='grc'><strong>127.</strong></span> 
     </span>
    </p>

    <p class='ocr_par' dir='ltr' id='par_1_11' title="bbox 273 2131 972 2781">
     <span class='ocr_line' id='line_1_39' title="bbox 319 2131 971 2172; baseline -0.006 -6"><span class='ocrx_word' id='word_1_190' title='bbox 319 2138 335 2166; x_wconf 90' lang='lat' dir='ltr'>l</span> <span class='ocrx_word' id='word_1_191' title='bbox 361 2135 460 2165; x_wconf 81' lang='lat' dir='ltr'>Roma</span> <span class='ocrx_word' id='word_1_192' title='bbox 475 2133 586 2172; x_wconf 44' lang='lat' dir='ltr'>magi&amp;</span> <span class='ocrx_word' id='word_1_193' title='bbox 598 2131 667 2171; x_wconf 59' lang='lat' dir='ltr'>elya]</span> <span class='ocrx_word' id='word_1_194' title='bbox 686 2131 831 2164; x_wconf 82' lang='lat' dir='ltr'><strong>Quidam</strong></span> <span class='ocrx_word' id='word_1_195' title='bbox 844 2132 906 2162; x_wconf 91' lang='lat' dir='ltr'>hoc</span> <span class='ocrx_word' id='word_1_196' title='bbox 924 2133 971 2163; x_wconf 89' lang='lat' dir='ltr'>iu-</span> 
     </span>
     <span class='ocr_line' id='line_1_40' title="bbox 273 2184 971 2228; baseline -0.007 -8"><span class='ocrx_word' id='word_1_197' title='bbox 273 2188 432 2228; x_wconf 84' lang='lat' dir='ltr'>telliguut</span> <span class='ocrx_word' id='word_1_198' title='bbox 449 2186 572 2227; x_wconf 88' lang='lat' dir='ltr'>partim</span> <span class='ocrx_word' id='word_1_199' title='bbox 589 2184 632 2215; x_wconf 90' lang='lat' dir='ltr'>de</span> <span class='ocrx_word' id='word_1_200' title='bbox 649 2184 770 2216; x_wconf 83' lang='lat' dir='ltr'>tunicis</span> <span class='ocrx_word' id='word_1_201' title='bbox 786 2184 888 2214; x_wconf 84' lang='lat' dir='ltr'>russis</span> <span class='ocrx_word' id='word_1_202' title='bbox 909 2185 971 2216; x_wconf 90' lang='lat' dir='ltr'>Ca-</span> 
     </span>
     <span class='ocr_line' id='line_1_41' title="bbox 274 2235 971 2279; baseline -0.004 -9"><span class='ocrx_word' id='word_1_203' title='bbox 274 2240 415 2275; x_wconf 67' lang='lat' dir='ltr'>niminis,</span> <span class='ocrx_word' id='word_1_204' title='bbox 431 2248 504 2279; x_wconf 82' lang='lat' dir='ltr'><strong>quae</strong></span> <span class='ocrx_word' id='word_1_205' title='bbox 521 2236 627 2267; x_wconf 85' lang='lat' dir='ltr'>servis</span> <span class='ocrx_word' id='word_1_206' title='bbox 641 2241 676 2267; x_wconf 90' lang='lat' dir='ltr'>et</span> <span class='ocrx_word' id='word_1_207' title='bbox 688 2235 851 2267; x_wconf 82' lang='lat' dir='ltr'>militibus</span> <span class='ocrx_word' id='word_1_208' title='bbox 864 2236 898 2266; x_wconf 89' lang='lat' dir='ltr'>in</span> <span class='ocrx_word' id='word_1_209' title='bbox 911 2245 971 2267; x_wconf 89' lang='lat' dir='ltr'>usu</span> 
     </span>
     <span class='ocr_line' id='line_1_42' title="bbox 274 2286 971 2329; baseline -0.006 -7"><span class='ocrx_word' id='word_1_210' title='bbox 274 2291 426 2329; x_wconf 78' lang='lat' dir='ltr'>fuerunt,</span> <span class='ocrx_word' id='word_1_211' title='bbox 452 2288 573 2329; x_wconf 83' lang='lat' dir='ltr'>partim</span> <span class='ocrx_word' id='word_1_212' title='bbox 600 2287 643 2318; x_wconf 89' lang='lat' dir='ltr'>de</span> <span class='ocrx_word' id='word_1_213' title='bbox 674 2286 837 2327; x_wconf 86' lang='lat' dir='ltr'>paenulis:</span> <span class='ocrx_word' id='word_1_214' title='bbox 869 2296 971 2328; x_wconf 90' lang='lat' dir='ltr'>quum</span> 
     </span>
     <span class='ocr_line' id='line_1_43' title="bbox 275 2336 969 2380; baseline -0.006 -8"><span class='ocrx_word' id='word_1_215' title='bbox 275 2341 368 2372; x_wconf 86' lang='lat' dir='ltr'>nullo</span> <span class='ocrx_word' id='word_1_216' title='bbox 393 2344 493 2380; x_wconf 87' lang='lat' dir='ltr'>pacto</span> <span class='ocrx_word' id='word_1_217' title='bbox 517 2339 558 2368; x_wconf 89' lang='lat' dir='ltr'>de</span> <span class='ocrx_word' id='word_1_218' title='bbox 582 2338 703 2368; x_wconf 87' lang='lat' dir='ltr'>tunicis</span> <span class='ocrx_word' id='word_1_219' title='bbox 731 2336 898 2368; x_wconf 84' lang='lat' dir='ltr'>Martialis</span> <span class='ocrx_word' id='word_1_220' title='bbox 923 2338 969 2368; x_wconf 91' lang='lat' dir='ltr'>lo-</span> 
     </span>
     <span class='ocr_line' id='line_1_44' title="bbox 277 2387 970 2432; baseline -0.006 -10"><span class='ocrx_word' id='word_1_221' title='bbox 277 2396 410 2432; x_wconf 83' lang='lat' dir='ltr'><strong>quatur,</strong></span> <span class='ocrx_word' id='word_1_222' title='bbox 435 2389 494 2420; x_wconf 79' lang='lat' dir='ltr'>sed</span> <span class='ocrx_word' id='word_1_223' title='bbox 516 2394 646 2420; x_wconf 81' lang='lat' dir='ltr'>tantum</span> <span class='ocrx_word' id='word_1_224' title='bbox 663 2388 704 2419; x_wconf 89' lang='lat' dir='ltr'>de</span> <span class='ocrx_word' id='word_1_225' title='bbox 723 2388 863 2428; x_wconf 61' lang='lat' dir='ltr'>paenulis</span> <span class='ocrx_word' id='word_1_226' title='bbox 878 2387 970 2427; x_wconf 85' lang='lat' dir='ltr'><strong>rufis,</strong></span> 
     </span>
     <span class='ocr_line' id='line_1_45' title="bbox 275 2438 972 2479; baseline -0.006 -6"><span class='ocrx_word' id='word_1_227' title='bbox 275 2447 312 2472; x_wconf 94' lang='lat' dir='ltr'>ut</span> <span class='ocrx_word' id='word_1_228' title='bbox 326 2442 444 2472; x_wconf 82' lang='lat' dir='ltr'>titulus</span> <span class='ocrx_word' id='word_1_229' title='bbox 458 2439 595 2470; x_wconf 80' lang='lat' dir='ltr'>indicat.</span> <span class='ocrx_word' id='word_1_230' title='bbox 627 2440 711 2470; x_wconf 89' lang='lat' dir='ltr'>Cum</span> <span class='ocrx_word' id='word_1_231' title='bbox 729 2444 896 2479; x_wconf 58' lang='lat' dir='ltr'>praeterea</span> <span class='ocrx_word' id='word_1_232' title='bbox 909 2438 972 2469; x_wconf 91' lang='lat' dir='ltr'>dis-</span> 
     </span>
     <span class='ocr_line' id='line_1_46' title="bbox 275 2487 970 2523; baseline -0.004 -1"><span class='ocrx_word' id='word_1_233' title='bbox 275 2491 402 2523; x_wconf 83' lang='lat' dir='ltr'><strong>crimen</strong></span> <span class='ocrx_word' id='word_1_234' title='bbox 426 2489 532 2520; x_wconf 84' lang='lat' dir='ltr'>fuerit</span> <span class='ocrx_word' id='word_1_235' title='bbox 548 2489 635 2519; x_wconf 80' lang='lat' dir='ltr'>inter</span> <span class='ocrx_word' id='word_1_236' title='bbox 647 2488 791 2519; x_wconf 83' lang='lat' dir='ltr'>colorem</span> <span class='ocrx_word' id='word_1_237' title='bbox 807 2487 918 2519; x_wconf 89' lang='lat' dir='ltr'>rufum</span> <span class='ocrx_word' id='word_1_238' title='bbox 934 2492 970 2519; x_wconf 86' lang='lat' dir='ltr'>et</span> 
     </span>
     <span class='ocr_line' id='line_1_47' title="bbox 276 2538 968 2579; baseline -0.006 -6"><span class='ocrx_word' id='word_1_239' title='bbox 276 2551 418 2573; x_wconf 85' lang='lat' dir='ltr'>russum.</span> <span class='ocrx_word' id='word_1_240' title='bbox 452 2540 576 2571; x_wconf 80' lang='lat' dir='ltr'><strong>Fcrrar.</strong></span> <span class='ocrx_word' id='word_1_241' title='bbox 636 2539 734 2569; x_wconf 73' lang='lat' dir='ltr'>Roma</span> <span class='ocrx_word' id='word_1_242' title='bbox 759 2540 870 2577; x_wconf 80' lang='lat' dir='ltr'>magis,</span> <span class='ocrx_word' id='word_1_243' title='bbox 899 2538 968 2579; x_wconf 51' lang='lat' dir='ltr'>fita]</span> 
     </span>
     <span class='ocr_line' id='line_1_48' title="bbox 275 2590 970 2630; baseline -0.003 -8"><span class='ocrx_word' id='word_1_244' title='bbox 275 2590 438 2630; x_wconf 79' lang='lat' dir='ltr'>Intellige</span> <span class='ocrx_word' id='word_1_245' title='bbox 470 2590 602 2620; x_wconf 84' lang='lat' dir='ltr'>tunicas</span> <span class='ocrx_word' id='word_1_246' title='bbox 637 2598 747 2619; x_wconf 75' lang='lat' dir='ltr'>russas</span> <span class='ocrx_word' id='word_1_247' title='bbox 782 2590 970 2630; x_wconf 86' lang='lat' dir='ltr'>cauusiuas,</span> 
     </span>
     <span class='ocr_line' id='line_1_49' title="bbox 278 2639 966 2682; baseline 0 -11"><span class='ocrx_word' id='word_1_248' title='bbox 278 2651 352 2682; x_wconf 83' lang='lat' dir='ltr'><strong>quae</strong></span> <span class='ocrx_word' id='word_1_249' title='bbox 370 2640 472 2670; x_wconf 84' lang='lat' dir='ltr'>servis</span> <span class='ocrx_word' id='word_1_250' title='bbox 489 2644 524 2670; x_wconf 90' lang='lat' dir='ltr'>et</span> <span class='ocrx_word' id='word_1_251' title='bbox 541 2639 703 2670; x_wconf 80' lang='lat' dir='ltr'>militibus</span> <span class='ocrx_word' id='word_1_252' title='bbox 726 2639 757 2668; x_wconf 92' lang='lat' dir='ltr'>iu</span> <span class='ocrx_word' id='word_1_253' title='bbox 774 2648 834 2669; x_wconf 86' lang='lat' dir='ltr'>usu</span> <span class='ocrx_word' id='word_1_254' title='bbox 850 2639 966 2671; x_wconf 82' lang='lat' dir='ltr'>fuere:</span> 
     </span>
     <span class='ocr_line' id='line_1_50' title="bbox 280 2689 970 2730; baseline -0.001 -9"><span class='ocrx_word' id='word_1_255' title='bbox 280 2692 333 2721; x_wconf 85' lang='lat' dir='ltr'>vel</span> <span class='ocrx_word' id='word_1_256' title='bbox 347 2696 438 2721; x_wconf 80' lang='lat' dir='ltr'>certe</span> <span class='ocrx_word' id='word_1_257' title='bbox 458 2691 606 2730; x_wconf 71' lang='lat' dir='ltr'>paululas</span> <span class='ocrx_word' id='word_1_258' title='bbox 622 2699 750 2720; x_wconf 64' lang='lat' dir='ltr'>russas:</span> <span class='ocrx_word' id='word_1_259' title='bbox 768 2689 841 2719; x_wconf 80' lang='lat' dir='ltr'>hinc</span> <span class='ocrx_word' id='word_1_260' title='bbox 859 2699 970 2729; x_wconf 81' lang='lat' dir='ltr'>paenu-</span> 
     </span>
     <span class='ocr_line' id='line_1_51' title="bbox 278 2741 971 2781; baseline -0.003 -6"><span class='ocrx_word' id='word_1_261' title='bbox 278 2744 339 2775; x_wconf 79' lang='lat' dir='ltr'>lati</span> <span class='ocrx_word' id='word_1_262' title='bbox 354 2742 454 2781; x_wconf 72' lang='lat' dir='ltr'>servi,</span> <span class='ocrx_word' id='word_1_263' title='bbox 472 2745 533 2772; x_wconf 59' lang='lat' dir='ltr'>Sec.</span> <span class='ocrx_word' id='word_1_264' title='bbox 570 2741 727 2772; x_wconf 62' lang='lat' dir='ltr'>‘Tunicae</span> <span class='ocrx_word' id='word_1_265' title='bbox 746 2743 872 2781; x_wconf 71' lang='lat' dir='ltr'>russfe,’</span> <span class='ocrx_word' id='word_1_266' title='bbox 894 2746 971 2773; x_wconf 82' lang='lat' dir='ltr'>sunt</span> 
     </span>
    </p>
   </div>
   <div class='ocr_carea' id='block_1_3' title="bbox 742 167 1264 198">
    <p class='ocr_par' dir='ltr' id='par_1_12' title="bbox 742 167 1264 198">
     <span class='ocr_line' id='line_1_52' title="bbox 742 167 1264 198; baseline -0.002 0"><span class='ocrx_word' id='word_1_267' title='bbox 742 169 882 198; x_wconf 86' lang='lat' dir='ltr'><strong>NO&#39;rAE</strong></span> <span class='ocrx_word' id='word_1_268' title='bbox 916 167 1179 198; x_wconf 75' lang='lat' dir='ltr'>VARIORUM</span> <span class='ocrx_word' id='word_1_269' title='bbox 1215 169 1264 198; x_wconf 73' lang='grc' dir='ltr'>ΙΝ</span> 
     </span>
    </p>
   </div>
   <div class='ocr_carea' id='block_1_4' title="bbox 1018 262 1721 2778">
    <p class='ocr_par' dir='ltr' id='par_1_13' title="bbox 1019 262 1721 852">
     <span class='ocr_line' id='line_1_53' title="bbox 1021 262 1716 304; baseline 0.003 -11"><span class='ocrx_word' id='word_1_270' title='bbox 1021 265 1150 302; x_wconf 77' lang='grc' dir='ltr'>φοινικοῖ</span> <span class='ocrx_word' id='word_1_271' title='bbox 1162 264 1299 302; x_wconf 75' lang='grc' dir='ltr'>χιτῶνες.</span> <span class='ocrx_word' id='word_1_272' title='bbox 1343 262 1548 295; x_wconf 81' lang='lat' dir='ltr'><strong>Plutarchus</strong></span> <span class='ocrx_word' id='word_1_273' title='bbox 1565 264 1636 295; x_wconf 84' lang='lat' dir='ltr'>illas</span> <span class='ocrx_word' id='word_1_274' title='bbox 1652 271 1716 304; x_wconf 81' lang='grc' dir='ltr'><em>φοι·</em></span> 
     </span>
     <span class='ocr_line' id='line_1_54' title="bbox 1019 312 1716 347; baseline 0.004 -4"><span class='ocrx_word' id='word_1_275' title='bbox 1019 314 1118 344; x_wconf 74' lang='grc' dir='ltr'>νικοῦς</span> <span class='ocrx_word' id='word_1_276' title='bbox 1135 312 1284 344; x_wconf 77' lang='grc' dir='ltr'>ὑποδύτας</span> <span class='ocrx_word' id='word_1_277' title='bbox 1300 319 1413 345; x_wconf 87' lang='lat' dir='ltr'>vocat.</span> <span class='ocrx_word' id='word_1_278' title='bbox 1450 314 1600 345; x_wconf 84' lang='lat' dir='ltr'>Isidorus</span> <span class='ocrx_word' id='word_1_279' title='bbox 1624 316 1632 332; x_wconf 88' lang='lat'>‘</span> <span class='ocrx_word' id='word_1_280' title='bbox 1647 326 1716 347; x_wconf 84' lang='lat' dir='ltr'><strong>rus·</strong></span> 
     </span>
     <span class='ocr_line' id='line_1_55' title="bbox 1019 364 1716 407; baseline 0.004 -13"><span class='ocrx_word' id='word_1_281' title='bbox 1019 364 1124 395; x_wconf 77' lang='lat' dir='ltr'>satas&#39;</span> <span class='ocrx_word' id='word_1_282' title='bbox 1144 370 1258 396; x_wconf 84' lang='lat' dir='ltr'>vocat:</span> <span class='ocrx_word' id='word_1_283' title='bbox 1277 364 1450 403; x_wconf 87' lang='lat' dir='ltr'>‘russata,&#39;</span> <span class='ocrx_word' id='word_1_284' title='bbox 1465 365 1586 406; x_wconf 88' lang='lat' dir='ltr'>inquit,</span> <span class='ocrx_word' id='word_1_285' title='bbox 1600 365 1716 407; x_wconf 85' lang='lat' dir='ltr'>‘quam</span> 
     </span>
     <span class='ocr_line' id='line_1_56' title="bbox 1020 415 1717 455; baseline 0.004 -10"><span class='ocrx_word' id='word_1_286' title='bbox 1020 415 1132 446; x_wconf 84' lang='lat' dir='ltr'>Graeci</span> <span class='ocrx_word' id='word_1_287' title='bbox 1149 415 1358 455; x_wconf 65' lang='lat' dir='ltr'>phoeniceam</span> <span class='ocrx_word' id='word_1_288' title='bbox 1375 420 1510 454; x_wconf 89' lang='lat' dir='ltr'>vocant,</span> <span class='ocrx_word' id='word_1_289' title='bbox 1534 425 1594 447; x_wconf 89' lang='lat' dir='ltr'>uos</span> <span class='ocrx_word' id='word_1_290' title='bbox 1610 417 1717 448; x_wconf 90' lang='lat' dir='ltr'>cocci-</span> 
     </span>
     <span class='ocr_line' id='line_1_57' title="bbox 1019 466 1715 507; baseline 0.004 -10"><span class='ocrx_word' id='word_1_291' title='bbox 1019 476 1116 497; x_wconf 87' lang='lat' dir='ltr'>nam:</span> <span class='ocrx_word' id='word_1_292' title='bbox 1141 472 1279 507; x_wconf 84' lang='lat' dir='ltr'>reperta</span> <span class='ocrx_word' id='word_1_293' title='bbox 1295 471 1348 498; x_wconf 90' lang='lat' dir='ltr'>est</span> <span class='ocrx_word' id='word_1_294' title='bbox 1361 476 1379 496; x_wconf 93' lang='lat' dir='ltr'>a</span> <span class='ocrx_word' id='word_1_295' title='bbox 1396 466 1662 499; x_wconf 75' lang='lat' dir='ltr'>Lacedaemoniis</span> <span class='ocrx_word' id='word_1_296' title='bbox 1675 469 1715 500; x_wconf 85' lang='lat' dir='ltr'>ad</span> 
     </span>
     <span class='ocr_line' id='line_1_58' title="bbox 1019 518 1715 559; baseline 0.003 -11"><span class='ocrx_word' id='word_1_297' title='bbox 1019 518 1197 548; x_wconf 82' lang='lat' dir='ltr'>celandum</span> <span class='ocrx_word' id='word_1_298' title='bbox 1216 518 1337 549; x_wconf 86' lang='lat' dir='ltr'>coloris</span> <span class='ocrx_word' id='word_1_299' title='bbox 1350 518 1568 548; x_wconf 83' lang='lat' dir='ltr'>similitudine</span> <span class='ocrx_word' id='word_1_300' title='bbox 1582 520 1715 559; x_wconf 86' lang='lat' dir='ltr'>sangui-</span> 
     </span>
     <span class='ocr_line' id='line_1_59' title="bbox 1019 568 1717 609; baseline 0.003 -11"><span class='ocrx_word' id='word_1_301' title='bbox 1019 578 1107 607; x_wconf 89' lang='lat' dir='ltr'>nem,</span> <span class='ocrx_word' id='word_1_302' title='bbox 1123 569 1279 609; x_wconf 85' lang='lat' dir='ltr'>quotiens</span> <span class='ocrx_word' id='word_1_303' title='bbox 1295 568 1367 608; x_wconf 85' lang='lat' dir='ltr'>quis</span> <span class='ocrx_word' id='word_1_304' title='bbox 1384 568 1416 598; x_wconf 93' lang='lat' dir='ltr'>in</span> <span class='ocrx_word' id='word_1_305' title='bbox 1438 568 1511 599; x_wconf 86' lang='lat' dir='ltr'>acie</span> <span class='ocrx_word' id='word_1_306' title='bbox 1528 569 1717 600; x_wconf 85' lang='lat' dir='ltr'>vulnerare-</span> 
     </span>
     <span class='ocr_line' id='line_1_60' title="bbox 1021 619 1718 660; baseline 0.001 -11"><span class='ocrx_word' id='word_1_307' title='bbox 1021 624 1089 658; x_wconf 90' lang='lat' dir='ltr'><strong>tur,</strong></span> <span class='ocrx_word' id='word_1_308' title='bbox 1114 629 1156 650; x_wconf 89' lang='lat' dir='ltr'>ne</span> <span class='ocrx_word' id='word_1_309' title='bbox 1178 619 1424 660; x_wconf 82' lang='lat' dir='ltr'>contemplanti</span> <span class='ocrx_word' id='word_1_310' title='bbox 1439 619 1631 650; x_wconf 88' lang='lat' dir='ltr'>adversario</span> <span class='ocrx_word' id='word_1_311' title='bbox 1651 620 1718 650; x_wconf 87' lang='lat' dir='ltr'>ani-</span> 
     </span>
     <span class='ocr_line' id='line_1_61' title="bbox 1019 669 1716 710; baseline 0.001 -11"><span class='ocrx_word' id='word_1_312' title='bbox 1019 679 1091 700; x_wconf 87' lang='lat' dir='ltr'>mus</span> <span class='ocrx_word' id='word_1_313' title='bbox 1109 669 1328 710; x_wconf 57' lang='lat' dir='ltr'>augesceret?</span> <span class='ocrx_word' id='word_1_314' title='bbox 1357 670 1508 700; x_wconf 88' lang='lat' dir='ltr'>Romana</span> <span class='ocrx_word' id='word_1_315' title='bbox 1522 679 1604 710; x_wconf 85' lang='lat' dir='ltr'>ergo</span> <span class='ocrx_word' id='word_1_316' title='bbox 1621 670 1716 710; x_wconf 82' lang='lat' dir='ltr'>plebs</span> 
     </span>
     <span class='ocr_line' id='line_1_62' title="bbox 1019 720 1719 763; baseline 0 -12"><span class='ocrx_word' id='word_1_317' title='bbox 1019 720 1122 753; x_wconf 86' lang='lat' dir='ltr'>fuscis</span> <span class='ocrx_word' id='word_1_318' title='bbox 1136 722 1276 763; x_wconf 84' lang='lat' dir='ltr'>paenulis</span> <span class='ocrx_word' id='word_1_319' title='bbox 1289 722 1343 752; x_wconf 91' lang='lat' dir='ltr'>vel</span> <span class='ocrx_word' id='word_1_320' title='bbox 1356 721 1502 752; x_wconf 87' lang='lat' dir='ltr'>lacernis</span> <span class='ocrx_word' id='word_1_321' title='bbox 1515 721 1587 752; x_wconf 89' lang='lat' dir='ltr'>ibat</span> <span class='ocrx_word' id='word_1_322' title='bbox 1600 721 1719 752; x_wconf 84' lang='lat' dir='ltr'>induta</span> 
     </span>
     <span class='ocr_line' id='line_1_63' title="bbox 1020 770 1721 811; baseline 0 -9"><span class='ocrx_word' id='word_1_323' title='bbox 1020 772 1137 811; x_wconf 84' lang='lat' dir='ltr'>vulgo:</span> <span class='ocrx_word' id='word_1_324' title='bbox 1152 772 1277 802; x_wconf 83' lang='lat' dir='ltr'>milites</span> <span class='ocrx_word' id='word_1_325' title='bbox 1289 781 1366 802; x_wconf 89' lang='lat' dir='ltr'>vero</span> <span class='ocrx_word' id='word_1_326' title='bbox 1377 776 1411 802; x_wconf 91' lang='lat' dir='ltr'>et</span> <span class='ocrx_word' id='word_1_327' title='bbox 1422 770 1538 802; x_wconf 88' lang='lat' dir='ltr'>famuli</span> <span class='ocrx_word' id='word_1_328' title='bbox 1548 772 1721 809; x_wconf 84' lang='lat' dir='ltr'>lautiores,</span> 
     </span>
     <span class='ocr_line' id='line_1_64' title="bbox 1019 821 1291 852; baseline 0.007 -2"><span class='ocrx_word' id='word_1_329' title='bbox 1019 821 1134 852; x_wconf 85' lang='lat' dir='ltr'>russis.</span> <span class='ocrx_word' id='word_1_330' title='bbox 1159 821 1291 852; x_wconf 76' lang='lat' dir='ltr'>Salmas.</span> 
     </span>
    </p>

    <p class='ocr_par' dir='ltr' id='par_1_14' title="bbox 1019 870 1719 1012">
     <span class='ocr_line' id='line_1_65' title="bbox 1063 870 1719 910; baseline -0.002 -8"><span class='ocrx_word' id='word_1_331' title='bbox 1063 872 1168 902; x_wconf 73' lang='lat' dir='ltr'>Eme.</span> <span class='ocrx_word' id='word_1_332' title='bbox 1184 880 1298 903; x_wconf 83' lang='lat' dir='ltr'><strong>cxxx.</strong></span> <span class='ocrx_word' id='word_1_333' title='bbox 1321 874 1337 902; x_wconf 95' lang='lat' dir='ltr'>l</span> <span class='ocrx_word' id='word_1_334' title='bbox 1352 871 1547 910; x_wconf 78' lang='lat' dir='ltr'><strong>Ingrediare,</strong></span> <span class='ocrx_word' id='word_1_335' title='bbox 1561 870 1632 910; x_wconf 59' lang='grc' dir='ltr'>δῖα]</span> <span class='ocrx_word' id='word_1_336' title='bbox 1650 870 1719 901; x_wconf 88' lang='lat' dir='ltr'>Ha-</span> 
     </span>
     <span class='ocr_line' id='line_1_66' title="bbox 1020 920 1717 962; baseline 0 -11"><span class='ocrx_word' id='word_1_337' title='bbox 1020 921 1101 952; x_wconf 87' lang='lat' dir='ltr'>beas</span> <span class='ocrx_word' id='word_1_338' title='bbox 1123 926 1235 953; x_wconf 85' lang='lat' dir='ltr'>tecum</span> <span class='ocrx_word' id='word_1_339' title='bbox 1259 921 1427 962; x_wconf 81' lang='lat' dir='ltr'>paenulam</span> <span class='ocrx_word' id='word_1_340' title='bbox 1453 930 1471 951; x_wconf 86' lang='lat' dir='ltr'>e</span> <span class='ocrx_word' id='word_1_341' title='bbox 1496 920 1640 960; x_wconf 89' lang='lat' dir='ltr'>pellibus</span> <span class='ocrx_word' id='word_1_342' title='bbox 1659 930 1717 951; x_wconf 83' lang='lat' dir='ltr'>seu</span> 
     </span>
     <span class='ocr_line' id='line_1_67' title="bbox 1019 971 1507 1012; baseline -0.006 -9"><span class='ocrx_word' id='word_1_343' title='bbox 1019 972 1111 1003; x_wconf 88' lang='lat' dir='ltr'>corio</span> <span class='ocrx_word' id='word_1_344' title='bbox 1125 973 1166 1003; x_wconf 92' lang='lat' dir='ltr'>ad</span> <span class='ocrx_word' id='word_1_345' title='bbox 1183 972 1346 1003; x_wconf 86' lang='lat' dir='ltr'>arcendas</span> <span class='ocrx_word' id='word_1_346' title='bbox 1363 971 1507 1012; x_wconf 77' lang='lat' dir='ltr'>pluvias,</span> 
     </span>
    </p>

    <p class='ocr_par' dir='ltr' id='par_1_15' title="bbox 1018 1020 1720 1966">
     <span class='ocr_line' id='line_1_68' title="bbox 1061 1020 1718 1063; baseline -0.006 -9"><span class='ocrx_word' id='word_1_347' title='bbox 1061 1025 1082 1054; x_wconf 82' lang='lat'>2</span> <span class='ocrx_word' id='word_1_348' title='bbox 1104 1023 1156 1054; x_wconf 84' lang='lat' dir='ltr'>Ad</span> <span class='ocrx_word' id='word_1_349' title='bbox 1171 1023 1300 1061; x_wconf 81' lang='lat' dir='ltr'>subitas,</span> <span class='ocrx_word' id='word_1_350' title='bbox 1316 1023 1382 1063; x_wconf 59' lang='lat' dir='ltr'>Era]</span> <span class='ocrx_word' id='word_1_351' title='bbox 1404 1022 1538 1052; x_wconf 83' lang='lat' dir='ltr'><strong>Praeter</strong></span> <span class='ocrx_word' id='word_1_352' title='bbox 1552 1020 1609 1052; x_wconf 84' lang='lat' dir='ltr'>has</span> <span class='ocrx_word' id='word_1_353' title='bbox 1624 1020 1718 1051; x_wconf 82' lang='lat' dir='ltr'>fuere</span> 
     </span>
     <span class='ocr_line' id='line_1_69' title="bbox 1020 1070 1719 1115; baseline -0.006 -9"><span class='ocrx_word' id='word_1_354' title='bbox 1020 1079 1055 1105; x_wconf 84' lang='lat' dir='ltr'>et</span> <span class='ocrx_word' id='word_1_355' title='bbox 1070 1076 1212 1115; x_wconf 79' lang='lat' dir='ltr'>paenulae</span> <span class='ocrx_word' id='word_1_356' title='bbox 1236 1074 1421 1115; x_wconf 84' lang='lat' dir='ltr'>hyemales,</span> <span class='ocrx_word' id='word_1_357' title='bbox 1444 1070 1589 1111; x_wconf 79' lang='grc' dir='ltr'>χειμάδας</span> <span class='ocrx_word' id='word_1_358' title='bbox 1605 1072 1719 1103; x_wconf 79' lang='lat' dir='ltr'>Graeci</span> 
     </span>
     <span class='ocr_line' id='line_1_70' title="bbox 1019 1122 1719 1167; baseline -0.007 -11"><span class='ocrx_word' id='word_1_359' title='bbox 1019 1125 1160 1156; x_wconf 84' lang='lat' dir='ltr'>dicunt:</span> <span class='ocrx_word' id='word_1_360' title='bbox 1187 1135 1262 1167; x_wconf 87' lang='lat' dir='ltr'><strong>quae</strong></span> <span class='ocrx_word' id='word_1_361' title='bbox 1288 1123 1426 1166; x_wconf 87' lang='lat' dir='ltr'>quidem</span> <span class='ocrx_word' id='word_1_362' title='bbox 1441 1123 1569 1154; x_wconf 84' lang='lat' dir='ltr'>fiebant</span> <span class='ocrx_word' id='word_1_363' title='bbox 1585 1131 1626 1152; x_wconf 88' lang='lat' dir='ltr'>ex</span> <span class='ocrx_word' id='word_1_364' title='bbox 1644 1122 1719 1152; x_wconf 82' lang='lat' dir='ltr'>lana</span> 
     </span>
     <span class='ocr_line' id='line_1_71' title="bbox 1021 1173 1716 1217; baseline -0.007 -10"><span class='ocrx_word' id='word_1_365' title='bbox 1021 1176 1157 1217; x_wconf 82' lang='lat' dir='ltr'>Appula</span> <span class='ocrx_word' id='word_1_366' title='bbox 1187 1176 1272 1207; x_wconf 90' lang='lat' dir='ltr'>miro</span> <span class='ocrx_word' id='word_1_367' title='bbox 1306 1174 1463 1214; x_wconf 86' lang='lat' dir='ltr'>caudore,</span> <span class='ocrx_word' id='word_1_368' title='bbox 1499 1177 1534 1204; x_wconf 93' lang='lat' dir='ltr'>et</span> <span class='ocrx_word' id='word_1_369' title='bbox 1564 1173 1716 1203; x_wconf 88' lang='lat' dir='ltr'>villorum</span> 
     </span>
     <span class='ocr_line' id='line_1_72' title="bbox 1019 1223 1717 1267; baseline -0.009 -9"><span class='ocrx_word' id='word_1_370' title='bbox 1019 1227 1129 1267; x_wconf 83' lang='lat' dir='ltr'>gratia</span> <span class='ocrx_word' id='word_1_371' title='bbox 1145 1226 1404 1263; x_wconf 70' lang='lat' dir='ltr'>commendatae,</span> <span class='ocrx_word' id='word_1_372' title='bbox 1428 1230 1464 1256; x_wconf 89' lang='lat' dir='ltr'>et</span> <span class='ocrx_word' id='word_1_373' title='bbox 1488 1223 1621 1262; x_wconf 85' lang='lat' dir='ltr'>frigoris</span> <span class='ocrx_word' id='word_1_374' title='bbox 1644 1227 1717 1253; x_wconf 88' lang='lat' dir='ltr'>tan-</span> 
     </span>
     <span class='ocr_line' id='line_1_73' title="bbox 1018 1272 1717 1314; baseline -0.007 -7"><span class='ocrx_word' id='word_1_375' title='bbox 1018 1282 1089 1307; x_wconf 87' lang='lat' dir='ltr'>tum</span> <span class='ocrx_word' id='word_1_376' title='bbox 1111 1286 1212 1307; x_wconf 90' lang='lat' dir='ltr'>causa</span> <span class='ocrx_word' id='word_1_377' title='bbox 1232 1276 1376 1306; x_wconf 81' lang='lat' dir='ltr'>liabitae:</span> <span class='ocrx_word' id='word_1_378' title='bbox 1401 1274 1453 1304; x_wconf 81' lang='lat' dir='ltr'>11ae</span> <span class='ocrx_word' id='word_1_379' title='bbox 1478 1272 1567 1314; x_wconf 90' lang='lat' dir='ltr'>quod</span> <span class='ocrx_word' id='word_1_380' title='bbox 1592 1272 1623 1302; x_wconf 92' lang='lat' dir='ltr'>in</span> <span class='ocrx_word' id='word_1_381' title='bbox 1649 1282 1717 1303; x_wconf 89' lang='lat' dir='ltr'>mo-</span> 
     </span>
     <span class='ocr_line' id='line_1_74' title="bbox 1019 1327 1719 1367; baseline -0.007 -10"><span class='ocrx_word' id='word_1_382' title='bbox 1019 1327 1097 1357; x_wconf 89' lang='lat' dir='ltr'>dum</span> <span class='ocrx_word' id='word_1_383' title='bbox 1113 1335 1336 1367; x_wconf 84' lang='lat' dir='ltr'>gausaparum</span> <span class='ocrx_word' id='word_1_384' title='bbox 1357 1329 1463 1356; x_wconf 84' lang='lat' dir='ltr'>textae</span> <span class='ocrx_word' id='word_1_385' title='bbox 1487 1328 1615 1362; x_wconf 87' lang='lat' dir='ltr'>essent,</span> <span class='ocrx_word' id='word_1_386' title='bbox 1640 1332 1719 1362; x_wconf 83' lang='lat' dir='ltr'>gau-</span> 
     </span>
     <span class='ocr_line' id='line_1_75' title="bbox 1019 1375 1718 1418; baseline -0.006 -10"><span class='ocrx_word' id='word_1_387' title='bbox 1019 1377 1145 1418; x_wconf 84' lang='lat' dir='ltr'>sapinae</span> <span class='ocrx_word' id='word_1_388' title='bbox 1163 1377 1263 1407; x_wconf 64' lang='lat' dir='ltr'>dictae</span> <span class='ocrx_word' id='word_1_389' title='bbox 1278 1387 1287 1406; x_wconf 95' lang='lat'>:</span> <span class='ocrx_word' id='word_1_390' title='bbox 1305 1376 1397 1417; x_wconf 91' lang='lat' dir='ltr'>quod</span> <span class='ocrx_word' id='word_1_391' title='bbox 1415 1380 1561 1406; x_wconf 86' lang='lat' dir='ltr'>testatur</span> <span class='ocrx_word' id='word_1_392' title='bbox 1575 1375 1718 1405; x_wconf 87' lang='lat' dir='ltr'>Martia-</span> 
     </span>
     <span class='ocr_line' id='line_1_76' title="bbox 1020 1426 1718 1468; baseline -0.004 -10"><span class='ocrx_word' id='word_1_393' title='bbox 1020 1429 1059 1459; x_wconf 90' lang='lat' dir='ltr'>lis</span> <span class='ocrx_word' id='word_1_394' title='bbox 1075 1428 1132 1460; x_wconf 90' lang='lat' dir='ltr'>lib.</span> <span class='ocrx_word' id='word_1_395' title='bbox 1149 1431 1180 1460; x_wconf 84' lang='lat'>6.</span> <span class='ocrx_word' id='word_1_396' title='bbox 1207 1428 1463 1468; x_wconf 85' lang='lat' dir='ltr'>Epigrammate</span> <span class='ocrx_word' id='word_1_397' title='bbox 1487 1428 1538 1456; x_wconf 90' lang='lat'>59.</span> <span class='ocrx_word' id='word_1_398' title='bbox 1569 1427 1577 1442; x_wconf 94' lang='lat'>‘</span> <span class='ocrx_word' id='word_1_399' title='bbox 1593 1426 1637 1456; x_wconf 90' lang='lat' dir='ltr'>Et</span> <span class='ocrx_word' id='word_1_400' title='bbox 1660 1426 1718 1456; x_wconf 91' lang='lat' dir='ltr'>do-</span> 
     </span>
     <span class='ocr_line' id='line_1_77' title="bbox 1019 1476 1717 1520; baseline -0.003 -12"><span class='ocrx_word' id='word_1_401' title='bbox 1019 1479 1068 1510; x_wconf 90' lang='lat' dir='ltr'>let</span> <span class='ocrx_word' id='word_1_402' title='bbox 1094 1484 1130 1510; x_wconf 88' lang='lat' dir='ltr'>et</span> <span class='ocrx_word' id='word_1_403' title='bbox 1156 1478 1309 1520; x_wconf 86' lang='lat' dir='ltr'>queritur</span> <span class='ocrx_word' id='word_1_404' title='bbox 1335 1477 1399 1508; x_wconf 88' lang='lat' dir='ltr'>sibi</span> <span class='ocrx_word' id='word_1_405' title='bbox 1425 1485 1490 1507; x_wconf 91' lang='lat' dir='ltr'>non</span> <span class='ocrx_word' id='word_1_406' title='bbox 1519 1476 1717 1516; x_wconf 87' lang='lat' dir='ltr'>contingere</span> 
     </span>
     <span class='ocr_line' id='line_1_78' title="bbox 1019 1527 1719 1569; baseline -0.003 -10"><span class='ocrx_word' id='word_1_407' title='bbox 1019 1527 1127 1569; x_wconf 84' lang='lat' dir='ltr'>frigus</span> <span class='ocrx_word' id='word_1_408' title='bbox 1163 1529 1314 1569; x_wconf 79' lang='lat' dir='ltr'>Propter</span> <span class='ocrx_word' id='word_1_409' title='bbox 1349 1532 1528 1558; x_wconf 86' lang='lat' dir='ltr'>sexcentas</span> <span class='ocrx_word' id='word_1_410' title='bbox 1564 1527 1719 1558; x_wconf 88' lang='lat' dir='ltr'>Scaevola</span> 
     </span>
     <span class='ocr_line' id='line_1_79' title="bbox 1020 1577 1720 1620; baseline -0.004 -10"><span class='ocrx_word' id='word_1_411' title='bbox 1020 1579 1245 1620; x_wconf 67' lang='lat' dir='ltr'>gausapinas!</span> <span class='ocrx_word' id='word_1_412' title='bbox 1268 1579 1433 1620; x_wconf 88' lang='lat' dir='ltr'>Idemque</span> <span class='ocrx_word' id='word_1_413' title='bbox 1443 1578 1486 1609; x_wconf 88' lang='lat' dir='ltr'>de</span> <span class='ocrx_word' id='word_1_414' title='bbox 1497 1577 1630 1618; x_wconf 86' lang='lat' dir='ltr'>paenula</span> <span class='ocrx_word' id='word_1_415' title='bbox 1641 1587 1720 1618; x_wconf 84' lang='lat' dir='ltr'>gan-</span> 
     </span>
     <span class='ocr_line' id='line_1_80' title="bbox 1018 1627 1719 1671; baseline -0.004 -11"><span class='ocrx_word' id='word_1_416' title='bbox 1018 1630 1147 1671; x_wconf 84' lang='lat' dir='ltr'>sapina,</span> <span class='ocrx_word' id='word_1_417' title='bbox 1163 1629 1221 1661; x_wconf 90' lang='lat' dir='ltr'>lib.</span> <span class='ocrx_word' id='word_1_418' title='bbox 1239 1631 1290 1661; x_wconf 77' lang='lat'>14.</span> <span class='ocrx_word' id='word_1_419' title='bbox 1324 1629 1440 1670; x_wconf 80' lang='lat' dir='ltr'>Epigr.</span> <span class='ocrx_word' id='word_1_420' title='bbox 1458 1629 1533 1659; x_wconf 77' lang='lat'>145.</span> <span class='ocrx_word' id='word_1_421' title='bbox 1562 1628 1572 1645; x_wconf 87' lang='lat'>‘</span> <span class='ocrx_word' id='word_1_422' title='bbox 1588 1628 1622 1658; x_wconf 91' lang='lat' dir='ltr'>Is</span> <span class='ocrx_word' id='word_1_423' title='bbox 1638 1627 1719 1658; x_wconf 78' lang='lat' dir='ltr'>mihi</span> 
     </span>
     <span class='ocr_line' id='line_1_81' title="bbox 1020 1678 1718 1719; baseline -0.007 -7"><span class='ocrx_word' id='word_1_424' title='bbox 1020 1681 1147 1712; x_wconf 90' lang='lat' dir='ltr'>candor</span> <span class='ocrx_word' id='word_1_425' title='bbox 1169 1681 1269 1718; x_wconf 87' lang='lat' dir='ltr'>inest,</span> <span class='ocrx_word' id='word_1_426' title='bbox 1296 1680 1450 1710; x_wconf 86' lang='lat' dir='ltr'>villorum</span> <span class='ocrx_word' id='word_1_427' title='bbox 1475 1678 1583 1719; x_wconf 84' lang='lat' dir='ltr'>gratia</span> <span class='ocrx_word' id='word_1_428' title='bbox 1609 1682 1718 1716; x_wconf 83' lang='lat' dir='ltr'>tanta,</span> 
     </span>
     <span class='ocr_line' id='line_1_82' title="bbox 1019 1728 1718 1763; baseline -0.007 0"><span class='ocrx_word' id='word_1_429' title='bbox 1019 1731 1067 1763; x_wconf 87' lang='lat' dir='ltr'>Ut</span> <span class='ocrx_word' id='word_1_430' title='bbox 1084 1741 1138 1763; x_wconf 85' lang='lat' dir='ltr'>me</span> <span class='ocrx_word' id='word_1_431' title='bbox 1151 1732 1205 1762; x_wconf 79' lang='lat' dir='ltr'>vel</span> <span class='ocrx_word' id='word_1_432' title='bbox 1221 1731 1331 1762; x_wconf 87' lang='lat' dir='ltr'>media</span> <span class='ocrx_word' id='word_1_433' title='bbox 1342 1739 1476 1761; x_wconf 84' lang='lat' dir='ltr'>sumere</span> <span class='ocrx_word' id='word_1_434' title='bbox 1489 1738 1597 1761; x_wconf 83' lang='lat' dir='ltr'>messe</span> <span class='ocrx_word' id='word_1_435' title='bbox 1610 1728 1718 1759; x_wconf 64' lang='lat' dir='ltr'>velis!</span> 
     </span>
     <span class='ocr_line' id='line_1_83' title="bbox 1021 1778 1720 1822; baseline -0.009 -8"><span class='ocrx_word' id='word_1_436' title='bbox 1021 1783 1137 1814; x_wconf 86' lang='lat' dir='ltr'>Media</span> <span class='ocrx_word' id='word_1_437' title='bbox 1147 1791 1227 1822; x_wconf 87' lang='lat' dir='ltr'>ergo</span> <span class='ocrx_word' id='word_1_438' title='bbox 1237 1781 1354 1822; x_wconf 86' lang='lat' dir='ltr'>hyeme</span> <span class='ocrx_word' id='word_1_439' title='bbox 1366 1778 1596 1812; x_wconf 84' lang='lat' dir='ltr'>sumebantur.</span> <span class='ocrx_word' id='word_1_440' title='bbox 1613 1779 1720 1809; x_wconf 84' lang='lat' dir='ltr'><strong>Erant</strong></span> 
     </span>
     <span class='ocr_line' id='line_1_84' title="bbox 1020 1828 1717 1872; baseline -0.007 -9"><span class='ocrx_word' id='word_1_441' title='bbox 1020 1833 1124 1863; x_wconf 88' lang='lat' dir='ltr'>etiam</span> <span class='ocrx_word' id='word_1_442' title='bbox 1137 1837 1173 1863; x_wconf 91' lang='lat' dir='ltr'>et</span> <span class='ocrx_word' id='word_1_443' title='bbox 1186 1832 1345 1872; x_wconf 63' lang='lat' dir='ltr'>pamulae,</span> <span class='ocrx_word' id='word_1_444' title='bbox 1358 1831 1478 1872; x_wconf 91' lang='lat' dir='ltr'>quibus</span> <span class='ocrx_word' id='word_1_445' title='bbox 1490 1834 1588 1860; x_wconf 86' lang='lat' dir='ltr'>extra</span> <span class='ocrx_word' id='word_1_446' title='bbox 1600 1828 1717 1859; x_wconf 90' lang='lat' dir='ltr'>urbem</span> 
     </span>
     <span class='ocr_line' id='line_1_85' title="bbox 1021 1879 1718 1918; baseline -0.009 -4"><span class='ocrx_word' id='word_1_447' title='bbox 1021 1888 1154 1914; x_wconf 90' lang='lat' dir='ltr'>tantum</span> <span class='ocrx_word' id='word_1_448' title='bbox 1181 1883 1368 1914; x_wconf 87' lang='lat' dir='ltr'>utebantur</span> <span class='ocrx_word' id='word_1_449' title='bbox 1396 1886 1432 1912; x_wconf 86' lang='lat' dir='ltr'>et</span> <span class='ocrx_word' id='word_1_450' title='bbox 1460 1881 1491 1911; x_wconf 88' lang='lat' dir='ltr'>in</span> <span class='ocrx_word' id='word_1_451' title='bbox 1520 1879 1655 1918; x_wconf 83' lang='lat' dir='ltr'>itinere,</span> <span class='ocrx_word' id='word_1_452' title='bbox 1683 1884 1718 1909; x_wconf 81' lang='lat' dir='ltr'>et</span> 
     </span>
     <span class='ocr_line' id='line_1_86' title="bbox 1021 1931 1531 1966; baseline -0.012 0"><span class='ocrx_word' id='word_1_453' title='bbox 1021 1935 1126 1966; x_wconf 83' lang='lat' dir='ltr'>etiam</span> <span class='ocrx_word' id='word_1_454' title='bbox 1142 1935 1231 1965; x_wconf 85' lang='lat' dir='ltr'>intra</span> <span class='ocrx_word' id='word_1_455' title='bbox 1246 1933 1376 1964; x_wconf 83' lang='lat' dir='ltr'>urbem.</span> <span class='ocrx_word' id='word_1_456' title='bbox 1398 1931 1531 1963; x_wconf 72' lang='lat' dir='ltr'>Salmas.</span> 
     </span>
    </p>

    <p class='ocr_par' dir='ltr' id='par_1_16' title="bbox 1019 1980 1719 2570">
     <span class='ocr_line' id='line_1_87' title="bbox 1065 1980 1717 2021; baseline -0.008 -6"><span class='ocrx_word' id='word_1_457' title='bbox 1065 1985 1170 2015; x_wconf 73' lang='lat' dir='ltr'>Epio.</span> <span class='ocrx_word' id='word_1_458' title='bbox 1182 1991 1312 2014; x_wconf 78' lang='lat' dir='ltr'>cxxxl.</span> <span class='ocrx_word' id='word_1_459' title='bbox 1337 1985 1349 2012; x_wconf 83' lang='lat' dir='ltr'>l</span> <span class='ocrx_word' id='word_1_460' title='bbox 1363 1981 1400 2012; x_wconf 83' lang='lat' dir='ltr'>Si</span> <span class='ocrx_word' id='word_1_461' title='bbox 1416 1982 1540 2018; x_wconf 79' lang='lat' dir='ltr'>Veneto,</span> <span class='ocrx_word' id='word_1_462' title='bbox 1552 1981 1622 2021; x_wconf 51' lang='lat'>6⁶⁶]</span> <span class='ocrx_word' id='word_1_463' title='bbox 1638 1980 1717 2011; x_wconf 79' lang='lat' dir='ltr'>Tes-</span> 
     </span>
     <span class='ocr_line' id='line_1_88' title="bbox 1021 2031 1717 2070; baseline -0.006 -6"><span class='ocrx_word' id='word_1_464' title='bbox 1021 2033 1185 2065; x_wconf 88' lang='lat' dir='ltr'>tabantur</span> <span class='ocrx_word' id='word_1_465' title='bbox 1199 2031 1362 2063; x_wconf 80' lang='lat' dir='ltr'>consimili</span> <span class='ocrx_word' id='word_1_466' title='bbox 1377 2032 1490 2062; x_wconf 89' lang='lat' dir='ltr'>colore</span> <span class='ocrx_word' id='word_1_467' title='bbox 1504 2035 1717 2070; x_wconf 86' lang='lat' dir='ltr'>spectatores</span> 
     </span>
     <span class='ocr_line' id='line_1_89' title="bbox 1022 2080 1717 2117; baseline -0.009 -1"><span class='ocrx_word' id='word_1_468' title='bbox 1022 2085 1076 2117; x_wconf 87' lang='lat' dir='ltr'>cui</span> <span class='ocrx_word' id='word_1_469' title='bbox 1090 2083 1252 2115; x_wconf 88' lang='lat' dir='ltr'>favebant</span> <span class='ocrx_word' id='word_1_470' title='bbox 1267 2082 1421 2113; x_wconf 84' lang='lat' dir='ltr'>factioni:</span> <span class='ocrx_word' id='word_1_471' title='bbox 1440 2086 1476 2112; x_wconf 90' lang='lat' dir='ltr'>tu</span> <span class='ocrx_word' id='word_1_472' title='bbox 1491 2080 1567 2111; x_wconf 88' lang='lat' dir='ltr'>vide</span> <span class='ocrx_word' id='word_1_473' title='bbox 1584 2090 1625 2111; x_wconf 91' lang='lat' dir='ltr'>ne</span> <span class='ocrx_word' id='word_1_474' title='bbox 1642 2090 1717 2111; x_wconf 90' lang='lat' dir='ltr'>coc-</span> 
     </span>
     <span class='ocr_line' id='line_1_90' title="bbox 1022 2130 1717 2173; baseline -0.009 -7"><span class='ocrx_word' id='word_1_475' title='bbox 1022 2135 1098 2166; x_wconf 88' lang='lat' dir='ltr'>cino</span> <span class='ocrx_word' id='word_1_476' title='bbox 1124 2137 1257 2173; x_wconf 88' lang='lat' dir='ltr'>sumpto</span> <span class='ocrx_word' id='word_1_477' title='bbox 1283 2130 1490 2172; x_wconf 80' lang='lat' dir='ltr'>transfugam</span> <span class='ocrx_word' id='word_1_478' title='bbox 1515 2140 1595 2170; x_wconf 83' lang='lat' dir='ltr'>agas</span> <span class='ocrx_word' id='word_1_479' title='bbox 1617 2140 1636 2161; x_wconf 85' lang='lat' dir='ltr'>a</span> <span class='ocrx_word' id='word_1_480' title='bbox 1658 2137 1717 2161; x_wconf 85' lang='lat' dir='ltr'>tua</span> 
     </span>
     <span class='ocr_line' id='line_1_91' title="bbox 1022 2180 1718 2223; baseline -0.009 -7"><span class='ocrx_word' id='word_1_481' title='bbox 1022 2184 1184 2223; x_wconf 87' lang='lat' dir='ltr'>factione,</span> <span class='ocrx_word' id='word_1_482' title='bbox 1198 2183 1338 2214; x_wconf 89' lang='lat' dir='ltr'>aliarum</span> <span class='ocrx_word' id='word_1_483' title='bbox 1352 2181 1493 2212; x_wconf 89' lang='lat' dir='ltr'>cuilibet</span> <span class='ocrx_word' id='word_1_484' title='bbox 1506 2190 1580 2221; x_wconf 79' lang='lat' dir='ltr'><strong>quae</strong></span> <span class='ocrx_word' id='word_1_485' title='bbox 1594 2180 1718 2211; x_wconf 86' lang='lat' dir='ltr'>vicerit</span> 
     </span>
     <span class='ocr_line' id='line_1_92' title="bbox 1022 2230 1718 2268; baseline -0.01 0"><span class='ocrx_word' id='word_1_486' title='bbox 1022 2237 1224 2268; x_wconf 87' lang='lat' dir='ltr'>acclamans.</span> <span class='ocrx_word' id='word_1_487' title='bbox 1252 2235 1261 2251; x_wconf 93' lang='lat'>‘</span> <span class='ocrx_word' id='word_1_488' title='bbox 1274 2233 1421 2264; x_wconf 89' lang='lat' dir='ltr'>Coccum</span> <span class='ocrx_word' id='word_1_489' title='bbox 1432 2231 1441 2245; x_wconf 90' lang='lat'>’</span> <span class='ocrx_word' id='word_1_490' title='bbox 1455 2230 1570 2262; x_wconf 80' lang='lat' dir='ltr'>frutex</span> <span class='ocrx_word' id='word_1_491' title='bbox 1585 2236 1638 2262; x_wconf 88' lang='lat' dir='ltr'>est</span> <span class='ocrx_word' id='word_1_492' title='bbox 1655 2230 1718 2261; x_wconf 88' lang='lat' dir='ltr'>ful·</span> 
     </span>
     <span class='ocr_line' id='line_1_93' title="bbox 1020 2279 1717 2325; baseline -0.01 -8"><span class='ocrx_word' id='word_1_493' title='bbox 1020 2286 1141 2325; x_wconf 83' lang='lat' dir='ltr'>Ionius,</span> <span class='ocrx_word' id='word_1_494' title='bbox 1165 2283 1296 2316; x_wconf 79' lang='lat' dir='ltr'>Graecis</span> <span class='ocrx_word' id='word_1_495' title='bbox 1318 2281 1426 2312; x_wconf 87' lang='grc' dir='ltr'>κόκκος</span> <span class='ocrx_word' id='word_1_496' title='bbox 1440 2279 1578 2320; x_wconf 74' lang='grc' dir='ltr'><strong><em>βαφικήι</em></strong></span> <span class='ocrx_word' id='word_1_497' title='bbox 1602 2280 1717 2311; x_wconf 88' lang='lat' dir='ltr'>frutici</span> 
     </span>
     <span class='ocr_line' id='line_1_94' title="bbox 1022 2330 1718 2377; baseline -0.009 -10"><span class='ocrx_word' id='word_1_498' title='bbox 1022 2346 1124 2377; x_wconf 85' lang='lat' dir='ltr'>grana</span> <span class='ocrx_word' id='word_1_499' title='bbox 1151 2335 1337 2372; x_wconf 81' lang='lat' dir='ltr'>adliaerent,</span> <span class='ocrx_word' id='word_1_500' title='bbox 1366 2341 1384 2363; x_wconf 92' lang='lat' dir='ltr'>e</span> <span class='ocrx_word' id='word_1_501' title='bbox 1413 2332 1531 2373; x_wconf 88' lang='lat' dir='ltr'>quibus</span> <span class='ocrx_word' id='word_1_502' title='bbox 1561 2331 1600 2362; x_wconf 83' lang='lat' dir='ltr'>fit</span> <span class='ocrx_word' id='word_1_503' title='bbox 1625 2330 1718 2361; x_wconf 89' lang='lat' dir='ltr'>color</span> 
     </span>
     <span class='ocr_line' id='line_1_95' title="bbox 1021 2383 1719 2425; baseline -0.007 -7"><span class='ocrx_word' id='word_1_504' title='bbox 1021 2389 1078 2418; x_wconf 86' lang='lat' dir='ltr'>ille</span> <span class='ocrx_word' id='word_1_505' title='bbox 1100 2389 1250 2418; x_wconf 85' lang='lat' dir='ltr'>lanarum</span> <span class='ocrx_word' id='word_1_506' title='bbox 1266 2384 1476 2425; x_wconf 82' lang='lat' dir='ltr'>praecipnus;</span> <span class='ocrx_word' id='word_1_507' title='bbox 1502 2384 1599 2424; x_wconf 88' lang='lat' dir='ltr'>cujus</span> <span class='ocrx_word' id='word_1_508' title='bbox 1619 2383 1719 2423; x_wconf 85' lang='lat' dir='ltr'>copia</span> 
     </span>
     <span class='ocr_line' id='line_1_96' title="bbox 1021 2434 1717 2474; baseline -0.01 -4"><span class='ocrx_word' id='word_1_509' title='bbox 1021 2448 1151 2470; x_wconf 84' lang='lat' dir='ltr'>summa</span> <span class='ocrx_word' id='word_1_510' title='bbox 1175 2437 1209 2467; x_wconf 92' lang='lat' dir='ltr'>in</span> <span class='ocrx_word' id='word_1_511' title='bbox 1240 2445 1280 2466; x_wconf 90' lang='lat' dir='ltr'>ea</span> <span class='ocrx_word' id='word_1_512' title='bbox 1304 2434 1479 2474; x_wconf 71' lang='lat' dir='ltr'>Hispaniae</span> <span class='ocrx_word' id='word_1_513' title='bbox 1505 2439 1616 2474; x_wconf 85' lang='lat' dir='ltr'>parte,</span> <span class='ocrx_word' id='word_1_514' title='bbox 1641 2443 1717 2474; x_wconf 62' lang='lat' dir='ltr'>quae</span> 
     </span>
     <span class='ocr_line' id='line_1_97' title="bbox 1020 2485 1717 2526; baseline -0.009 -6"><span class='ocrx_word' id='word_1_515' title='bbox 1020 2487 1228 2520; x_wconf 88' lang='lat' dir='ltr'>Turdetania</span> <span class='ocrx_word' id='word_1_516' title='bbox 1250 2485 1457 2526; x_wconf 85' lang='lat' dir='ltr'>appellatur,</span> <span class='ocrx_word' id='word_1_517' title='bbox 1473 2489 1511 2516; x_wconf 88' lang='lat' dir='ltr'>ut</span> <span class='ocrx_word' id='word_1_518' title='bbox 1527 2489 1647 2515; x_wconf 88' lang='lat' dir='ltr'>auctor</span> <span class='ocrx_word' id='word_1_519' title='bbox 1665 2489 1717 2514; x_wconf 82' lang='lat' dir='ltr'>est</span> 
     </span>
     <span class='ocr_line' id='line_1_98' title="bbox 1019 2535 1441 2570; baseline -0.017 0"><span class='ocrx_word' id='word_1_520' title='bbox 1019 2538 1144 2570; x_wconf 85' lang='lat' dir='ltr'>Strabo</span> <span class='ocrx_word' id='word_1_521' title='bbox 1163 2537 1218 2567; x_wconf 87' lang='lat' dir='ltr'>lib.</span> <span class='ocrx_word' id='word_1_522' title='bbox 1234 2539 1266 2566; x_wconf 81' lang='lat'>3.</span> <span class='ocrx_word' id='word_1_523' title='bbox 1291 2535 1441 2565; x_wconf 80' lang='lat' dir='ltr'>Raderus.</span> 
     </span>
    </p>

    <p class='ocr_par' dir='ltr' id='par_1_17' title="bbox 1021 2584 1717 2778">
     <span class='ocr_line' id='line_1_99' title="bbox 1064 2584 1716 2621; baseline -0.011 -1"><span class='ocrx_word' id='word_1_524' title='bbox 1064 2591 1330 2621; x_wconf 73' lang='lat' dir='ltr'>EP1G.cxxxi1.</span> <span class='ocrx_word' id='word_1_525' title='bbox 1380 2589 1395 2615; x_wconf 93' lang='lat' dir='ltr'>l</span> <span class='ocrx_word' id='word_1_526' title='bbox 1418 2585 1511 2616; x_wconf 82' lang='lat' dir='ltr'>Totas</span> <span class='ocrx_word' id='word_1_527' title='bbox 1531 2584 1651 2614; x_wconf 82' lang='lat' dir='ltr'>misisse</span> <span class='ocrx_word' id='word_1_528' title='bbox 1672 2585 1716 2614; x_wconf 84' lang='lat' dir='ltr'>la-</span> 
     </span>
     <span class='ocr_line' id='line_1_100' title="bbox 1021 2633 1716 2678; baseline -0.013 -6"><span class='ocrx_word' id='word_1_529' title='bbox 1021 2638 1142 2678; x_wconf 73' lang='lat' dir='ltr'>cernas]</span> <span class='ocrx_word' id='word_1_530' title='bbox 1173 2638 1285 2667; x_wconf 88' lang='lat' dir='ltr'>Vocat</span> <span class='ocrx_word' id='word_1_531' title='bbox 1306 2636 1415 2666; x_wconf 87' lang='lat' dir='ltr'>‘totas</span> <span class='ocrx_word' id='word_1_532' title='bbox 1442 2633 1619 2672; x_wconf 47' lang='lat' dir='ltr'>lacerna&amp;</span> <span class='ocrx_word' id='word_1_533' title='bbox 1642 2643 1716 2674; x_wconf 85' lang='lat' dir='ltr'><strong>quae</strong></span> 
     </span>
     <span class='ocr_line' id='line_1_101' title="bbox 1024 2684 1717 2730; baseline -0.012 -8"><span class='ocrx_word' id='word_1_534' title='bbox 1024 2701 1098 2723; x_wconf 87' lang='lat' dir='ltr'>cum</span> <span class='ocrx_word' id='word_1_535' title='bbox 1116 2689 1211 2730; x_wconf 82' lang='lat' dir='ltr'>pileis</span> <span class='ocrx_word' id='word_1_536' title='bbox 1229 2691 1305 2717; x_wconf 80' lang='lat' dir='ltr'>sunt</span> <span class='ocrx_word' id='word_1_537' title='bbox 1320 2687 1389 2717; x_wconf 87' lang='lat' dir='ltr'>sive</span> <span class='ocrx_word' id='word_1_538' title='bbox 1406 2686 1563 2716; x_wconf 71' lang='lat' dir='ltr'>cucullis:</span> <span class='ocrx_word' id='word_1_539' title='bbox 1589 2684 1664 2714; x_wconf 84' lang='lat' dir='ltr'>hinc</span> <span class='ocrx_word' id='word_1_540' title='bbox 1681 2689 1717 2715; x_wconf 84' lang='lat' dir='ltr'>et</span> 
     </span>
     <span class='ocr_line' id='line_1_102' title="bbox 1023 2736 1717 2778; baseline -0.013 -4"><span class='ocrx_word' id='word_1_541' title='bbox 1023 2744 1159 2774; x_wconf 84' lang='lat' dir='ltr'>lacerna</span> <span class='ocrx_word' id='word_1_542' title='bbox 1176 2749 1214 2770; x_wconf 86' lang='lat' dir='ltr'>ae</span> <span class='ocrx_word' id='word_1_543' title='bbox 1231 2739 1338 2769; x_wconf 85' lang='lat' dir='ltr'>birrus</span> <span class='ocrx_word' id='word_1_544' title='bbox 1355 2747 1417 2778; x_wconf 85' lang='lat' dir='ltr'>pro</span> <span class='ocrx_word' id='word_1_545' title='bbox 1428 2737 1557 2768; x_wconf 81' lang='lat' dir='ltr'>cucullo</span> <span class='ocrx_word' id='word_1_546' title='bbox 1578 2745 1615 2767; x_wconf 90' lang='lat' dir='ltr'>ac</span> <span class='ocrx_word' id='word_1_547' title='bbox 1629 2736 1717 2776; x_wconf 84' lang='lat' dir='ltr'>capi·</span> 
     </span>
    </p>
   </div>
  </div>
 </body>
</html>
