1866 3131
401 190 449 219 M.
485 188 592 218 vAL.
626 184 902 216 MARTIALIS
939 184 1100 213 EPIGR.
1136 184 1232 213 LIB.
1268 182 1338 211 IX.

151 285 384 326 Quinquatrus
397 284 572 314 Minervae.
617 281 849 323 Epigramma-

152 344 185 369 te
203 340 255 368 51.
270 337 345 367 libri
361 339 392 366 4.
409 345 494 365 vers-
513 337 541 365 1.

193 392 212 420 2
238 389 340 418 Pharo
356 386 479 425 relicta]
524 384 680 424 lEgypto.
720 382 850 413 Pharos

150 439 289 479 AEgypti
315 438 424 469 insula
441 442 513 466 erat
529 445 571 466 ex
589 434 730 465 adverso
747 431 850 463 Alex-

151 489 291 527 anun-iae,
322 487 422 518 hodie
445 485 634 517 continenti
665 482 848 522 contigua:

154 539 282 570 Furion.

193 592 211 618 5
237 587 376 627 Subinoe]
411 586 542 617 Sabinae
560 583 706 615 foeniinae
724 582 765 613 ab
781 591 851 613 om-

150 639 249 669 nibus
276 638 449 669 autoribus
474 635 617 667 andiunt
639 640 755 674 castre,
774 633 850 663 siin-

154 690 270 729 plices.

196 741 298 771 EPIG.
317 747 421 769 xmu.
467 738 579 768 Vovet
597 736 712 766 Stellae
730 744 850 766 consu-

149 792 275 821 latum:
297 790 456 829 implorat
477 788 681 829 Apollinem,
704 791 740 817 nt
764 786 850 818 votis

151 842 219 872 suis
239 845 374 871 annuat.

195 895 210 922 1
239 891 363 930 Campis
388 890 486 928 dicem,
506 887 575 928 &cd
598 887 767 919 Martialis
782 885 850 917 κατ’

149 941 262 981 ἐξοχὴν
285 944 292 958 ‘
309 943 455 980 Campas
474 938 633 970 marinas'
656 942 756 969 vocat
772 938 851 969 Del·

151 993 272 1032 phinos
297 991 448 1031 Apollini
473 1000 611 1021 sacros:
636 999 712 1020 nain
730 991 739 1006 ‘
757 990 852 1020 Cam-

150 1042 228 1082 pas‘
253 1042 397 1072 Veteres
417 1041 527 1072 Latini
545 1041 658 1072 onmia
681 1041 801 1077 κητώδη
818 1044 853 1071 et

148 1092 306 1132 ingentes
338 1092 448 1132 pisces
475 1091 657 1122 vocabant.
709 1091 850 1132 Josepli.

148 1143 273 1182 Scalig.
289 1144 320 1172 in
340 1145 368 1173 1.
389 1143 508 1173 Manil.
537 1148 571 1172 et
598 1142 630 1172 iu
658 1142 852 1182 conjectan-

151 1192 193 1223 ad
212 1193 396 1224 Varronem
412 1192 453 1222 de
474 1192 540 1223 LL.
557 1191 709 1223 anneb.
726 1192 783 1222 lib.
798 1195 851 1223 21.

150 1253 226 1284 cap.
252 1247 302 1274 24.
331 1243 414 1281 legit
437 1242 627 1273 Samni-inis.-
659 1241 741 1271 dicit
764 1241 851 1271 enini

150 1295 159 1311 ‘
177 1293 384 1325 Semurium'
417 1302 571 1332 campum
602 1291 703 1322 fuisse
735 1291 851 1322 Romae

150 1345 388 1386 propinquum,
405 1344 436 1374 in
455 1353 520 1384 qno
538 1343 700 1382 templum
722 1340 853 1381 Apolli-

150 1397 204 1426 nis
222 1395 324 1426 fuisse
347 1395 471 1425 credit.
518 1393 669 1425 Raderus
690 1393 786 1433 legit,
809 1392 853 1423 sic

151 1446 302 1488 Myrinis,
317 1446 472 1486 dicitque
499 1448 507 1461 ‘
520 1453 657 1483 campos
675 1443 853 1483 Myrin0s‚'

152 1497 320 1536 Grynaeos
334 1495 437 1526 fuisse
450 1505 586 1535 campos
602 1505 611 1533 3
636 1494 744 1525 dictos
763 1495 852 1524 Mar-

151 1547 223 1578 tiali
253 1557 272 1577 a
298 1546 426 1587 Grynis
455 1556 512 1577 seu
545 1547 696 1586 Grynaeo
727 1546 852 1586 oppido

153 1597 393 1637 Myrinoruui:
422 1597 511 1627 unde
544 1596 701 1637 'Myrinus
731 1597 853 1637 Apollo

152 1653 189 1679 et
206 1648 385 1688 Grynaeus,
401 1647 501 1678 idem.

195 1702 215 1730 2
240 1698 368 1729 Senibus
382 1698 499 1738 cycnis]
528 1697 606 1729 Tibi
624 1699 851 1730 consecratis:

152 1750 185 1780 in
199 1758 308 1780 morte
325 1751 377 1780 vel
393 1756 470 1781 ante
488 1755 750 1790 mortem,quam
769 1760 853 1790 prae-

150 1801 273 1839 scium,
290 1801 503 1832 canentibus.
529 1802 644 1840 Epigr.
656 1804 708 1832 77.
726 1802 786 1833 lib.
802 1805 852 1833 13.

195 1854 214 1882 3
238 1851 378 1891 Sorores]
414 1851 535 1891 Musae,
561 1861 701 1892 quarum
727 1862 853 1892 praeses

153 1901 289 1942 Apollo.
335 1901 506 1932 Domitius
536 1901 641 1932 refert
664 1902 703 1932 ad
722 1913 854 1933 sorores

151 1951 311 1982 fatidicas
343 1952 501 1982 Fortunae
533 1952 771 1993 Praenestinae,
801 1955 854 1984 vel

154 2002 360 2033 Dodonaeas.
407 2003 495 2033 Vide
526 2014 600 2044 quae
626 2003 669 2034 ad
693 2004 854 2035 Medeam

150 2053 291 2084 Senecae
307 2062 393 2084 verS.
408 2055 481 2084 349.

195 2106 215 2135 4
240 2104 306 2134 Nec
322 2103 464 2143 Delphis,
477 2103 545 2144 ertu]
571 2104 616 2134 Et
634 2113 713 2134 vera
728 2104 786 2135 det
802 2114 852 2135 re-

151 2164 277 2195 sponsa
299 2155 457 2185 sacerdos
474 2160 535 2185 tua
551 2155 689 2196 Pythia,
707 2155 854 2186 Plioebas

155 2206 330 2245 Delphica,
347 2206 505 2245 Delphis,
522 2206 606 2237 idos.

198 2259 216 2286 5
242 2255 398 2295 Pallatia]
420 2256 573 2287 Caesares
590 2256 622 2286 in
641 2257 789 2288 Palatio.

198 2308 219 2336 6
243 2306 302 2335 Bis
323 2315 421 2344 seno-9,
447 2305 515 2346 8502]
564 2306 610 2337 Ut
641 2309 854 2339 consulatum

154 2356 271 2387 Stella*
300 2366 374 2386 meo
398 2356 530 2386 deferat
550 2358 674 2389 Caesar.
718 2359 854 2389 Duode-

155 2407 221 2436 cim
241 2406 330 2436 enim
355 2405 464 2437 fasces
489 2407 759 2446 praeferebantur
775 2419 855 2441 con-

153 2458 294 2488 sulibns.

199 2512 218 2539 3
246 2508 434 2547 Debitor-qne
449 2507 527 2548 voti]
551 2509 641 2540 Reus
660 2510 778 2550 voti,si
797 2511 855 2541 im-

156 2566 307 2600 perraro.

200 2612 220 2639 ‹4›
247 2610 390 2640 seusticus
405 2611 444 2640 ud
460 2610 546 2650 aras]
571 2611 610 2641 In
629 2613 705 2643 villa
723 2618 756 2644 et
770 2623 855 2653 prae-

156 2661 212 2691 dio
230 2670 302 2691 mco
320 2660 524 2692 suburbano.

203 2715 241 2742 10
265 2712 379 2742 Aureis
396 2712 578 2753 juvencum]
602 2714 657 2745 De
683 2725 775 2745 more
795 2723 855 2745 ex-

158 2762 298 2793 ornandi
315 2762 459 2801 majores
480 2763 651 2803 victimas;
671 2765 856 2796 inaurando

1485 169 1597 211 1335

899 278 937 308 iis
948 287 1085 309 cornua.
1129 277 1185 309 Sic
1206 278 1300 316 Virg.
1324 275 1380 306 lib.
1398 277 1429 306 9.
1452 274 1519 305 ‘Et
1537 279 1602 305 sta-

900 334 991 359 tuam
1009 333 1087 358 ante
1111 337 1185 358 aras
1207 332 1325 358 aurata
1346 326 1457 356 fronte
1477 325 1602 365 juven-

899 378 1000 409 cnm.’

943 432 980 460 11
1008 429 1096 459 Nata
1122 428 1182 468 est]
1207 428 1248 458 In
1273 436 1355 467 agro
1380 435 1456 456 meo
1483 425 1600 456 subur-

899 480 1000 511 bano.
1048 480 1132 515 Quid
1158 478 1304 519 moraris]
1330 476 1496 509 Conferre
1524 485 1602 507 con-

900 531 1045 562 sulatum
1059 531 1190 561 Stellae.

943 582 1048 612 Epic.
1079 589 1180 611 xuv.

902 633 949 663 Ut
966 632 1101 672 publice
1116 631 1149 661 in
1162 630 1323 662 conviviis
1340 629 1603 668 excipiebantur

901 684 1054 714 Deorum
1100 681 1306 713 simulachra
1359 678 1604 720 pulvinaribus,

901 734 950 764 ita
966 738 1001 764 et
1020 733 1174 773 privatim
1204 732 1237 762 in
1261 740 1375 761 mensa
1392 728 1603 759 collocaban-

902 789 956 814 tw·
986 788 1121 822 statuae,
1149 783 1243 812 velut
1270 781 1380 812 tutela
1414 778 1602 819 geniusque

900 846 1038 867 mensae.
1071 836 1168 866 Inter
1183 839 1326 865 caeteras
1345 832 1506 872 imagines
1522 841 1603 872 quas

903 887 1035 918 Nouius
1051 886 1185 917 Vindex
1213 885 1245 915 in
1273 894 1369 915 coena
1391 881 1607 920 ostenderat,

901 944 978 969 erat
1010 938 1178 968 Hercules
1214 933 1470 975 epitrapczins:
1510 932 1605 972 cnjus

901 988 988 1029 signi
1017 987 1196 1018 artificium
1214 985 1255 1016 ad
1275 985 1414 1015 verbum
1435 992 1512 1014 cuin
1530 991 1606 1012 nos-

903 1044 969 1077 tro,
998 1038 1129 1069 Statius
1156 1035 1318 1076 Papinius
1345 1038 1467 1074 quarto
1487 1032 1606 1072 Sylva-

902 1099 974 1119 rum
988 1087 1163 1128 exprimit,
1182 1086 1383 1122 admiratur,
1400 1083 1528 1114 laudat.

946 1143 962 1170 l
992 1140 1079 1170 Dura
1103 1140 1221 1177 sedens,
1242 1136 1312 1176 ξω]
1351 1137 1437 1166 Saxo
1455 1134 1604 1165 insidens

902 1191 1040 1229 mitigat
1066 1189 1226 1220 duritiem
1249 1188 1319 1228 ejus
1336 1188 1482 1217 instrata
1499 1186 1605 1217 leonis

904 1241 1006 1280 pelle,
1021 1249 1095 1280 quae
1121 1238 1264 1270 Herculi
1294 1248 1354 1278 pro
1379 1242 1551 1267 armatura
1572 1242 1607 1266 et

903 1293 990 1322 lecto
1011 1297 1096 1322 erat.
1134 1291 1254 1321 Senec.
1278 1289 1419 1320 Hercul.
1434 1289 1494 1319 Fu.
1519 1297 1608 1318 vers.

904 1345 998 1373 1150.
1044 1342 1196 1372 Porrecto
1209 1339 1306 1379 leone]
1323 1339 1610 1379 Synecdocliicws,

903 1397 1011 1424 totum
1030 1402 1090 1433 pro
1117 1397 1226 1432 parte,
1242 1395 1401 1430 porrecta
1417 1389 1489 1420 scil.
1508 1389 1608 1429 pelle,

902 1444 1039 1483 mitigat
1069 1452 1201 1480 saxum,
1226 1441 1341 1472 durius
1361 1439 1450 1470 enim
1473 1445 1524 1471 est
1548 1449 1609 1470 nu-

903 1495 983 1525 duiu
1001 1494 1163 1525 insidere.

945 1550 965 1577 2
989 1547 1127 1585 Magnus
1139 1545 1172 1575 in
1187 1553 1249 1574 cere
1266 1542 1367 1582 Deus]
1385 1541 1503 1581 Imago
1517 1550 1607 1582 mag-

904 1598 936 1628 ni
955 1598 1020 1628 Dei
1040 1596 1201 1627 Herculis
1219 1604 1286 1625 aere
1304 1602 1479 1633 expressa.

946 1651 964 1679 3
996 1649 1133 1687 Quaeque
1154 1646 1239 1684 tulit,
1263 1643 1330 1684 ξω]
1366 1641 1518 1682 Suspicit
1540 1651 1608 1672 coe-

903 1701 971 1731 lum
984 1699 1073 1740 quod
1086 1697 1239 1729 Atlantis
1255 1697 1328 1727 loco
1343 1693 1489 1725 humeris
1504 1701 1607 1734 quon-

903 1753 979 1783 dam
996 1751 1169 1782 sustinuit.

945 1806 965 1834 4
992 1804 1088 1842 Cujus
1102 1804 1190 1840 [εει-α,
1202 1799 1272 1840 ἔγω]
1293 1798 1442 1829 Sinistra
1465 1797 1608 1833 clavam,

904 1854 1028 1885 dextra
1046 1852 1202 1893 poculum
1222 1858 1353 1889 gerens.
1409 1847 1464 1878 Sic
1483 1851 1517 1877 et
1534 1846 1609 1876 Sta·

905 1906 970 1936 tius
985 1907 993 1922 ‘
1007 1901 1163 1939 clavam,’
1190 1901 1290 1931 robur
1313 1897 1489 1938 appellat:
1512 1897 1521 1912 ‘
1537 1896 1609 1926 haec

905 1955 1045 1986 exitiale
1062 1952 1195 1983 ferebat
1212 1948 1353 1988 Robur‚’
1370 1950 1434 1978 dcc.

947 2009 965 2035 5
993 2006 1064 2035 Non
1086 2002 1232 2040 estfuma
1246 2009 1362 2037 recens,
1384 1997 1455 2038 gu]
1483 1996 1609 2028 Arche·

905 2061 1025 2097 typum
1050 2060 1113 2094 est,
1140 2058 1175 2084 et
1199 2051 1324 2083 veteris
1352 2049 1451 2081 fainae
1480 2058 1577 2088 opus,
1593 2057 1612 2078 a

905 2107 1058 2147 Lysippo
1080 2104 1216 2134 scilicet
1232 2102 1362 2141 optimo
1379 2098 1546 2130 statuario
1561 2097 1611 2128 ef-

904 2157 1033 2188 fictum.
1079 2154 1148 2185 Alii
1180 2154 1317 2193 legunt:
1346 2151 1417 2181 Non
1442 2152 1487 2179 est
1503 2148 1612 2186 forma

903 2218 1018 2240 recens-
1064 2207 1178 2237 Docet
1207 2205 1295 2235 enim
1328 2200 1486 2242 sequenti
1509 2209 1608 2231 versu

904 2259 946 2290 ab
964 2257 1104 2289 artificis
1132 2260 1236 2287 aetate
1262 2254 1435 2294 antiquam
1452 2260 1527 2281 esse
1544 2254 1611 2281 sta-

904 2314 1008 2340 tuam.
1031 2310 1039 2324 ‘
1055 2308 1182 2339 Caelum
1196 2305 1204 2317 '
1232 2305 1286 2336 liic
1305 2303 1424 2343 accipe
1451 2311 1512 2342 pro
1528 2306 1609 2332 noto

905 2361 1144 2392 instrumento.
1193 2355 1287 2395 Caeli]
1303 2353 1537 2390 Instruinenti‚
1551 2351 1610 2383 sti-

905 2413 926 2442 li
940 2410 1131 2451 sculptorii.

949 2465 969 2493 6
992 2460 1122 2502 Lysippi
1154 2457 1277 2497 munus]
1325 2455 1392 2489 Qui
1425 2454 1609 2486 statuarius

907 2513 1116 2553 temporibus
1132 2508 1318 2541 Alexandri
1336 2506 1454 2547 Magni
1470 2505 1550 2545 fuit,
1573 2506 1612 2536 il-

905 2564 1033 2605 ludque
1049 2560 1243 2593 Alexandro
1259 2558 1442 2590 dedicavit.

948 2617 965 2645 7
992 2614 1061 2644 Hoc
1074 2612 1192 2646 habuit,
1207 2610 1273 2649 &cst
1297 2608 1497 2640 Alexander
1508 2611 1608 2638 natus

906 2665 938 2695 iu
959 2664 1053 2694 Pella
1068 2663 1279 2694 Macedonia!
1296 2660 1390 2700 urbe,
1413 2660 1538 2700 primus
1552 2657 1608 2688 lia-

906 2716 979 2746 buit
1008 2715 1095 2745 bunc
1122 2713 1305 2743 Herculem
1329 2720 1404 2742 cum
1427 2709 1566 2750 scypho,
1590 2718 1609 2738 a

908 2765 1067 2806 Lysippo.
1115 2763 1268 2805 Tyranni]
1308 2762 1419 2803 Regis.
1456 2761 1531 2792 Vox
1555 2757 1609 2789 τύ-

1224 580 1275 610 De
1306 582 1411 610 statua
1442 576 1603 616 Herculis]
