1866 3131
479 489 745 549 NOTAE
791 488 1287 550 VARIORUM

856 653 905 679 IN

219 793 304 841 Μ.
335 794 492 842 VAL.
538 792 927 842 MARTIALIS
967 792 1532 842 EPIGRAMMATA.

496 1128 569 1165 DE
599 1124 957 1165 SPECTACULIS
988 1122 1256 1161 LIBELLUS.

148 1254 256 1285 Eric.
277 1262 302 1284 1.
348 1252 418 1285 Pei·
447 1253 678 1285 inductionem
712 1253 845 1285 collati-

191 1315 266 1335 vam
278 1304 453 1336 Titianum
464 1303 763 1345 Amphitlieatrum
776 1313 845 1335 om·

192 1355 290 1386 nibus
308 1354 399 1385 orbis
414 1354 577 1395 operibus
595 1355 749 1395 praefert.

190 1408 205 1436 1
231 1404 393 1444 Barbara]
429 1404 481 1435 Ad
495 1405 692 1436 Graecorum
708 1404 846 1436 distinc-

146 1457 286 1495 tionem,
321 1456 444 1498 quibus
471 1456 528 1487 alii
556 1466 672 1488 omnes
705 1456 842 1488 barbari

146 1508 251 1547 dicti;
273 1508 340 1539 imo
364 1517 406 1539 ex
435 1508 519 1546 suis,
543 1508 599 1549 qui
623 1517 689 1539 non
704 1507 844 1539 *Ελλάδα

145 1559 353 1597 incolebant,
379 1559 482 1600 quive
508 1568 575 1588 non
606 1567 665 1589 ore
695 1558 843 1589 rotundo

144 1609 292 1640 molliter
312 1614 348 1640 et
364 1608 481 1640 Attice
506 1608 742 1649 loquebantur.
788 1607 842 1638 Ab

144 1669 268 1700 aspera
306 1660 394 1690 enim
419 1664 454 1690 et
484 1659 614 1689 inculta
644 1659 844 1698 pronuntia-

142 1711 234 1742 tione
247 1711 256 1727 ‘
267 1708 454 1741 Barbaros’
468 1708 578 1739 dictos
589 1713 707 1740 censet
719 1708 843 1739 Strabo

142 1762 166 1792 1.
184 1764 235 1793 14.
267 1761 403 1792 Dicitur
422 1764 596 1800 postremo
616 1760 624 1775 ‘
638 1759 845 1798 barbarum‚'

143 1811 304 1853 quicquid
320 1811 363 1842 ab
382 1811 535 1841 humanae
558 1810 637 1840 vitae
660 1810 768 1848 cultu,
793 1819 843 1840 ra·

143 1863 249 1902 tione,
276 1863 393 1902 lingua
420 1861 598 1898 abhorret;
623 1865 659 1891 et
682 1859 842 1901 quicquid

141 1912 261 1953 ferum,
276 1912 490 1950 inurbanum,
507 1921 575 1952 qua
591 1910 755 1950 moribus,
777 1920 843 1951 qua

138 1963 464 2004 lingua,judicatur.
483 1961 620 1994 Farnob.
634 1962 750 1994 Rader.
777 1963 842 2003 Py-

138 2013 310 2054 ramidum]
353 2013 463 2044 Moles
489 2013 590 2043 hasce
609 2012 790 2044 altissimas
808 2012 842 2043 in

138 2065 397 2106 sepulchrorum
427 2073 535 2103 usum,
565 2072 630 2094 non
662 2062 735 2094 sine
765 2072 842 2104 pro-

139 2113 842 2155 fusaopumostentatione‚regesAEgyptii

140 2170 337 2204 extruxere,
365 2174 384 2195 a
413 2164 580 2206 quadrata
611 2163 683 2196 basi
707 2164 842 2196 decres-

139 2216 249 2248 cendo
266 2214 493 2247 ascendentes
518 2214 551 2245 in
568 2214 712 2246 formam
738 2213 842 2255 πυρὸς,

139 2267 229 2299 unde
242 2272 278 2299 et
291 2276 424 2298 nomen.
436 2271 512 2306 post
526 2265 753 2304 Herodotum,
765 2266 841 2297 Me·

139 2320 218 2358 lam,
243 2318 393 2350 Plinium
415 2328 445 2349 c.
472 2320 523 2349 12.
550 2317 572 2348 l.
592 2319 644 2348 36.
674 2316 840 2357 Solinum,

138 2370 390 2408 Marcellinum,
401 2368 506 2400 Diod.
523 2367 686 2406 Siculum,
697 2369 764 2399 &c.
782 2368 839 2408 qui

139 2420 181 2451 de
207 2419 258 2451 his
285 2420 468 2461 scripsere,
494 2419 597 2450 etiam
622 2419 698 2459 lege
724 2418 839 2449 Bello-

137 2473 242 2511 nium,
266 2472 323 2512 qui
340 2469 555 2511 PyramideS,
571 2479 646 2509 quae
668 2468 769 2500 hodie
791 2469 840 2500 vi-

136 2529 268 2562 suntur,
291 2523 365 2562 ipse
392 2520 562 2552 dimensus
587 2525 650 2551 est.
675 2520 743 2551 1.2.
768 2519 839 2551 Ob-

137 2584 226 2606 serv.
243 2584 275 2606 c.
298 2575 421 2612 42,43‚
448 2577 485 2602 et
511 2574 565 2603 44.
604 2570 722 2610 Silene]
764 2570 839 2611 Sig-

137 2630 218 2656 nate
250 2623 292 2656 ad
322 2621 523 2654 ‘Barbaros'
541 2626 577 2654 et
592 2619 750 2660 ἀφώνουςι
774 2621 840 2662 vel,

135 2676 144 2691 ‘
157 2675 258 2706 sileat
274 2672 462 2712 miracula,¹
474 2672 508 2703 id
526 2676 590 2712 est,
606 2681 673 2703 non
693 2671 838 2712 amplius

135 2726 291 2764 miretur,
306 2724 473 2756 habeatve
489 2732 552 2764 pro
563 2722 748 2755 miraculis.
772 2722 838 2753 Mi-

135 2775 256 2815 rucula]
278 2774 437 2814 Ostium-q,
463 2774 651 2814 conspicua
667 2783 725 2805 Seu
742 2783 838 2814 spec-

900 1251 1004 1284 tanda
1020 1254 1163 1292 propter
1185 1247 1366 1280 artificium
1390 1255 1508 1287 opera,
1523 1254 1598 1286 quae

898 1306 1031 1343 septem
1072 1304 1305 1337 numerantur,
1334 1297 1417 1328 muri
1453 1294 1601 1336 Babylo·

900 1353 978 1392 nim,
995 1352 1116 1383 Dianae
1137 1348 1292 1391 Ephesiae
1310 1347 1488 1388 templum,
1501 1344 1599 1376 ,lovis

900 1402 1073 1444 Olympici
1087 1401 1315 1437 simulacrum,
1328 1396 1530 1439 Pyramides
1544 1395 1600 1426 AE·

899 1455 1043 1496 gyptiae‚
1060 1453 1272 1484 Mausoleum
1289 1450 1515 1492 sepulchrum,
1535 1448 1598 1479 Co-

898 1509 1005 1538 lossus
1027 1506 1189 1544 Rhodius,
1210 1504 1292 1545 Cyri
1319 1502 1422 1543 regia.
1466 1500 1597 1533 Quibus

898 1564 934 1590 et
963 1558 1019 1588 alii
1044 1561 1188 1597 septena
1215 1556 1324 1586 altera
1350 1553 1599 1589 adnumerant3

897 1618 1038 1649 quorum
1073 1607 1153 1646 duo,
1181 1605 1276 1638 Jovis
1309 1602 1482 1644 Olympici
1512 1606 1598 1632 tem-

898 1659 1050 1699 plum,et
1066 1658 1225 1689 Colossus
1244 1655 1404 1693 Rhodius,
1428 1663 1503 1694 quae
1523 1653 1597 1693 jam

898 1709 940 1741 ad
966 1709 1102 1749 plenam
1126 1706 1416 1738 enumerationem
1443 1714 1463 1735 a
1486 1703 1598 1734 Poeta

895 1765 973 1791 suut
990 1759 1122 1790 omissa.
1151 1758 1180 1788 Ι.
1194 1758 1331 1796 Scoppa
1347 1760 1464 1786 censet
1477 1754 1598 1785 voluis-

895 1819 931 1840 se
958 1809 1155 1840 Martialem
1171 1808 1235 1838 hoc
1263 1806 1505 1846 epigrammate
1526 1813 1595 1834 am—

895 1859 1124 1901 phitheatrum
1157 1857 1307 1899 quinque
1338 1855 1386 1887 his
1410 1854 1595 1886 structuris

894 1916 1117 1951 anteponere,
1139 1913 1295 1950 propter,
1319 1909 1349 1937 l.
1365 1905 1594 1945 altitudinem,

892 1963 924 1992 2.
936 1959 1166 1996 celeritatem,
1182 1961 1214 1989 3.
1232 1962 1377 1995 statuaS,
1398 1957 1430 1988 4.
1446 1955 1593 1986 varieta-

894 2016 1022 2051 tem,et
1032 2015 1063 2042 5.
1075 2009 1289 2041 nobilitatem
1303 2019 1312 2047 3
1334 2012 1371 2039 et
1385 2009 1394 2024 ‘
1407 2005 1592 2038 assiduum’

892 2062 982 2093 inter
997 2066 1126 2093 caetera
1140 2059 1208 2091 dici
1224 2059 1285 2099 ait,
1300 2057 1389 2100 quod
1406 2066 1472 2088 non
1487 2057 1593 2088 inter-

892 2113 1059 2144 mittitur:
1083 2116 1119 2143 et
1130 2110 1227 2142 labor
1240 2109 1427 2150 Babylonis
1443 2107 1593 2139 conden-

891 2163 944 2195 dae
967 2171 1149 2204 nunquam,
1165 2168 1203 2192 ut
1217 2171 1258 2191 ex
1271 2160 1510 2191 historicorum
1522 2167 1590 2189 mo-

891 2213 1063 2245 numentis
1086 2211 1270 2252 colligitur,
1289 2210 1498 2241 intermissus
1520 2213 1589 2240 est:

890 2264 1021 2297 idcirco
1049 2263 1090 2295 de
1115 2263 1178 2294 liae
1204 2262 1397 2300 celeritate,
1410 2265 1446 2292 et
1462 2270 1528 2291 non
1547 2259 1590 2291 de

890 2315 1030 2357 pensilis
1054 2314 1145 2346 horti
1168 2313 1367 2353 irrigatione
1390 2316 1444 2342 est
1468 2311 1593 2343 intelli-

891 2367 1051 2409 gendum.
1095 2367 1207 2399 Quem
1230 2364 1308 2395 vide
1340 2364 1486 2395 Collect.
1512 2364 1534 2394 l.
1562 2366 1592 2394 1.

890 2429 920 2451 c.
937 2422 991 2450 29.
1016 2416 1188 2457 Memphis]
1222 2414 1439 2447 Nobilissima
1452 2413 1591 2455 AEgypti

889 2471 1023 2509 civitas,
1038 2468 1138 2499 hodie
1163 2467 1270 2497 cairo.
1316 2466 1371 2497 De
1390 2465 1456 2496 situ
1481 2465 1591 2496 Mem-

889 2521 995 2562 phios,
1010 2529 1049 2551 ac
1066 2523 1202 2555 natura,
1226 2516 1376 2557 ingenio,
1400 2515 1590 2547 munitione

888 2573 969 2612 loci,
985 2571 1063 2602 vide
1080 2569 1271 2601 Diodorum
1285 2567 1436 2598 Siculum
1454 2567 1474 2597 l.
1492 2569 1523 2598 1.

930 2627 950 2655 2
973 2620 1141 2660 Assiduus]
1166 2621 1259 2660 Lego
1282 2627 1357 2650 eum
1376 2617 1513 2648 Alciato
1529 2617 1590 2648 As-

887 2674 1003 2714 syrius,
1028 2676 1064 2704 et
1092 2671 1195 2702 tertio
1223 2678 1333 2708 versu,
1360 2678 1422 2709 pro
1450 2668 1591 2707 honores,

888 2733 964 2756 cum
975 2723 1150 2763 Scaligero
1160 2721 1271 2756 Iones;
1287 2724 1410 2761 quarto
1424 2729 1535 2758 versu,
1546 2729 1589 2751 ex

897 2775 1036 2811 'I'huana
1050 2772 1259 2811 membrana,
1279 2770 1461 2802 Dissimulet
1479 2770 1590 2801 Delon.
