1866 3131
449 187 495 216 M.
531 187 642 216 VAL.

173 280 341 321 appellari
373 281 557 319 volentem,
596 279 699 320 po'e'ta
731 278 873 318 palpans

172 331 251 362 Jovi
271 331 458 371 componit,
487 332 552 361 imo
570 329 723 371 praefert,
741 333 874 368 sumpta

174 382 351 412 occasione
380 392 398 412 a
425 382 580 413 leonibus
603 382 657 422 qni
684 380 790 420 lepori
815 389 874 419 per

175 432 279 463 rictus
310 443 426 463 eorum
458 431 661 463 discurrenti
700 430 874 470 pepercis-

174 488 264 512 sent.
290 482 388 514 Quod
407 481 611 521 Imperatori
630 479 873 519 ti·ibnit‚cujus

173 532 306 563 scilicet
333 533 449 563 leones
476 536 566 570 sunt,
587 540 691 571 supra
707 530 874 570 epigram-

175 589 259 614 mat.
279 586 308 613 7.

218 636 232 663 1
260 631 416 672 Delicias]
453 631 542 664 Quid
579 631 710 669 deliciae,
746 630 874 661 dictum

173 685 290 725 Epigr.
303 688 334 715 2.
353 685 630 725 Spectaculorum
649 684 680 713 in
696 683 775 714 fine.

216 739 233 767 3
260 736 362 766 Tatios
381 747 400 767 α
425 737 515 767 dente
541 734 673 774 rediret]
707 735 762 766 Sic
787 734 874 765 infra

172 786 290 826 Epigr.
315 790 368 817 49.
392 788 401 803 ‘
418 787 488 816 Per
514 795 596 828 qnos
629 785 746 826 praeda
770 785 873 825 fugax

171 836 267 877 itque
283 836 439 877 reditque
455 836 574 877 lepus!

214 890 234 917 6
254 887 317 918 Sed
341 891 456 926 tamen,
480 889 548 928 ἅμ]
574 887 689 918 Palam
717 885 874 917 adulatur

171 938 298 968 Caesari
331 943 368 969 nt
398 939 490 978 Deo,
518 938 570 969 cui
599 942 742 978 pareant
769 937 873 968 etiam

170 986 263 1018 fera».
290 988 372 1018 le.

213 1038 318 1068 Eme.
334 1046 408 1068 ΧΠ.
435 1041 449 1068 1
471 1039 499 1068 Ο
515 1038 592 1068 mihi
605 1040 687 1077 post,
701 1036 772 1077 85⁶]
796 1037 874 1077 Epi-

169 1097 273 1119 curea
290 1089 471 1128 paraenesis
496 1088 539 1118 ad
566 1088 667 1118 vitam
692 1088 873 1128 genialiter

169 1138 335 1178 agendam
365 1138 408 1169 ab
448 1139 553 1178 ipsius
585 1139 662 1169 vitae
703 1138 871 1170 brevitate

169 1188 284 1226 ducta,
308 1199 386 1230 quae
412 1188 588 1219 deterrere
613 1188 742 1220 Juliurn
770 1199 870 1230 quam

169 1239 344 1279 impellere
369 1241 476 1280 magis
502 1245 654 1281 poterat,
685 1245 743 1271 aut
773 1245 870 1271 certe

167 1290 349 1323 debuerat.
385 1292 467 1323 Rad.
528 1293 557 1322 Ο
587 1292 665 1322 mihi
689 1295 770 1332 post,
799 1293 870 1333 ssa]

169 1341 410 1382 Transcriptns
428 1341 482 1373 hic
512 1352 627 1373 versus
647 1342 690 1373 ab
720 1343 823 1374 Ovid.
840 1347 870 1375 4.

167 1392 255 1433 eleg.
287 1394 315 1424 1.
342 1393 446 1423 Trist.
470 1393 524 1424 ‘O
553 1393 631 1423 mihi
661 1398 737 1433 post
762 1393 869 1425 nullos

168 1452 314 1484 unquam
333 1443 548 1475 memorande
563 1444 720 1475 sodates!

211 1496 231 1524 2
254 1493 363 1533 Longa
374 1494 469 1535 fides,
491 1494 561 1535 Qun]
586 1496 723 1526 Veteris
740 1500 775 1526 et
795 1505 871 1536 pro·

168 1543 260 1575 batae
289 1545 463 1583 amicitiae,
490 1555 550 1586 per
574 1556 677 1577 anuos
693 1549 746 1577 34.
773 1545 870 1578 fides.

170 1594 248 1625 vide
262 1595 370 1634 epigr.
387 1596 479 1626 34.1.
497 1598 549 1626 12.

211 1648 230 1676 3
256 1646 390 1683 Bisjum
404 1655 493 1685 poene
509 1645 659 1685 tibi,85c.]
684 1646 786 1676 Paene
798 1646 869 1686 jam

168 1697 410 1735 sexagenarius
421 1706 469 1727 es.
496 1697 662 1727 Romanos
672 1702 785 1726 autem
797 1706 872 1726 con-

169 1747 337 1779 sularibus
355 1757 548 1778 numerasse
565 1746 659 1777 fastis
673 1751 788 1777 notum
805 1751 870 1777 est.

210 1800 229 1828 4
258 1798 374 1828 Paucos
400 1797 482 1837 dies]
514 1798 666 1837 Reliquae
696 1797 788 1835 vitae,
808 1796 871 1827 tibi

159 1847 229 1887 jam
241 1848 478 1887 sexagenario:
506 1848 569 1886 vel,
585 1846 784 1886 praeteritae,
796 1856 870 1877 cum

168 1897 228 1927 tibi
245 1897 402 1928 aerumnis
430 1897 586 1938 curisque
614 1896 778 1927 distracto
796 1906 870 1937 per-

166 1949 267 1988 pauci
281 1948 457 1979 illuxerint
472 1948 545 1978 dies
558 1947 676 1978 felices
689 1952 724 1978 et
734 1946 869 1978 hilareS.

166 1999 292 2040 quippe
306 1998 365 2040 ζῇν
382 1999 563 2039 Epicureis
591 2003 690 2029 sonet
707 1997 816 2029 nitide
833 2002 870 2029 et

166 2049 312 2081 delicate
340 2050 466 2089 vivere,
488 2048 524 2080 τὸ
539 2048 571 2079 δὲ
587 2048 645 2090 ζῇν
669 2047 736 2079 εἶπέ
753 2061 816 2088 μοι,
838 2048 870 2079 τί

166 2099 247 2139 ἐστι,
265 2102 328 2130 διο.
344 2099 523 2140 Aristoph.
561 2100 694 2140 Paucos]
717 2100 867 2130 Praeter-

166 2151 233 2181 itos
248 2151 300 2180 vel
318 2150 466 2181 futuros.
486 2151 695 2190 praeteritos,
709 2150 788 2191 quia
801 2160 868 2181 non

167 2201 297 2238 vixisti,
313 2210 375 2231 nec
393 2201 492 2240 genio
505 2201 675 2231 indulsisti
693 2202 868 2240 hactenus,

167 2251 230 2281 nisi
243 2261 380 2291 perraro
393 2262 402 2289 ;
418 2251 477 2281 sed
490 2251 578 2281 curis
591 2256 626 2281 et
640 2250 812 2282 laboribus
826 2261 869 2282 ae-

166 2312 244 2332 vum
260 2311 368 2342 prope
385 2307 494 2332 totum
510 2302 669 2341 exegisti,
695 2301 785 2341 quod
803 2312 869 2333 non

167 2357 220 2383 est
237 2352 363 2383 vivere.
399 2353 557 2391 Futurus,
572 2362 647 2382 cum
664 2352 868 2393 annumjam

167 2401 412 2441 sexagesimum
452 2401 626 2441 attigeris,
665 2402 764 2442 pauci
797 2403 869 2442 jam

167 2453 242 2493 tibi,
258 2453 352 2483 aunis
368 2451 528 2493 senioque
553 2452 674 2491 fracto,
692 2452 764 2484 dics
789 2454 867 2485 vitae

165 2508 310 2535 restant.
337 2503 416 2533 Rad.

209 2557 228 2584 5
254 2553 328 2583 Non
354 2553 438 2591 bene,
469 2553 538 2594 δῖα]
572 2553 650 2584 Νοη
683 2553 870 2593 prudenter

165 2603 288 2635 feceris
303 2601 493 2633 differendo
510 2603 706 2643 voluptates
729 2603 762 2634 in
779 2603 870 2635 futu-

166 2662 240 2684 rum
256 2657 400 2691 tempus,
417 2651 507 2692 quod
521 2652 686 2684 incertum
704 2658 768 2685 est.

209 2707 229 2735 7
256 2704 474 2743 Catenatique,
498 2704 569 2744 alsa]
609 2705 761 2736 Invicem
790 2716 868 2737 con-

167 2755 258 2786 nexi.
302 2753 368 2784 Ubi
391 2754 400 2769 ‘
415 2754 507 2786 Finis
530 2755 669 2786 alterius
686 2756 777 2797 mali,
792 2766 866 2797 gra-

169 2805 230 2837 dus
247 2809 298 2836 est
315 2803 448 2836 futuri.'

675 184 954 215 MARTlAmS
990 183 1152 214 EPIGR.
1188 184 1280 213 LIB.
1319 184 1349 212 1.

1518 171 1625 213 1099

966 280 986 307 9
1012 278 1248 318 Complexuque,
1264 277 1332 317 Sym]
1365 275 1523 314 Vindica,
1539 276 1629 316 supi-

925 327 975 357 nis
993 329 1146 358 manibus
1173 329 1303 369 accipe,
1326 327 1434 359 obviis
1460 327 1545 358 ulnis
1560 336 1628 358 am-

926 379 1090 419 plectere.
1136 380 1265 419 Assere]
1291 380 1343 411 Ad
1370 379 1548 410 formulam
1580 389 1629 409 as·

925 431 1058 461 serendi
1076 431 1206 462 alludit.
1254 433 1399 463 Veteres
1429 431 1516 462 enim
1536 431 1569 461 in
1587 431 1625 461 li-

925 481 1089 512 bertatem
1109 483 1302 522 qnempiam
1321 483 1536 521 vindicaturi,
1557 492 1626 512 ma-

923 541 966 562 nu
985 533 1198 572 prendebant
1221 533 1498 573 asserebantque,
1513 532 1627 572 adjec—

925 587 959 613 ta
984 582 1047 613 hac
1079 593 1183 613 voce:
1221 584 1229 599 ‘
1248 583 1334 614 bunc
1363 583 1491 613 liberali
1522 592 1626 614 causa

925 642 1023 664 mann
1041 632 1185 664 adsero!
1209 634 1292 665 Rari.

970 687 1008 714 10
1031 684 1084 714 Sic
1099 694 1227 724 quoqne,
1241 683 1311 724 5⁴⁶]
1345 684 1457 715 Etiam
1475 685 1554 716 dum
1571 694 1626 716 ca-

924 735 1029 775 pessis
1045 740 1080 765 et
1095 735 1310 775 amplexaris.

969 787 1008 815 12
1038 785 1113 816 Vive
1136 786 1239 826 hodie]
1277 785 1401 816 Vivere
1424 785 1534 825 poetis
1562 790 1624 823 est,

925 835 1039 874 genio,
1061 836 1309 876 voluptatibus,
1334 836 1626 867 commessationi-

926 884 987 915 bus
1003 885 1136 916 assidue
1151 896 1271 917 vacare
1287 891 1322 917 et
1334 885 1525 926 indulgere.

970 936 1072 967 Erro.
1091 945 1183 967 xvu.
1208 940 1223 967 l
1247 936 1526 976 Bona‚sunt‚85c.]
1550 937 1625 967 Μο-

923 985 1022 1017 deste
1040 991 1075 1017 et
1096 996 1157 1026 per
1176 987 1295 1026 jocum
1319 987 1438 1018 librum
1455 997 1549 1017 suum
1566 996 1625 1017 ex-

925 1041 1034 1075 cusat,
1051 1037 1146 1078 quasi
1173 1047 1214 1068 ex
1242 1037 1338 1068 bonis
1364 1042 1400 1068 et
1427 1037 1523 1068 malis
1551 1038 1625 1078 epi-

925 1087 1119 1126 grammatis
1149 1093 1389 1127 compactum5
1421 1088 1551 1118 ‘tamen
1581 1097 1625 1118 ᾶ-

923 1147 1006 1177 quus
1030 1137 1144 1169 Judex
1171 1143 1372 1178 compenset
1400 1138 1491 1169 vitiis
1518 1139 1626 1170 bona:

923 1187 1074 1227 pluribus
1086 1188 1176 1218 hisce
1188 1188 1239 1228 (Si
1254 1188 1353 1219 modo
1369 1189 1466 1229 plura
1478 1189 1524 1219 illi
1538 1189 1624 1219 bona

922 1237 1016 1278 sunt)
1041 1238 1205 1270 inclines?
1228 1238 1276 1269 sic
1293 1238 1380 1269 infra
1398 1239 1504 1279 epigr.
1520 1242 1572 1270 46.
1589 1244 1625 1270 et

922 1288 989 1318 1.2.
1015 1289 1125 1328 epigr.
1143 1292 1173 1320 8.
1219 1289 1325 1328 Rana]
1350 1289 1401 1319 Ea
1418 1289 1500 1319 dicit
1524 1288 1624 1328 bona,

923 1348 997 1379 quae
1028 1339 1175 1369 virtutes
1206 1349 1323 1370 omues
1353 1339 1622 1379 Epigrammatis

921 1390 1217 1429 complectuntur:
1243 1390 1440 1430 mediocria,
1463 1400 1537 1431 quae
1554 1400 1622 1420 me-

922 1439 1073 1471 diocrem
1097 1440 1225 1472 habent
1241 1447 1350 1471 artem
1368 1446 1403 1472 et
1425 1441 1595 1481 ingenium
1613 1452 1620 1471 :

921 1492 1009 1522 mala
1025 1502 1105 1523 vero
1122 1493 1268 1523 levicula
1278 1498 1312 1523 et
1326 1492 1489 1532 vulgaria,
1505 1501 1622 1533 parum

922 1544 1096 1584 ingeniosa
1120 1549 1155 1575 et
1182 1550 1314 1585 arguta.
1342 1546 1495 1577 Raderus.
1541 1545 1622 1576 Sunt

921 1595 1003 1625 mala
1030 1595 1135 1634 plura]
1166 1595 1206 1625 In
1231 1596 1316 1626 libro
1343 1596 1475 1626 edendo
1502 1595 1620 1626 saltem

922 1646 1050 1676 servari
1068 1645 1170 1676 debet
1195 1650 1515 1685 temperamentum,
1531 1646 1621 1687 quod

922 1695 954 1725 in
968 1696 1067 1726 melle
1083 1695 1261 1726 vendendo
1276 1696 1451 1736 proposuit
1469 1696 1622 1735 Apicium,

922 1745 1043 1776 doctus
1075 1747 1160 1785 gulae
1199 1744 1335 1785 artifex,
1372 1746 1544 1785 Epimelos
1573 1749 1624 1777 15.

919 1797 928 1813 ‘
942 1797 1013 1826 Mel
1029 1795 1174 1835 malum,’
1200 1796 1322 1836 inquit,
1346 1796 1354 1812 ‘
1368 1796 1492 1827 bonum
1516 1795 1622 1828 facies

921 1847 961 1876 ad
977 1846 1202 1884 vendendum,
1218 1847 1245 1876 si
1263 1856 1360 1877 unam
1383 1854 1515 1887 partem
1534 1848 1623 1887 mali,

921 1903 956 1928 et
972 1897 1055 1928 duas
1073 1897 1149 1928 boni
1167 1897 1265 1928 simul
1279 1897 1475 1928 miscueris!
1498 1898 1621 1937 Rigalt.

964 1949 1068 1979 Epm.
1084 1957 1193 1979 xvni.
1220 1951 1235 1978 1
1257 1949 1351 1985 Cogit
1372 1958 1419 1979 me
1438 1949 1539 1989 Titus,
1554 1951 1621 1991 Syru]

921 1998 1073 2029 Monitus
1100 2008 1119 2028 a
1143 1998 1220 2028 Tito
1245 1998 1414 2038 quopiam,
1440 1999 1489 2029 uti
1515 2009 1550 2030 se
1577 2001 1621 2030 ab

918 2048 1047 2079 hedera
1062 2048 1104 2079 ad
1128 2048 1277 2088 thyrsum
1294 2059 1302 2087 ;
1328 2048 1391 2079 hoc
1404 2054 1470 2089 est,
1486 2059 1504 2079 a
1526 2049 1622 2089 poesi

919 2104 953 2130 et
970 2099 1100 2138 umbra,
1117 2098 1158 2129 ad
1175 2099 1287 2129 Solem
1305 2103 1341 2129 et
1357 2097 1469 2129 forum
1487 2099 1620 2130 confer-

920 2154 992 2187 ret3
1030 2149 1120 2190 quod
1150 2159 1271 2189 magna
1306 2159 1360 2180 res
1397 2155 1488 2180 esset
1519 2160 1620 2191 agere

920 2209 1047 2239 causaS,
1065 2199 1130 2230 boc
1156 2205 1222 2238 est,
1245 2199 1422 2231 fructuosa
1445 2205 1481 2231 et
1507 2201 1620 2240 utilis,

921 2249 1032 2289 poesis
1050 2259 1130 2279 vero
1157 2250 1282 2280 sterilis
1309 2255 1344 2281 et
1369 2250 1492 2281 inanis.
1538 2251 1620 2291 Epi-

921 2298 1115 2340 grammatis
1142 2299 1214 2330 vita
1251 2305 1303 2330 est
1336 2300 1367 2330 in
1398 2301 1620 2341 ambiguitate

918 2350 974 2380 τοῦ
1004 2350 1012 2365 ‘
1030 2350 1155 2389 Magna
1181 2358 1234 2380 res
1258 2349 1329 2380 est’
1353 2350 1482 2391 (inquit
1506 2352 1619 2393 Titus)

918 2400 1094 2432 fructuosa
1122 2400 1257 2431 scilicet
1283 2401 1344 2432 tibi
1371 2406 1406 2432 et
1433 2403 1515 2443 reip.
1532 2413 1622 2435 emo·

919 2453 1085 2491 lumento,
1098 2451 1124 2482 si
1137 2456 1169 2482 te
1185 2461 1204 2482 a
1216 2453 1324 2482 sterili
1339 2452 1431 2492 poesi
1446 2453 1486 2484 ad
1502 2464 1618 2487 causas

919 2502 1066 2543 agendas
1092 2501 1301 2533 transferas:
1326 2509 1361 2534 et
1382 2504 1438 2534 τοῦ
1467 2506 1476 2521 ‘
1492 2506 1620 2545 Magna

920 2556 995 2584 res’
1027 2553 1185 2594 (invertit
1216 2553 1335 2594 poeta)
1363 2555 1456 2586 utilis
1486 2557 1618 2589 scilicet

919 2608 972 2634 est
998 2603 1219 2643 agricultura,
1249 2605 1328 2645 quia
1360 2615 1429 2636 rem
1456 2613 1559 2648 auget
1581 2613 1618 2640 et

920 2653 1130 2694 amplificat3
1168 2664 1276 2695 neque
1306 2660 1417 2687 tamen
1445 2657 1617 2690 circulari⁸

918 2705 977 2737 ille
992 2710 1027 2736 et
1042 2705 1215 2745 improbus
1231 2706 1338 2747 labor,
1352 2713 1389 2739 ut
1405 2707 1617 2750 fructuosus,

917 2755 999 2787 mihi
1014 2754 1159 2786 arridet:
1187 2756 1308 2788 nedum
1326 2757 1379 2789 hic
1395 2758 1552 2791 forensis.

962 2806 1066 2838 Eric.
1082 2813 1158 2838 xix.
1182 2809 1197 2837 l
1219 2806 1303 2843 Quid
1328 2811 1369 2848 te,
1394 2810 1462 2850 5⁴12]
1490 2810 1613 2843 Vinum
