1866 3131
414 194 464 225 M.
499 194 607 223 vAt..
642 191 915 222 MARTIALIS
952 192 1112 224 EPIGR.
1148 194 1240 223 1113.
1278 194 1339 222 vl.

200 290 219 317 S
244 288 313 318 Non
339 288 486 327 placuisse
511 288 619 328 nimis]
644 287 696 318 Ne
713 288 780 319 cito
798 296 854 327 pe-

156 342 242 375 reat,
257 337 506 378 tequejactura
524 337 664 369 cruciet.

199 387 305 417 Epm.
335 393 423 417 xxx.
463 390 477 417 1
504 387 568 417 Sex
581 386 739 426 sestertia]
773 386 853 416 Sen-

154 445 208 465 sus
225 442 300 467 est:
327 437 361 467 Si
378 437 455 467 mihi
471 441 601 467 tantum
620 436 779 466 donasses
794 445 853 466 sex

154 487 323 525 sestertia,
334 496 433 527 quum
448 486 619 526 pollicitus
635 496 682 524 es,
694 485 854 516 deberent

155 536 215 567 tibi
234 542 345 568 tantas
361 538 502 577 gratias,
516 542 660 577 quantas
676 537 856 576 solverem,

153 588 178 616 si
197 587 357 618 donasses
375 588 530 618 ducenta.
571 588 670 618 Nunc
687 588 765 629 quia
779 598 853 619 sero

154 637 345 676 admodum,
362 643 397 668 et
423 638 478 668 vix
502 637 651 677 tandem,
674 639 762 680 quod
778 648 854 679 pro—

153 689 274 719 misisti
303 689 445 730 largitus
474 698 522 728 eS,
551 690 692 720 amisisti
721 700 853 721 omnem

153 739 293 778 gratiam
311 749 318 769 :
345 739 400 779 qui
417 740 505 770 enim
523 740 592 771 cito
609 740 682 779 dat,
697 739 748 771 bis
764 740 833 772 dat.

195 791 213 818 3
239 788 392 819 Deberem
409 789 482 829 tibi]
522 790 677 820 Gratiam
705 796 764 821 aut
793 789 854 821 foe-

153 848 214 869 nus
245 849 306 879 pro
333 839 490 871 ducentis
517 841 693 876 sestertiis,
724 841 757 871 id
789 847 856 879 est,

153 898 215 928 pro
228 889 381 921 ducentis
393 891 540 921 millibus
552 891 758 922 sestertium.
772 892 854 923 Rud-

156 940 218 970 Pro
234 941 388 981 dammis]
412 941 464 972 Ae
482 942 507 971 si
525 941 687 972 donasses
698 943 777 973 mihi
794 943 854 973 du-

151 995 252 1020 centa
269 992 451 1022 sestertia:
477 1002 552 1022 nain
564 993 651 1033 quod
669 998 854 1032 exponunt,

147 1040 231 1070 ‘sex
263 1042 395 1072 ratione
428 1041 566 1073 foenoris
604 1043 853 1082 ducentoruin,’

149 1099 216 1120 non
234 1091 356 1131 placet.

191 1145 210 1171 5
235 1142 411 1182 Kalendas]
449 1143 597 1174 Menses.

193 1197 211 1224 7
239 1195 432 1235 Perdidisti]
468 1196 477 1212 ‘
496 1196 554 1226 Bis
582 1196 654 1235 dut,
684 1196 752 1228 Qui
785 1195 853 1227 cito

149 1243 220 1282 dat,
245 1244 370 1275 minimi
398 1246 508 1285 gratia
537 1245 635 1276 tarda
661 1245 751 1286 preti
777 1246 854 1277 est)

148 1294 274 1327 Alciat.
293 1295 404 1327 Embl.
435 1299 509 1327 162.
549 1297 638 1328 Vide
663 1297 782 1338 Epigr.
798 1300 850 1329 20.

150 1355 265 1387 supra.

192 1398 297 1429 Epic.
315 1407 419 1429 xxxi.
450 1401 470 1429 ⁶..)
502 1398 557 1430 Vis
572 1398 638 1430 sine
653 1398 744 1437 febre
757 1399 850 1439 mori]

146 1448 361 1479 valetudinis
376 1448 465 1480 forte
479 1449 587 1489 gratia
602 1450 755 1490 vigilanti
766 1455 849 1481 ster-

148 1499 192 1529 tis
208 1508 301 1537 naso,
316 1504 351 1529 et
369 1498 537 1529 medicum
553 1500 675 1539 palpas
698 1500 773 1540 hac,
786 1501 850 1532 hoc

147 1548 238 1579 volui
251 1548 362 1580 dicere
378 1559 530 1580 munere.

190 1600 296 1630 Eme.
313 1608 435 1631 xxxn.
454 1603 468 1630 1
485 1601 563 1631 Cum
578 1599 750 1640 dubitaret]
766 1601 850 1632 Cum

149 1650 258 1681 adhuc
275 1652 417 1691 ancipiti
442 1651 612 1692 dubioque
627 1652 740 1682 Marte
758 1652 850 1683 Otho

148 1712 225 1732 cum
253 1702 394 1732 Vitellio
412 1707 591 1742 pugnaret.
637 1703 743 1743 Enyo]
772 1703 852 1733 Bel-

147 1754 238 1791 lona,
271 1753 366 1784 furor
392 1753 546 1785 bellicus.
584 1754 704 1794 Epigr.
721 1758 774 1785 24.
792 1754 849 1784 lib.

148 1809 257 1843 spect.
274 1813 360 1834 verS.
378 1806 408 1834 3.

190 1856 210 1884 2
236 1854 342 1884 Posset
369 1849 501 1889 vincere]
542 1853 666 1894 Neque
697 1854 787 1885 enim
814 1864 850 1886 se

147 1903 267 1934 Galba*
282 1904 503 1943 opposuisset,
515 1904 579 1934 nisi
592 1910 762 1944 sperasset
778 1906 850 1936 sine

147 1954 236 1984 bello
251 1955 341 1985 civili
360 1964 429 1985 rem
454 1955 525 1993 geri
543 1957 713 1995 potuisse3
747 1962 849 1997 atque

147 2004 204 2034 ubi
222 2004 294 2044 jam
320 2015 338 2035 a
362 2005 556 2035 Vitellianis
578 2006 619 2035 ad
644 2006 847 2037 Bebriacnm

144 2055 264 2086 fraude
278 2061 452 2096 snperato,
463 2057 749 2096 satissuperesset
763 2058 848 2098 spei,

144 2106 354 2149 integraeque
371 2106 444 2138 fere
468 2108 589 2147 copiae,
605 2109 847 2148 supervenien-

145 2157 236 2187 tibus
266 2164 301 2188 et
330 2158 415 2196 aliis,
449 2158 525 2188 odio
553 2164 668 2189 tamen
699 2159 846 2190 civilium

144 2216 325 2247 armorum,
352 2214 387 2239 et
415 2218 457 2239 ne
486 2208 616 2249 periret
638 2210 846 2250 populus‚se

144 2258 294 2297 pugione
321 2257 512 2289 transfodit.
547 2260 687 2291 Sueton.
715 2261 846 2300 Dio,et

144 2307 251 2338 Tacit.
271 2311 301 2338 2.
318 2307 410 2339 Hist.
455 2309 563 2339 Mollis
575 2310 672 2350 Otho]
696 2311 749 2342 De
764 2313 847 2342 mol-

144 2357 215 2387 litie
232 2357 469 2396 ejus-,Suetom
491 2368 568 2399 cap.
592 2362 645 2391 12.
667 2366 702 2392 et
723 2362 847 2394 Juven.

145 2409 218 2439 Sat.
234 2411 265 2439 2.
283 2418 369 2439 vers.
390 2411 462 2440 102.

187 2461 206 2489 3
231 2458 415 2498 Damnavit,
432 2460 501 2500 ἔξω]
540 2461 662 2493 Civilia
687 2462 775 2494 bella
791 2474 847 2495 ex-

145 2520 239 2541 osum
266 2510 450 2548 Othonem,
476 2511 579 2542 etiam
603 2513 772 2552 privatum
790 2516 847 2546 ad-

144 2561 224 2599 huc,
250 2559 357 2590 refert
381 2559 475 2591 Suet.
504 2570 580 2601 cap.
598 2564 646 2593 10.
691 2563 757 2594 Sed
774 2566 846 2605 pnl-

144 2611 310 2642 cherrime
324 2610 412 2650 apud
424 2611 570 2641 Dionem
583 2613 730 2653 loquitur
743 2614 850 2661 Otho,

145 2672 248 2705 quum
285 2662 416 2703 inquit:
454 2665 463 2679 ⁶
482 2663 594 2694 Multo
626 2666 746 2696 melius
783 2671 848 2705 est,

144 2714 318 2754 multoque
334 2712 474 2753 justius,
501 2723 600 2745 unum
633 2725 693 2755 pro
720 2717 846 2756 multis,

147 2774 246 2804 quam
266 2774 325 2804 pro
343 2773 406 2794 nno
426 2764 547 2794 multos
576 2765 725 2797 interire.
773 2768 844 2807 Ego

1496 183 1609 225 1259

904 286 1040 327 quidem
1056 287 1185 318 Mutius
1203 299 1277 320 esse
1303 289 1429 329 malim,
1451 293 1509 320 ant
1526 289 1609 320 Cur-

907 337 987 376 tius,
1004 347 1104 377 quam
1118 339 1261 377 Marius,
1278 350 1375 381 quam
1390 340 1510 381 Sylla‚’
1527 343 1591 371 ἃς.

947 391 964 417 5
995 388 1051 419 Vel
1069 389 1193 419 Coesare
1213 391 1325 431 maior]
1359 392 1435 423 Quo
1459 391 1513 421 vel
1541 391 1610 421 vic·

905 444 979 469 tore
993 439 1157 479 majorem
1174 449 1209 470 se
1226 446 1261 471 et
1277 442 1449 472 meliorem
1464 440 1609 472 affirma-

905 489 954 519 vit
975 489 1070 520 Cato.

947 542 967 569 6
991 540 1098 579 Major
1116 541 1328 581 Ollwnefuit]
1360 543 1473 573 Minor
1490 547 1583 573 certe
1599 552 1606 572 :

905 590 991 621 Cato
1004 591 1093 620 euim
1109 590 1209 620 rebus
1223 590 1341 622 fractis
1353 597 1388 622 et
1404 592 1608 632 desperatis,

905 640 997 671 Otho
1013 641 1114 671 salvis
1135 641 1207 680 jam
1226 646 1260 672 et
1278 642 1441 681 integri&
1475 643 1531 672 ille
1549 647 1608 673 taz-

903 690 972 730 dio,
988 690 1041 721 hic
1055 691 1132 722 odio
1148 691 1227 722 belli
1242 692 1350 722 civilis
1363 702 1398 722 se
1412 691 1606 723 interfecit:

904 741 1007 771 vitam
1025 741 1158 772 mollem
1177 740 1258 772 forti
1287 747 1396 772 morte
1412 743 1608 774 cohonesta-

1009 793 1018 808 ‘
1037 791 1105 822 Alii
1118 792 1125 804 ’
1142 792 1270 833 (iuquit
1286 791 1445 833 Tacitus)
1461 794 1469 809 ‘
1484 793 1608 824 diutius

905 842 1083 882 imperium
1107 847 1304 883 tenuerunt,
1330 853 1429 873 nemo
1456 848 1523 874 tam
1540 843 1608 874 for-

905 894 988 922 titer
1003 891 1166 933 reliquit.'

948 943 1049 973 Epic..
1068 952 1204 974 xxxut.
1242 945 1261 973 4
1289 943 1362 974 Tam
1377 943 1482 982 miser,
1503 947 1533 974 et
1551 945 1609 981 snm

903 993 980 1033 tuit]
1018 993 1062 1023 Et
1079 993 1212 1023 miseria
1228 994 1439 1024 miseriarum
1456 995 1526 1025 haec
1542 1000 1608 1031 est,

905 1043 993 1083 quod
1020 1044 1150 1074 amissis
1177 1043 1259 1084 fuga
1284 1050 1318 1074 et
1343 1049 1452 1074 morte
1479 1045 1608 1085 pueris,

903 1093 1063 1124 detrusus
1082 1099 1135 1125 est
1151 1094 1192 1124 ad
1219 1095 1388 1125 mulieres.
1430 1095 1607 1136 Scoptice.

902 1144 1055 1175 'l'urneb.
1071 1144 1129 1175 lib.
1145 1148 1197 1176 26.
1213 1155 1288 1185 cap.
1305 1148 1358 1176 27.

947 1195 1049 1225 Epic.
1066 1203 1200 1225 xxxiv.
1225 1198 1239 1225 l
1260 1196 1360 1225 Basia
1372 1197 1411 1226 da
1424 1195 1523 1234 nobis,
1539 1197 1607 1237 ssa}

902 1245 990 1276 Vide
1007 1246 1123 1285 Epigr.
1148 1248 1203 1277 64.
1224 1246 1281 1277 lib.
1303 1249 1333 1277 3.
1357 1252 1394 1277 et
1418 1248 1537 1288 Epigr.
1552 1250 1606 1278 47.

902 1295 959 1326 lib.
976 1300 1009 1327 5.

944 1350 963 1377 4
991 1348 1138 1388 Cecropio
1168 1352 1282 1388 monte,
1308 1347 1378 1388 ἃς]
1426 1348 1608 1390 Hymetto,

902 1402 1018 1427 monte
1035 1407 1142 1438 prope
1168 1398 1337 1437 Athenas,
1359 1400 1503 1440 Cecropi
1530 1410 1605 1440 reg-

901 1454 1010 1487 natas,
1035 1448 1162 1489 thymo,
1194 1449 1376 1490 apibus,et
1402 1451 1503 1481 melle
1520 1451 1606 1482 cele·

902 1498 964 1530 bri.

947 1554 964 1580 5
986 1550 1014 1580 V
1013 1559 1149 1591 ocesque,
1164 1560 1332 1591 manusque
1347 1551 1483 1591 theatro]
1506 1551 1607 1582 Plau-

904 1609 942 1629 su
969 1600 1057 1630 enim
1089 1606 1124 1631 et
1153 1601 1274 1632 faustis
1304 1603 1604 1633 acclamationibus

903 1651 1164 1691 excipiebantur
1179 1652 1211 1682 in
1228 1654 1433 1692 spectaculis
1455 1653 1606 1693 Impera-

904 1706 1006 1731 tores.
1053 1702 1097 1732 Et
1129 1702 1178 1732 his
1207 1703 1508 1734 acclamationibus
1537 1704 1604 1734 Irn-

901 1752 1050 1792 peratori
1067 1753 1264 1784 felicitatem
1281 1754 1604 1793 comprecabantur.

902 1803 995 1833 Nola
1011 1802 1048 1832 τὸ
1073 1803 1229 1841 Ῥωμαίοις
1251 1802 1378 1841 σύνηθες
1392 1804 1538 1843 εὐτυχίαν
1553 1806 1604 1835 ἐπ-

905 792 965 822 vit.

901 1852 1086 1891 ευχομένων.
1130 1854 1217 1884 Nam
1236 1864 1300 1884 vox
1313 1859 1388 1885 erat
1407 1856 1416 1870 ‘
1434 1854 1606 1887 feliciter.'

900 1903 986 1933 Aliis
1015 1904 1118 1934 etiam
1147 1903 1320 1934 blanditiis
1361 1905 1603 1937 onerabantur.

899 1953 987 1983 Vide
1003 1954 1148 1984 Ter-tull.
1165 1954 1224 1984 lib.
1237 1954 1279 1985 de
1292 1956 1512 1994 spectaculis,
1526 1967 1601 1997 cap.

899 2006 952 2034 25.

941 2057 961 2084 6
987 2055 1065 2085 Cum
1079 2055 1218 2095 populate,
1235 2055 1304 2095 ἔγω]
1343 2055 1411 2086 Ubi
1431 2056 1550 2096 plausu
1567 2063 1603 2087 et

897 2102 1014 2134 faustis
1040 2105 1342 2136 acclamationibus
1371 2106 1545 2146 excipitur
1567 2107 1601 2137 in

897 2155 1107 2195 spectaculis
1122 2156 1248 2187 Caesar.

939 2208 957 2236 7
984 2207 1067 2241 Quot
1098 2210 1212 2245 arguto
1240 2207 1338 2248 dedit,
1362 2207 1430 2248 ξω]
1466 2208 1475 2225 ‘
1492 2208 1605 2248 Mille,

897 2256 1020 2287 deinde
1051 2261 1203 2296 centum,
1232 2257 1323 2288 Dein
1354 2258 1447 2288 mille
1477 2259 1600 2300 altera,

897 2306 978 2337 dein
1003 2306 1155 2337 secunda
1175 2307 1336 2348 centnm,’
1363 2310 1427 2339 «Sec.
1473 2309 1599 2341 Catull.

898 2357 1015 2397 Epigr.
1033 2360 1064 2387 5.
1083 2357 1123 2387 ad
1140 2356 1307 2388 Lesbiam.

940 2410 959 2437 8
982 2407 1090 2437 Pauca
1117 2406 1214 2446 cupit,
1231 2406 1300 2446 εγω]
1323 2407 1332 2422 ‘
1350 2407 1517 2448 Pauperis
1547 2413 1601 2441 est

897 2467 1076 2488 numerare
1100 2467 1203 2497 pecus
1219 2457 1239 2487 2’
1263 2461 1298 2487 et
1314 2457 1436 2490 Horat.
1460 2460 1469 2475 ‘
1483 2469 1597 2491 nume-

899 2507 1027 2546 rabilis,
1043 2511 1164 2547 utpote
1182 2506 1332 2547 paucus‚’
1346 2507 1456 2548 Epist.
1473 2509 1515 2540 ad
1539 2509 1596 2540 Pi-

898 2567 1006 2590 sones.

943 2610 1045 2639 Epio.
1063 2617 1179 2639 xxxv.
1210 2608 1250 2639 Iu
1275 2609 1454 2640 molestum
1468 2611 1596 2643 canssi-

899 2659 1023 2698 dicum,
1038 2668 1137 2700 quem
1159 2658 1250 2690 inter
1273 2659 1455 2691 dicendum
1480 2660 1596 2693 biben-

899 2715 978 2747 tem,
1006 2715 1045 2741 nt
1075 2709 1163 2740 vires
1200 2715 1394 2749 revocaret,
1429 2711 1595 2754 horasque

898 2761 1022 2792 orando
1051 2761 1218 2801 expleret,
1236 2759 1349 2792 Poeta
1374 2768 1497 2802 monet,
1514 2769 1549 2794 ut
1567 2764 1593 2794 si
