1866 3131
427 181 474 210 M.
508 181 618 210 VAL.
654 180 924 210 MAR'rlAJAS
961 182 1117 212 EPIGR.
1153 183 1243 212 [AB.
1278 183 1326 212 X.

200 274 220 301 6
245 272 439 312 Clauserunt,
454 273 524 313 ὅκῃ]
559 273 686 305 Omnes
705 274 752 305 illi
769 273 849 305 mihi

156 323 314 353 morienti
345 324 544 363 superstites
567 326 758 356 clauserunt
773 334 851 355 ocu-

153 374 225 403 los:
260 373 349 412 quod
378 378 453 405 erat
480 375 622 405 maxime
648 377 851 416 propinquo-

157 432 229 453 rum
245 422 398 454 officium.
422 423 511 456 Plin.
527 425 583 455 lib.
603 428 653 456 ll.
665 434 739 465 cap.
756 427 808 456 37.

199 476 217 503 7
233 472 379 513 Fuieque]
396 472 494 504 Unici
507 474 616 504 mariti
631 475 680 504 sui
691 474 851 514 conjunx.

200 524 303 554 Epio.
319 533 419 555 an'.
455 526 469 554 l
490 524 625 564 Regina]
664 525 779 563 Dives,
795 534 851 555 no-

159 573 244 609 bilis,
270 580 424 614 patrona.
469 575 558 605 Paua
586 574 716 614 libellos]
755 575 852 606 Uxor

161 624 306 662 Lucani3
340 625 415 655 vide
446 625 650 666 Epigramm.
667 628 718 656 21.
743 630 777 656 et
799 628 851 656 23-

157 675 213 706 lib.
231 677 261 706 7.

199 728 217 756 3
243 726 300 756 lue
314 729 384 756 tuus
398 726 497 766 vates]
538 726 703 757 Lucanus.
726 725 850 756 Helico-

161 776 210 806 nis
221 776 323 814 gloria
338 776 452 817 nostri]
476 776 623 808 Poeseos
640 776 770 808 Latinae
795 775 852 806 de-

160 834 229 856 cus.

198 878 218 906 4
244 875 325 906 Fero
354 876 431 907 bella
457 877 545 918 tuba]
599 876 733 917 Civilia,
761 876 851 907 iuter

157 928 324 957 Caesarem
341 932 376 959 et
393 928 603 968 Pompeium.

199 980 217 1006 5
245 976 316 1007 Non
345 981 457 1015 tamen,
484 978 553 1018 δῖα]
583 977 726 1017 Scripsit
750 976 851 1008 etiam

158 1026 280 1057 lasciva
297 1028 453 1059 Carmina
469 1033 503 1059 et
522 1028 788 1069 Epigrammata.

199 1076 303 1108 Eme.
320 1086 399 1108 va.
437 1078 476 1109 In
493 1078 748 1110 Carmenionem
761 1076 852 1108 effoe·

158 1126 317 1158 minatum
346 1128 478 1167 scribit,
503 1138 600 1169 quem
640 1129 725 1159 salse
753 1132 852 1158 vocat

158 1185 251 1207 suam
267 1186 435 1216 sororem3
470 1188 570 1220 quum
595 1179 652 1209 ille
671 1188 707 1210 se
731 1178 851 1209 Poetae

158 1224 298 1257 fratrem
315 1227 457 1258 diceret.

201 1279 214 1307 1
242 1277 444 1317 Municipem,
458 1277 524 1317 Em]
555 1277 671 1310 Civem
687 1277 854 1308 Corinthi-

158 1336 223 1357 um.
250 1326 410 1368 Praeceps
428 1328 516 1358 enim
534 1328 713 1359 Corinthus
728 1328 762 1358 in
781 1329 852 1358 lux-

159 1377 264 1407 uriam
280 1381 367 1416 erat,
392 1377 613 1418 plurimaeque
641 1378 853 1418 voluptatum

157 1426 327 1457 illecebrae
354 1426 490 1459 ibidem.
535 1427 626 1458 Hinc
655 1428 853 1458 Carmenion

158 1476 382 1508 effoeminatus
403 1477 542 1518 fingitur
561 1488 603 1509 ex
632 1477 766 1509 officina
791 1479 854 1510 Co-

159 1528 358 1558 rinthiorum
376 1527 537 1568 prodisse.
582 1529 634 1560 De
656 1529 736 1569 jure
752 1530 855 1562 muni.

160 1580 273 1618 cipum
291 1578 368 1609 vide
383 1578 423 1610 A.
440 1578 530 1611 Geli.
552 1579 608 1610 lib.
627 1582 676 1611 16.
701 1588 777 1620 cap.
802 1582 852 1611 13.

159 1634 194 1659 et
212 1629 386 1667 Rosinum,
402 1628 457 1659 lib.
478 1631 526 1660 10.
541 1639 615 1668 cap.
632 1633 685 1661 22.

195 1682 215 1709 2
240 1679 384 1717 Negmzte
409 1678 505 1717 nullo]
551 1679 674 1710 Molles
701 1679 787 1710 enim
819 1683 855 1710 et

159 1729 304 1770 improbi
319 1739 430 1760 mores
446 1730 494 1760 tui
510 1730 573 1760 hoc
589 1731 783 1771 loquuntur.

203 1782 221 1810 3
249 1780 313 1809 Cur
326 1779 446 1817 frater,
468 1779 536 1819 &⁶ss
559 1779 626 1810 Cur
651 1789 703 1810 me
725 1779 854 1810 Bilbili-

163 1836 277 1859 tannm
292 1839 334 1859 ex
348 1829 536 1860 Celtiberia
551 1830 701 1870 appellas
714 1830 854 1862 fratrem

164 1880 278 1910 tuum?

201 1932 221 1960 ὃ
247 1929 478 1970 Ταῂεπιι,ὄ)ἐ.]
494 1929 543 1960 Tu
558 1935 630 1961 arte
647 1930 855 1961 calamistra-

160 1987 210 2011 tos
226 1980 329 2011 babes
355 1981 516 2020 capillos:
541 1989 603 2020 ego
629 1981 786 2020 neglecta
801 1991 854 2012 co·

160 2042 215 2063 ma
228 2036 263 2063 et
275 2031 402 2062 inculta
414 2031 579 2062 horridus.

202 2087 222 2114 7
246 2084 410 2123 Ηὶςραηίς,
440 2083 509 2123 ἐγὼ]
541 2084 721 2121 Horridus,
751 2085 856 2115 incul-

161 2140 223 2165 tus.
270 2135 278 2150 ‘
296 2135 395 2164 Nunc
413 2133 454 2164 de
471 2135 638 2173 capillatis
650 2135 855 2166 cuniculosae

161 2184 374 2221 Celtiberiae‚'
391 2188 453 2215 ἀρ.
477 2185 587 2215 Catul.

204 2237 223 2264 8
248 2234 386 2274 Dropace
402 2239 434 2265 tu
450 2235 643 2275 quotidiano]
667 2236 784 2275 Epigr.
802 2239 856 2267 29.

162 2285 217 2315 lib.
232 2286 261 2315 2.
278 2292 365 2314 vers.
381 2288 412 2316 6.

206 2336 245 2364 10
271 2335 314 2364 Os
327 2334 465 2373 blaesum]
496 2335 596 2367 Quod
623 2337 737 2367 vitium
764 2346 855 2377 saepe

163 2384 414 2415 delicatioribus
451 2390 487 2414 et
526 2386 755 2424 pinguioribus
793 2392 855 2418 est.

167 2433 360 2473 Debilisque]
386 2433 548 2472 infracta,
566 2445 681 2474 parum
700 2437 813 2468 virilis.

209 2488 244 2516 11
273 2484 462 2525 Nobisfilia‚
478 2484 545 2524 cisa]
569 2485 654 2516 Filia
667 2496 739 2517 mea
754 2488 857 2519 habet

167 2544 281 2565 vocem
299 2534 404 2573 magis
422 2535 552 2565 virilem
566 2545 663 2576 quam
682 2542 727 2567 tu.

209 2588 246 2615 13
265 2583 400 2624 Dorcas]
416 2584 511 2616 Inter
522 2585 704 2625 sylvestres
715 2596 856 2624 capreas

164 2643 380 2671 nummatum
404 2636 508 2674 magis
532 2640 642 2666 tamen
667 2637 801 2667 accedit
815 2637 854 2668 ad

166 2695 315 2717 cervum.
338 2684 367 2716 A
385 2685 508 2716 Gi'aeco
524 2684 626 2725 δέρκω,
642 2687 751 2718 video.

210 2738 247 2764 15
271 2734 427 2774 Sororem]
452 2735 589 2765 Mollem
616 2741 651 2766 et
678 2735 856 2767 efflemina-

255 2788 362 2827 Daph,
378 2793 405 2819 rt
422 2788 495 2818 Vrtr.
509 2790 589 2820 slus.

809 2791 956 2821 Marum.

1483 174 1590 216 1377

901 278 984 304 tum.
1031 274 1095 305 Vel
1119 276 1302 314 amasium3
1325 284 1474 306 sororum
1505 277 1592 307 enim

900 324 1032 355 nomine
1059 325 1183 356 amicas
1207 326 1432 365 designabant
1455 326 1596 367 antiqui.

900 374 977 406 Vid.
996 375 1113 415 Epigr.
1130 379 1161 406 4.
1176 376 1276 406 liu-2..
1294 381 1327 407 et
1342 376 1399 408 lib.
1416 379 1464 407 12.
1479 377 1595 416 Epigr.

900 427 953 455 20.
970 429 1006 455 et
1021 424 1204 456 Petronius
1222 426 1355 466 passim.

943 475 1048 506 Eme.
1074 483 1170 506 wa.
1201 479 1219 506 2
1246 477 1297 516 Te,
1327 477 1524 517 Theopompo,
1546 487 1593 507 co-

899 526 982 566 cum]
1007 527 1219 568 Emphatice.
1245 529 1291 558 'l'e
1303 532 1371 559 tam
1388 529 1511 560 eximie
1527 527 1594 560 sor-

900 587 1043 608 mosum.

942 631 962 658 4
991 628 1090 658 Uncto
1103 628 1212 668 polluit
1237 638 1338 667 ungue
1353 629 1468 669 comus]
1491 630 1595 661 Manu

901 683 1024 709 uncta:
1046 688 1166 717 greuse.
1212 679 1279 709 Alii
1300 679 1366 719 leg.
1391 683 1480 711 uncto
1508 681 1595 720 polli-

897 728 983 766 gz'ne,
1010 728 1043 758 id
1070 733 1134 768 est,
1166 728 1297 759 nidore.
1357 729 1524 760 Gruterus
1555 736 1595 761 ex

901 778 1050 809 Palatin.
1074 778 1171 818 legit,
1193 779 1305 819 polluit
1330 780 1422 817 igne;
1445 784 1481 811 et
1509 790 1596 811 (eoni—

900 834 1107 859 mentatores
1120 829 1259 869 capiunt
1273 828 1316 859 de
1330 830 1448 861 nidore
1462 831 1595 868 culinas,

901 884 937 908 ut
953 882 989 908 et
1016 878 1196 916 Gruterus,
1220 879 1267 910 ita
1292 884 1404 910 tamen
1429 884 1467 911 ut
1493 881 1597 911 addat

901 926 1045 959 foculum
1062 927 1300 969 flammantem,
1322 929 1468 971 ideoque
1482 941 1546 961 una
1562 935 1595 961 et

901 977 1028 1009 fumum
1046 979 1119 1019 ejus
1137 984 1171 1010 et
1188 979 1376 1019 fuliginem.

944 1032 962 1059 5
989 1029 1069 1064 Quis
1080 1031 1187 1069 polius
1202 1031 1339 1071 cyutltos,
1357 1029 1424 1071 ἔξω]
1449 1032 1533 1063 Quis
1549 1042 1601 1064 es·

902 1084 953 1109 set
972 1079 1076 1118 magis
1092 1079 1235 1110 idoneus
1251 1080 1404 1112 minister
1418 1082 1596 1113 miscendis

901 1129 1056 1170 pocufis?

944 1181 963 1209 7
987 1179 1130 1210 Sidereos
1145 1179 1262 1219 munet]
1287 1180 1464 1220 Pulchros,
1479 1187 1515 1213 et
1532 1192 1597 1213 coe-

901 1228 998 1259 litum
1022 1230 1178 1260 convivio
1199 1231 1327 1271 dignos,
1379 1231 1498 1262 Exitus
1520 1232 1596 1271 iste]

902 1278 1035 1310 Culina.

946 1329 1052 1361 Eme.
1083 1337 1195 1360 van.
1228 1332 1242 1360 1
1270 1331 1402 1371 Pyrrhae
1418 1332 1506 1373 filia,
1531 1333 1598 1372 eye.)

902 1378 990 1409 Vide
1008 1379 1125 1420 Epigr.
1149 1382 1201 1411 39.
1229 1389 1343 1420 supra.
1366 1381 1598 1422 Hyperbolice

902 1430 1023 1460 onmia.

945 1483 963 1510 5
990 1480 1184 1517 Cornicibus‚
1204 1479 1273 1520 ἃμ]
1311 1481 1398 1513 Quae
1435 1482 1596 1521 longaevae

902 1534 992 1561 sunt.
1029 1531 1038 1546 ‘
1051 1530 1184 1561 Cornici
1200 1540 1319 1562 novem
1333 1535 1454 1563 aetates
1470 1538 1599 1563 nostras

904 1580 1025 1611 tribuit
1056 1580 1249 1618 Hesiodus,'
1288 1581 1420 1612 Plinius
1451 1582 1538 1613 libro
1569 1586 1599 1613 7.

903 1632 1015 1671 capite
1030 1634 1082 1663 48.

947 1686 967 1713 6
1001 1682 1073 1713 Sita
1106 1683 1221 1722 prurit,
1255 1682 1326 1722 gra]
1370 1683 1597 1716 Libidinosam

905 1742 1002 1763 annm
1018 1732 1116 1772 fingit
1131 1733 1233 1763 etiam
1249 1733 1417 1773 sepultam
1434 1735 1578 1774 prurire.

949 1782 1052 1813 Eme.
1070 1791 1198 1813 vam.
1214 1782 1478 1822 [Annotationes
1493 1784 1599 1816 edito-

906 1832 949 1862 ris
968 1831 1156 1872 Delphinii,
1171 1830 1204 1862 id
1230 1832 1320 1872 quod
1347 1837 1383 1863 et
1403 1834 1600 1874 plerumque

905 1881 945 1912 fit
959 1891 1034 1912 cum
1057 1881 1302 1922 Interpretatio
1320 1881 1432 1922 deest,
1446 1893 1465 1914 a
1481 1884 1600 1914 Schre-

907 1931 1039 1962 veliana
1054 1932 1116 1962 Ed.
1144 1932 1186 1962 ad
1209 1932 1347 1963 verbum
1370 1933 1423 1964 hic
1444 1940 1599 1965 assumta:

907 1981 1011 2022 stum]

950 2033 1054 2064 Emo-
1070 2039 1172 2064 txlx.
1189 2035 1206 2063 1
1227 2034 1387 2073 Custodes,
1401 2033 1469 2075 ‹Sy-c]
1484 2036 1602 2076 Epigr.

907 2083 1033 2113 45.lib.
1049 2085 1081 2113 2.
1128 2082 1216 2123 Ipsa]
1240 2083 1325 2116 Quae
1350 2089 1464 2115 tamen
1492 2095 1601 2117 versa-

908 2135 952 2164 ris
966 2143 1040 2164 cum
1053 2133 1277 2173 cinaedis‚&c.
1299 2134 1413 2175 Supra
1421 2135 1536 2176 Epigr.
1547 2140 1601 2167 40.

949 2189 968 2215 2
992 2185 1125 2221 Ducere,
1150 2183 1255 2224 Polla,
1279 2185 1394 2224 virum]
1431 2186 1601 2217 Exerceie

908 2235 1086 2274 imperium
1108 2233 1141 2263 in
1162 2234 1280 2272 virum,
1297 2236 1438 2275 perinde
1454 2242 1506 2267 est
1521 2246 1560 2267 ac
1575 2239 1601 2267 si

908 2294 992 2315 uxor
1018 2284 1169 2314 duxisset
1192 2285 1360 2321 maritum,
1389 2295 1465 2326 quae
1491 2291 1601 2317 tamen

909 2337 1043 2377 proprie
1055 2334 1181 2365 dicitur
1190 2334 1318 2365 nubere
1329 2337 1461 2367 marito.
1484 2336 1583 2376 Epigi
1595 2360 1602 2367 .

910 2391 961 2418 12.
970 2388 991 2420 l.
1002 2389 1034 2417 S.
1052 2385 1127 2416 Hoc
1140 2394 1218 2423 ergo
1229 2384 1328 2415 modo
1342 2394 1463 2416 uxores
1474 2387 1604 2418 ducunt

907 2438 1009 2475 viros,
1026 2445 1090 2466 non
1104 2434 1166 2465 viri
1179 2443 1319 2473 uxores3
1342 2440 1377 2465 et
1393 2436 1456 2466 viri
1471 2436 1603 2468 nubunt

908 2486 1079 2524 uxoribus,
1094 2493 1158 2515 non
1175 2493 1295 2514 uxores
1317 2485 1414 2516 viris:
1439 2491 1540 2527 atque
1558 2489 1603 2518 in-

910 2545 1006 2566 verso
1036 2534 1152 2566 ordine
1187 2539 1310 2574 parent
1340 2536 1413 2575 viri,
1443 2538 1600 2569 mulieres

909 2591 1024 2616 contra
1041 2586 1219 2623 imperant.
1244 2583 1376 2615 Herald.

953 2635 1055 2665 Eme.
1085 2642 1168 2665 Lxx.
1212 2633 1361 2664 Excusat
1397 2638 1599 2677 scriptorum

910 2686 1119 2723 tarditatem,
1135 2692 1335 2724 causamque
1348 2685 1379 2716 in
1397 2687 1531 2719 urbicas
1547 2699 1601 2720 oc-

909 2737 1107 2777 cupationes
1121 2733 1264 2768 confert.

1455 2796 1516 2823 λδ
