1866 3131
254 150 367 192 1166

253 255 318 296 tat)
341 255 491 286 natalem
520 253 629 294 patris
657 253 719 292 tul,
746 263 813 295 quo
843 253 956 285 editus

254 312 318 346 est,
335 308 367 336 iu
386 306 458 336 dias
480 304 615 335 luminis
637 313 750 343 auraS,
768 304 820 334 vel
837 314 878 334 ex
894 314 958 335 coe-

253 358 331 388 lesti
348 356 559 387 revolutione
577 365 760 386 reversum.
787 354 922 386 Farnab.

297 412 317 439 4
340 406 530 447 Libat,85c.]
552 407 667 447 Atque
683 406 746 437 hoc
765 405 886 436 eodem
902 405 958 436 die

256 461 399 502 primam
430 459 571 490 barbam
595 458 794 498 deposuisti,
813 457 868 498 qui
885 457 959 498 qui-

254 512 334 542 dem
357 510 430 541 dies
461 509 582 550 priscis
613 518 721 548 sacer,
748 508 896 540 solennis
924 511 959 538 ct

254 566 432 604 perpetuae
459 559 643 591 memoriae.
679 559 822 590 Sueten.
847 568 876 590 c.
906 561 958 590 12.

256 614 386 646 Neron.
415 616 450 644 et
479 611 677 652 Xiphilinus
704 610 738 640 in
766 611 906 641 Nerone
923 614 960 640 et

255 664 496 706 Heliogabalo.
519 663 643 695 Juven.
659 664 690 692 3.
706 661 741 692 S.
759 663 832 691 186.

298 721 316 747 5
343 717 464 754 Magna
489 714 574 752 licet,
597 713 666 753 Sym]
698 711 851 742 Martial.
877 711 899 742 l.
929 713 958 740 1.

255 768 364 808 epigr.
379 769 434 798 88.
457 766 466 782 ‘
485 769 620 796 tonsum
638 762 693 794 fac
722 762 802 799 cito,
820 771 895 792 sero
914 761 961 791 vi-

256 818 355 849 rum.’
381 818 464 848 Rad.

299 873 319 900 6
343 869 424 900 Plus
437 876 603 907 nunquam,
631 863 701 905 ἐγὼ]
739 862 826 894 Filio
852 861 960 893 dulcis

255 925 308 951 est
321 919 429 960 patris
441 917 520 947 vitae
533 915 696 946 memoria
709 913 960 944 anniversaria:

255 970 346 1012 patri
376 969 466 1000 nulla
496 967 569 997 dies
602 965 743 1006 gratior,
769 973 868 1005 quam
896 972 962 1004 qua

255 1021 316 1052 filii
355 1019 416 1050 viri
445 1017 532 1048 facti
561 1016 756 1047 memoriam
794 1013 961 1045 celebrat.

257 1070 407 1103 nonnulli
433 1070 565 1109 legunt,
589 1066 746 1106 proestz‘tz't
782 1066 846 1096 alla
881 1064 960 1095 dies.

256 1121 334 1152 vide
349 1119 531 1159 Antholog.
548 1118 571 1148 l.
586 1120 614 1148 l.
628 1127 657 1148 c.
669 1119 721 1148 26.
733 1116 842 1156 epigr.
856 1114 962 1155 Apol-

257 1172 363 1203 lonid.
396 1169 470 1200 Ἥδὺ
485 1167 636 1210 παρηίδων
651 1169 770 1207 πρῶτον
782 1165 866 1207 Θέρος
886 1165 963 1204 ἥμα-

254 1238 284 1255 τι
299 1223 398 1262 τούτῳ
413 1221 531 1262 Κείρεο,
548 1232 577 1252 κ.
591 1232 621 1250 τ.
635 1225 668 1250 λ.
695 1219 831 1250 Farnab.

302 1276 407 1306 EPIG.
426 1282 491 1304 vu.
515 1273 565 1302 De
575 1270 727 1311 sportula]
752 1270 862 1301 Notat
878 1269 964 1300 divi-

256 1331 329 1357 tum
346 1322 578 1364 σμικρολογίαν,
595 1327 630 1352 et
646 1330 784 1352 avaram
809 1319 964 1350 ambitio·

258 1387 348 1416 nem,
360 1376 417 1417 qui
434 1374 581 1405 levicula
597 1371 743 1413 pecunia
768 1371 965 1401 miserorum

258 1427 498 1458 clientulorum
529 1429 630 1465 atque
668 1421 966 1452 anteambulouum

260 1477 372 1508 officia
396 1476 483 1507 bene
511 1473 682 1505 munerari
712 1471 965 1503 existimabant.

260 1528 367 1569 Atqui
392 1531 560 1558 mutatum
591 1534 664 1556 esse
694 1532 807 1553 rerum
839 1526 966 1552 statum

258 1579 326 1616 ait;
352 1587 390 1608 ac
413 1578 486 1618 jam
510 1585 575 1606 uon
602 1574 789 1614 sportulam
818 1577 968 1610 tenuem,

260 1628 319 1658 sed
337 1627 496 1658 salarium
521 1624 668 1656 (laudum
698 1633 785 1654 esse.
812 1622 908 1654 Suet.
933 1622 967 1652 in

259 1677 419 1708 Tiberio:
445 1680 452 1694 ‘
471 1675 631 1706 Pecuniae
647 1683 767 1713 parcus
785 1682 824 1704 ac
850 1677 967 1711 tenax,

261 1730 403 1761 comites
434 1726 749 1769 peregrinationum
779 1724 967 1765 expeditio-

260 1788 421 1820 numque,
455 1787 627 1818 nunquam
665 1775 800 1815 salario,
829 1773 968 1805 cibariis

260 1835 394 1860 tautum
411 1827 648 1863 sustentavit-'V
660 1825 793 1856 Her-ald.

306 1883 322 1910 l
341 1881 485 1916 Centum,
502 1876 572 1917 Syru]
595 1877 603 1892 ‘
624 1877 718 1907 Nero
736 1885 866 1906 coenam
895 1885 967 1906 rec-

263 1936 332 1961 tam
350 1927 532 1959 clientibus
555 1925 744 1956 exhibitam
762 1936 781 1956 a
798 1925 968 1965 potentio-

262 1980 355 2010 ribus
379 1979 560 2018 redegerat
590 1977 632 2007 ad
660 1976 862 2016 sportulam,
892 1985 967 2016 quae

263 2030 419 2062 calathus
436 2028 500 2058 fuit
518 2037 582 2068 quo
594 2026 738 2067 primum
755 2025 894 2056 obsonia
910 2025 968 2055 da-

263 2081 400 2117 bantur,
426 2083 545 2118 postea
575 2082 713 2108 centum
742 2075 970 2117 quadrantes’

265 2130 374 2172 (board
388 2129 518 2168 wages):
534 2129 628 2159 Suet.
645 2129 669 2158 l.
683 2130 713 2158 6.
730 2137 758 2158 c.
777 2130 828 2158 16.
853 2126 968 2156 Domi-

264 2182 376 2212 tianus
400 2180 578 2221 antiquato
603 2178 659 2208 illo
683 2178 832 2208 Neronis
856 2176 970 2207 edicto

266 2233 442 2265 revocavit
455 2241 579 2263 coenas.
598 2232 691 2261 Suet.
713 2229 842 2261 Domit.
860 2232 892 2259 7.

307 2288 327 2315 2
353 2282 618 2321 Anteambulonis,
634 2280 702 2321 aaz]
739 2279 882 2312 Clientis
901 2277 971 2310 offi-

266 2335 348 2367 ciosi
364 2343 510 2366 merces,

309 2389 327 2416 3
354 2385 439 2420 Quos
453 2383 610 2415 dividebat
633 2380 808 2421 balneator]
833 2380 972 2412 Clienti-

267 2436 330 2466 bus
347 2435 503 2475 singulis,
521 2434 575 2474 qui
597 2443 663 2464 uua
679 2432 854 2472 lavabant,
867 2431 937 2461 dati
953 2441 972 2460 a

268 2485 517 2527 potentioribus
528 2487 600 2515 100.
614 2483 836 2525 quadrantes,
848 2487 972 2513 nostrae

268 2542 414 2567 mouetae
432 2538 482 2567 lS.
505 2535 537 2566 d.
556 2535 611 2566 ob.
630 2545 662 2576 q.
679 2545 761 2576 quos
777 2533 864 2565 forte
889 2534 972 2564 divi-

270 2590 375 2620 debat
390 2589 582 2620 balneator.
600 2588 710 2628 epigr.
727 2590 780 2618 60.
802 2587 823 2617 l.
850 2589 878 2617 l.
897 2585 973 2615 vide

270 2646 306 2670 et
317 2639 466 2670 Turneb.
489 2639 512 2669 l.
535 2641 588 2669 30.
605 2647 635 2667 c..
652 2640 681 2668 8.
697 2642 733 2668 et
747 2640 798 2668 30.
845 2635 974 2676 Elia-us]

270 2691 447 2731 Aquarum
465 2695 500 2720 ct
514 2698 674 2728 vaporum
688 2688 800 2719 calore
817 2692 946 2718 coctus.

313 2743 333 2770 4
359 2740 468 2771 Fames
498 2738 678 2778 amicorum]
716 2738 784 2771 Qui
810 2737 971 2778 sportulae

719 159 863 190 NOTAE.
898 158 1162 189 VARlORUM
1198 159 1249 188 IN

1010 253 1180 284 tenuitate
1197 257 1232 283 et
1248 251 1337 282 fame
1362 252 1532 282 enecastis
1557 251 1714 282 clientes.

1050 308 1068 334 5
1095 305 1195 342 Regis
1209 302 1347 343 superbi]
1379 302 1553 343 Quicquid
1571 302 1710 332 insultet

1008 355 1062 385 hic
1092 355 1285 385 Ramiresio
1312 353 1516 389 Scriverius,
1547 357 1642 382 recte
1669 352 1712 382 ab

1008 405 1065 436 illo
1082 406 1299 436 observatum
1319 410 1400 445 puto
1423 405 1431 420 ‘
1450 403 1579 443 Regem
1596 412 1715 442 super-

1008 455 1107 486 bum’
1128 456 1183 486 hic
1213 465 1288 486 esse
1309 455 1495 490 Neronem,
1520 458 1554 484 et
1581 462 1715 483 accom-

1008 506 1183 537 modatum
1199 506 1277 537 huie
1289 507 1364 537 loco
1377 506 1467 536 illum
1486 506 1629 535 alterum
1642 513 1715 534 ver-

1010 568 1097 597 sum,
1121 558 1315 588 ‘Invidiosa
1330 557 1394 588 feri
1418 556 1601 587 radiabant
1625 555 1714 586 atria

1011 607 1126 648 regis.’
1170 608 1310 639 Patroni
1339 617 1442 648 quare
1473 606 1516 637 ob
1547 605 1719 646 sportulas

1011 659 1172 690 dicantur
1199 659 1312 700 potius
1354 658 1507 699 superbi,
1539 667 1639 698 quam
1671 656 1716 687 ob

1011 719 1143 740 coenam
1159 715 1299 749 rectam,
1314 710 1406 740 nulla
1430 709 1517 740 ratio
1540 713 1603 739 est.
1649 706 1717 738 Sed

1010 760 1019 776 ‘
1037 760 1124 800 regis
1150 761 1288 801 superbi
1314 759 1498 800 sportulae'
1521 763 1599 790 suut
1625 766 1719 798 spor-

1012 811 1094 842 tulae
1113 821 1132 841 a
1148 812 1290 842 Nerone
1316 811 1536 849 introductae,
1563 820 1638 851 quae
1666 818 1718 840 re·

1012 866 1189 892 cesserunt
1206 862 1259 892 vel
1276 861 1450 901 abrogatae
1468 866 1545 891 sunt
1561 860 1718 890 instituto

1012 911 1213 943 Domitiani.
1254 912 1391 942 Gronov.
1439 911 1551 949 Regis,
1580 909 1648 951 Syna]
1687 909 1718 940 A

1013 963 1161 1003 superbo
1192 967 1336 1003 patrono
1362 962 1433 1003 (qui
1461 962 1561 992 ‘rex’
1584 960 1722 992 diceba-

1013 1013 1085 1055 tur)
1101 1013 1275 1044 exhibitae.

1056 1068 1076 1095 6
1102 1063 1290 1104 Νι·1ιι’ῑ,ε5·ε.]
1316 1063 1409 1094 Nihil
1428 1061 1558 1094 fraudis
1576 1062 1649 1103 jam
1668 1061 1716 1093 fa-

1015 1115 1174 1146 ciendum
1195 1120 1247 1146 est
1272 1114 1404 1152 clienti,
1433 1123 1531 1155 quem
1554 1122 1647 1153 saepe
1672 1113 1721 1143 iu-

1015 1166 1156 1197 vitatum
1185 1171 1345 1207 tanquam
1369 1164 1413 1196 ad
1440 1174 1568 1196 coenam
1591 1168 1721 1195 rectam

1015 1216 1216 1246 dimiserunt
1244 1216 1383 1246 tandem
1405 1214 1610 1255 cumJ'ejuna
1628 1223 1722 1254 spor-

1017 1267 1108 1305 tula;
1138 1266 1258 1307 στροφὴ
1280 1266 1512 1306 tergiversatio,
1543 1276 1561 1295 a
1590 1263 1724 1305 στρέφω,

1016 1317 1172 1348 Salariam
1189 1319 1323 1348 dandum
1335 1318 1394 1357 est]
1430 1318 1546 1354 Coena,
1562 1326 1637 1356 quae
1655 1316 1724 1346 Ro-

1017 1368 1124 1398 manis
1141 1366 1278 1408 ἁλάριον,
1303 1367 1466 1406 cibarium,
1484 1376 1614 1397 annona
1631 1366 1722 1396 ‹liur-

1018 1428 1072 1457 na,
1090 1427 1131 1448 ex
1147 1424 1248 1458 pacto
1262 1417 1438 1449 debitum:
1464 1422 1501 1448 ut
1524 1418 1532 1434 ‘
1545 1417 1725 1457 sportula,’

1019 1478 1060 1499 ex
1078 1469 1215 1509 placito.

1064 1520 1168 1551 Epic..
1183 1528 1265 1549 vm.
1290 1521 1307 1549 1
1329 1518 1448 1548 Thaida
1461 1516 1631 1557 Quinctus]
1649 1518 1722 1548 Cae-

1019 1570 1160 1601 citatem
1180 1569 1334 1609 Quincti,
1358 1578 1425 1599 non
1450 1568 1638 1608 oculorum,
1664 1569 1724 1600 sed

1018 1622 1126 1662 ipsius
1143 1621 1241 1652 animi
1259 1621 1380 1651 irridet
1393 1622 1454 1651 hoc
1466 1621 1723 1660 epigrammate.

1020 1671 1168 1702 Amabat
1181 1673 1270 1703 euim
1285 1671 1417 1702 Thaida
1430 1671 1646 1702 meretricem
1657 1672 1724 1701 lus-

1019 1732 1105 1761 cam,
1131 1732 1231 1763 quam
1257 1731 1354 1752 nemo
1381 1721 1447 1752 nisi
1474 1730 1585 1751 caecus
1612 1731 1725 1752 amare

1019 1779 1145 1814 posset.
1184 1774 1261 1812 Illa,
1278 1773 1401 1815 inquit,
1416 1783 1481 1804 uno
1494 1773 1592 1804 oculo
1609 1778 1723 1811 caret3

1020 1825 1168 1856 Quintus
1185 1824 1328 1854 duobus.

1061 1878 1080 1905 2
1108 1874 1212 1913 Duos]
1235 1874 1389 1914 Utroque
1403 1878 1500 1904 caret
1516 1874 1625 1904 oculo.
1649 1875 1724 1904 Me-

1019 1926 1111 1965 taph.
1127 1925 1160 1956 id
1177 1929 1242 1964 est,
1255 1934 1365 1956 caecus
1383 1930 1433 1954 est
1448 1933 1573 1963 amore,
1585 1925 1640 1965 qui
1658 1934 1725 1955 uon

1021 1977 1135 2007 videat
1152 1976 1247 2006 vitia.
1264 1975 1352 2005 infra
1369 1975 1478 2015 epigr.
1495 1977 1546 2005 30.

1066 2027 1239 2058 EPIG.1x.
1276 2029 1295 2057 2
1316 2027 1385 2056 Non
1412 2025 1533 2063 scribit,
1561 2025 1631 2066 lisca]
1669 2026 1724 2057 Sic

1022 2078 1130 2117 epigr.
1146 2079 1198 2108 6-1.
1215 2077 1236 2107 l.
1253 2079 1284 2107 6.
1310 2076 1499 2106 Pessimum
1518 2075 1653 2115 poetam
1670 2085 1727 2106 uo-

1022 2133 1086 2164 tat,
1104 2128 1199 2168 cujus
1216 2127 1364 2157 cai-mina
1389 2125 1531 2165 perinde
1549 2126 1725 2166 negligan-

1022 2184 1089 2218 tur,
1106 2188 1144 2209 ac
1163 2179 1189 2209 si
1205 2178 1331 2217 scripta
1349 2186 1515 2216 nunquam
1534 2175 1689 2207 fuissent.

1064 2230 1168 2261 Eme.
1194 2238 1230 2259 x.
1269 2227 1494 2266 Philonmsum]
1542 2227 1727 2258 Philomusi

1022 2286 1121 2321 pater
1143 2284 1317 2310 menstrua
1334 2278 1403 2309 filio
1419 2288 1478 2308 suo
1495 2278 1574 2308 luxu
1589 2278 1725 2318 perdito
1742 2291 1745 2295 ¹

1023 2330 1268 2368 constituerat,
1294 2337 1402 2369 eaque
1432 2328 1572 2365 singulis
1602 2328 1724 2359 diebus

1023 2380 1201 2420 erogabat,
1228 2389 1270 2410 ne
1297 2389 1364 2410 uuo
1391 2379 1447 2409 die
1468 2379 1571 2409 totius
1602 2380 1725 2409 mensis

1023 2433 1181 2463 alimenta
1208 2437 1433 2462 consumeret.
1497 2431 1543 2462 At
1571 2431 1626 2472 qni
1657 2430 1726 2462 filio

1023 2492 1083 2513 suo
1102 2487 1167 2513 tam
1197 2488 1381 2522 prospecte
1400 2488 1537 2513 caverat
1554 2488 1590 2513 et
1607 2492 1727 2513 consu-

1023 2534 1132 2563 luerat
1149 2533 1227 2563 dum
1244 2533 1386 2571 viveret,
1410 2532 1437 2562 is
1455 2533 1601 2572 pessime
1613 2532 1723 2563 eidem

1024 2584 1117 2615 cavit
1133 2587 1340 2614 testamento
1365 2593 1445 2621 suo;
1481 2592 1547 2623 quo
1565 2592 1641 2613 eum
1670 2584 1725 2613 lie-

1025 2634 1137 2664 redem
1162 2643 1203 2664 ex
1221 2643 1292 2665 asse
1318 2634 1473 2674 reliquit3
1498 2644 1598 2674 quum
1616 2634 1645 2664 el
1669 2634 1727 2663 ali-

1024 2690 1138 2716 menta
1159 2685 1268 2726 potius
1286 2684 1417 2721 diurna,
1442 2689 1476 2715 et
1500 2684 1639 2722 singulis
1656 2684 1726 2714 die-

1025 2737 1086 2768 bus
1102 2736 1310 2777 praestanda,
1325 2735 1515 2776 relinquere
1541 2734 1726 2766 debuisset.
