<?xml version="1.0" encoding="UTF-8"?>
<!DOCTYPE html PUBLIC "-//W3C//DTD XHTML 1.0 Transitional//EN"
    "http://www.w3.org/TR/xhtml1/DTD/xhtml1-transitional.dtd">
<html xmlns="http://www.w3.org/1999/xhtml" xml:lang="en" lang="en">
 <head>
  <title>
</title>
<meta http-equiv="Content-Type" content="text/html;charset=utf-8" />
  <meta name='ocr-system' content='tesseract 3.04.00' />
  <meta name='ocr-capabilities' content='ocr_page ocr_carea ocr_par ocr_line ocrx_word'/>
</head>
<body>
  <div class='ocr_page' id='page_1' title='image "./epigrammataexedi03martuoft_0076.png"; bbox 0 0 1866 3131; ppageno 0'>
   <div class='ocr_carea' id='block_1_1' title="bbox 225 124 336 166">
    <p class='ocr_par' dir='ltr' id='par_1_1' title="bbox 225 124 336 166">
     <span class='ocr_line' id='line_1_1' title="bbox 225 124 336 166; baseline 0 -1"><span class='ocrx_word' id='word_1_1' title='bbox 225 124 336 166; x_wconf 79' lang='lat'>1136</span> 
     </span>
    </p>
   </div>
   <div class='ocr_carea' id='block_1_2' title="bbox 223 226 941 2754">
    <p class='ocr_par' dir='ltr' id='par_1_2' title="bbox 223 226 929 880">
     <span class='ocr_line' id='line_1_2' title="bbox 267 226 928 268; baseline -0.005 -8"><span class='ocrx_word' id='word_1_2' title='bbox 267 232 286 260; x_wconf 82' lang='lat'><strong>3</strong></span> <span class='ocrx_word' id='word_1_3' title='bbox 316 228 411 260; x_wconf 82' lang='lat' dir='ltr'>Video</span> <span class='ocrx_word' id='word_1_4' title='bbox 426 227 618 268; x_wconf 63' lang='lat' dir='ltr'>q11117·e,dsc.]</span> <span class='ocrx_word' id='word_1_5' title='bbox 642 226 805 267; x_wconf 81' lang='lat' dir='ltr'>Tragoedi</span> <span class='ocrx_word' id='word_1_6' title='bbox 821 231 928 266; x_wconf 85' lang='lat' dir='ltr'>certe,</span> 
     </span>
     <span class='ocr_line' id='line_1_3' title="bbox 224 278 929 322; baseline -0.004 -11"><span class='ocrx_word' id='word_1_7' title='bbox 224 280 344 322; x_wconf 86' lang='lat' dir='ltr'>siquid</span> <span class='ocrx_word' id='word_1_8' title='bbox 361 285 451 310; x_wconf 88' lang='lat' dir='ltr'>esset</span> <span class='ocrx_word' id='word_1_9' title='bbox 467 279 556 320; x_wconf 88' lang='lat' dir='ltr'>quod</span> <span class='ocrx_word' id='word_1_10' title='bbox 571 278 757 318; x_wconf 78' lang='lat' dir='ltr'>principem</span> <span class='ocrx_word' id='word_1_11' title='bbox 773 283 808 308; x_wconf 87' lang='lat' dir='ltr'>et</span> <span class='ocrx_word' id='word_1_12' title='bbox 823 288 929 319; x_wconf 88' lang='lat' dir='ltr'>popu-</span> 
     </span>
     <span class='ocr_line' id='line_1_4' title="bbox 224 330 928 369; baseline -0.004 -7"><span class='ocrx_word' id='word_1_13' title='bbox 224 333 293 362; x_wconf 89' lang='lat' dir='ltr'>lum</span> <span class='ocrx_word' id='word_1_14' title='bbox 310 332 361 362; x_wconf 86' lang='lat' dir='ltr'>vel</span> <span class='ocrx_word' id='word_1_15' title='bbox 376 330 520 361; x_wconf 86' lang='lat' dir='ltr'>monitos</span> <span class='ocrx_word' id='word_1_16' title='bbox 546 330 599 360; x_wconf 87' lang='lat' dir='ltr'>vel</span> <span class='ocrx_word' id='word_1_17' title='bbox 627 335 764 369; x_wconf 78' lang='lat' dir='ltr'>rogatos</span> <span class='ocrx_word' id='word_1_18' title='bbox 787 330 928 369; x_wconf 89' lang='lat' dir='ltr'>vellent,</span> 
     </span>
     <span class='ocr_line' id='line_1_5' title="bbox 225 380 927 422; baseline -0.004 -9"><span class='ocrx_word' id='word_1_19' title='bbox 225 382 406 422; x_wconf 84' lang='lat' dir='ltr'>epistolam</span> <span class='ocrx_word' id='word_1_20' title='bbox 423 381 641 420; x_wconf 85' lang='lat' dir='ltr'>exhibebant,</span> <span class='ocrx_word' id='word_1_21' title='bbox 661 390 760 421; x_wconf 83' lang='lat' dir='ltr'>quam</span> <span class='ocrx_word' id='word_1_22' title='bbox 786 380 927 411; x_wconf 88' lang='lat' dir='ltr'>vocalis-</span> 
     </span>
     <span class='ocr_line' id='line_1_6' title="bbox 223 431 925 473; baseline 0 -11"><span class='ocrx_word' id='word_1_23' title='bbox 223 433 324 463; x_wconf 83' lang='lat' dir='ltr'>simus</span> <span class='ocrx_word' id='word_1_24' title='bbox 354 432 476 473; x_wconf 87' lang='lat' dir='ltr'>aliquis</span> <span class='ocrx_word' id='word_1_25' title='bbox 510 431 625 470; x_wconf 88' lang='lat' dir='ltr'>Curio,</span> <span class='ocrx_word' id='word_1_26' title='bbox 659 431 716 471; x_wconf 82' lang='lat' dir='ltr'>qui</span> <span class='ocrx_word' id='word_1_27' title='bbox 748 431 925 462; x_wconf 78' lang='lat' dir='ltr'>theatralis</span> 
     </span>
     <span class='ocr_line' id='line_1_7' title="bbox 223 482 927 525; baseline 0 -11"><span class='ocrx_word' id='word_1_28' title='bbox 223 484 318 525; x_wconf 88' lang='lat' dir='ltr'>quasi</span> <span class='ocrx_word' id='word_1_29' title='bbox 329 483 494 524; x_wconf 79' lang='lat' dir='ltr'>praeconis</span> <span class='ocrx_word' id='word_1_30' title='bbox 508 482 620 514; x_wconf 89' lang='lat' dir='ltr'>officio</span> <span class='ocrx_word' id='word_1_31' title='bbox 632 482 849 522; x_wconf 71' lang='lat' dir='ltr'>fungebatur,</span> <span class='ocrx_word' id='word_1_32' title='bbox 858 483 927 514; x_wconf 84' lang='lat' dir='ltr'>cla-</span> 
     </span>
     <span class='ocr_line' id='line_1_8' title="bbox 224 535 926 577; baseline 0 -11"><span class='ocrx_word' id='word_1_33' title='bbox 224 546 262 567; x_wconf 89' lang='lat' dir='ltr'>ra</span> <span class='ocrx_word' id='word_1_34' title='bbox 272 535 412 577; x_wconf 87' lang='lat' dir='ltr'>legebat</span> <span class='ocrx_word' id='word_1_35' title='bbox 422 545 517 567; x_wconf 89' lang='lat' dir='ltr'>voce.</span> <span class='ocrx_word' id='word_1_36' title='bbox 562 535 638 566; x_wconf 86' lang='lat' dir='ltr'>Hoc</span> <span class='ocrx_word' id='word_1_37' title='bbox 653 535 866 567; x_wconf 82' lang='lat' dir='ltr'>feceruntilli</span> <span class='ocrx_word' id='word_1_38' title='bbox 883 545 926 566; x_wconf 83' lang='lat' dir='ltr'>ex</span> 
     </span>
     <span class='ocr_line' id='line_1_9' title="bbox 223 586 926 627; baseline -0.001 -10"><span class='ocrx_word' id='word_1_39' title='bbox 223 587 443 624; x_wconf 81' lang='lat' dir='ltr'><strong>necessitate,</strong></span> <span class='ocrx_word' id='word_1_40' title='bbox 455 586 544 627; x_wconf 89' lang='lat' dir='ltr'>quod</span> <span class='ocrx_word' id='word_1_41' title='bbox 558 587 597 617; x_wconf 87' lang='lat' dir='ltr'>iis</span> <span class='ocrx_word' id='word_1_42' title='bbox 608 587 642 616; x_wconf 87' lang='lat' dir='ltr'>in</span> <span class='ocrx_word' id='word_1_43' title='bbox 651 586 836 617; x_wconf 83' lang='lat' dir='ltr'>dramatico</span> <span class='ocrx_word' id='word_1_44' title='bbox 849 586 926 627; x_wconf 73' lang='lat' dir='ltr'>poe-</span> 
     </span>
     <span class='ocr_line' id='line_1_10' title="bbox 224 642 926 678; baseline -0.001 -11"><span class='ocrx_word' id='word_1_45' title='bbox 224 643 330 676; x_wconf 87' lang='lat' dir='ltr'>mate,</span> <span class='ocrx_word' id='word_1_46' title='bbox 342 647 417 678; x_wconf 85' lang='lat' dir='ltr'>quae</span> <span class='ocrx_word' id='word_1_47' title='bbox 432 642 530 668; x_wconf 76' lang='lat' dir='ltr'>extra</span> <span class='ocrx_word' id='word_1_48' title='bbox 543 647 676 668; x_wconf 80' lang='lat' dir='ltr'>scenam</span> <span class='ocrx_word' id='word_1_49' title='bbox 692 642 727 667; x_wconf 91' lang='lat' dir='ltr'>et</span> <span class='ocrx_word' id='word_1_50' title='bbox 751 646 926 676; x_wconf 77' lang='lat' dir='ltr'>argumen-</span> 
     </span>
     <span class='ocr_line' id='line_1_11' title="bbox 225 688 925 728; baseline -0.001 -10"><span class='ocrx_word' id='word_1_51' title='bbox 225 693 296 719; x_wconf 85' lang='lat' dir='ltr'>tum</span> <span class='ocrx_word' id='word_1_52' title='bbox 319 692 444 726; x_wconf 87' lang='lat' dir='ltr'>essent,</span> <span class='ocrx_word' id='word_1_53' title='bbox 473 688 565 728; x_wconf 86' lang='lat' dir='ltr'>loqui</span> <span class='ocrx_word' id='word_1_54' title='bbox 596 697 661 718; x_wconf 88' lang='lat' dir='ltr'>non</span> <span class='ocrx_word' id='word_1_55' title='bbox 689 688 830 719; x_wconf 85' lang='lat' dir='ltr'>liceret:</span> <span class='ocrx_word' id='word_1_56' title='bbox 859 688 925 718; x_wconf 91' lang='lat' dir='ltr'>hoc</span> 
     </span>
     <span class='ocr_line' id='line_1_12' title="bbox 225 737 926 778; baseline -0.001 -9"><span class='ocrx_word' id='word_1_57' title='bbox 225 739 323 769; x_wconf 92' lang='lat' dir='ltr'>tibio</span> <span class='ocrx_word' id='word_1_58' title='bbox 344 738 511 769; x_wconf 80' lang='lat' dir='ltr'>Martialis</span> <span class='ocrx_word' id='word_1_59' title='bbox 535 739 569 768; x_wconf 91' lang='lat' dir='ltr'>in</span> <span class='ocrx_word' id='word_1_60' title='bbox 584 737 836 778; x_wconf 80' lang='lat' dir='ltr'>epigrammatis</span> <span class='ocrx_word' id='word_1_61' title='bbox 859 737 926 768; x_wconf 83' lang='lat' dir='ltr'>tuis</span> 
     </span>
     <span class='ocr_line' id='line_1_13' title="bbox 227 787 927 829; baseline -0.003 -10"><span class='ocrx_word' id='word_1_62' title='bbox 227 798 295 820; x_wconf 89' lang='lat' dir='ltr'>nou</span> <span class='ocrx_word' id='word_1_63' title='bbox 326 798 422 829; x_wconf 89' lang='lat' dir='ltr'>aeque</span> <span class='ocrx_word' id='word_1_64' title='bbox 452 798 592 819; x_wconf 77' lang='lat' dir='ltr'>necesse</span> <span class='ocrx_word' id='word_1_65' title='bbox 630 793 694 827; x_wconf 81' lang='lat' dir='ltr'>est,</span> <span class='ocrx_word' id='word_1_66' title='bbox 723 797 799 828; x_wconf 83' lang='lat' dir='ltr'>quae</span> <span class='ocrx_word' id='word_1_67' title='bbox 830 787 927 828; x_wconf 83' lang='lat' dir='ltr'>quasi</span> 
     </span>
     <span class='ocr_line' id='line_1_14' title="bbox 226 840 488 880; baseline -0.004 -10"><span class='ocrx_word' id='word_1_68' title='bbox 226 840 387 880; x_wconf 86' lang='lat' dir='ltr'>epistolia</span> <span class='ocrx_word' id='word_1_69' title='bbox 401 845 488 870; x_wconf 86' lang='lat' dir='ltr'>sunt.</span> 
     </span>
    </p>

    <p class='ocr_par' dir='ltr' id='par_1_3' title="bbox 225 888 931 1224">
     <span class='ocr_line' id='line_1_15' title="bbox 271 888 929 930; baseline -0.002 -10"><span class='ocrx_word' id='word_1_70' title='bbox 271 890 421 930; x_wconf 76' lang='lat' dir='ltr'>Curione]</span> <span class='ocrx_word' id='word_1_71' title='bbox 465 889 620 921; x_wconf 81' lang='lat' dir='ltr'>Curionis</span> <span class='ocrx_word' id='word_1_72' title='bbox 658 888 805 920; x_wconf 81' lang='lat' dir='ltr'>officium</span> <span class='ocrx_word' id='word_1_73' title='bbox 843 894 929 928; x_wconf 87' lang='lat' dir='ltr'>erat,</span> 
     </span>
     <span class='ocr_line' id='line_1_16' title="bbox 225 940 929 982; baseline -0.001 -11"><span class='ocrx_word' id='word_1_74' title='bbox 225 942 338 972; x_wconf 74' lang='lat' dir='ltr'>omnia</span> <span class='ocrx_word' id='word_1_75' title='bbox 359 951 433 982; x_wconf 85' lang='lat' dir='ltr'>quae</span> <span class='ocrx_word' id='word_1_76' title='bbox 462 942 494 971; x_wconf 91' lang='lat' dir='ltr'>iu</span> <span class='ocrx_word' id='word_1_77' title='bbox 521 941 666 979; x_wconf 81' lang='lat' dir='ltr'>theatro,</span> <span class='ocrx_word' id='word_1_78' title='bbox 693 941 747 971; x_wconf 87' lang='lat' dir='ltr'>vel</span> <span class='ocrx_word' id='word_1_79' title='bbox 765 940 929 980; x_wconf 84' lang='lat' dir='ltr'>principis</span> 
     </span>
     <span class='ocr_line' id='line_1_17' title="bbox 225 990 929 1031; baseline -0.003 -9"><span class='ocrx_word' id='word_1_80' title='bbox 225 991 398 1031; x_wconf 85' lang='lat' dir='ltr'>mandato,</span> <span class='ocrx_word' id='word_1_81' title='bbox 413 991 465 1022; x_wconf 87' lang='lat' dir='ltr'>vel</span> <span class='ocrx_word' id='word_1_82' title='bbox 489 991 707 1031; x_wconf 79' lang='lat' dir='ltr'>magistratus</span> <span class='ocrx_word' id='word_1_83' title='bbox 728 991 825 1031; x_wconf 85' lang='lat' dir='ltr'>jussu</span> <span class='ocrx_word' id='word_1_84' title='bbox 838 990 929 1021; x_wconf 89' lang='lat' dir='ltr'>edic-</span> 
     </span>
     <span class='ocr_line' id='line_1_18' title="bbox 227 1040 931 1082; baseline -0.001 -11"><span class='ocrx_word' id='word_1_85' title='bbox 227 1047 320 1080; x_wconf 82' lang='lat' dir='ltr'>love,</span> <span class='ocrx_word' id='word_1_86' title='bbox 336 1043 389 1072; x_wconf 90' lang='lat' dir='ltr'>vel</span> <span class='ocrx_word' id='word_1_87' title='bbox 407 1042 548 1082; x_wconf 78' lang='lat' dir='ltr'>alicujus</span> <span class='ocrx_word' id='word_1_88' title='bbox 566 1041 734 1080; x_wconf 82' lang='lat' dir='ltr'>postulato</span> <span class='ocrx_word' id='word_1_89' title='bbox 751 1040 931 1081; x_wconf 88' lang='lat' dir='ltr'>pronunci-</span> 
     </span>
     <span class='ocr_line' id='line_1_19' title="bbox 227 1090 928 1131; baseline -0.003 -9"><span class='ocrx_word' id='word_1_90' title='bbox 227 1092 315 1122; x_wconf 86' lang='lat' dir='ltr'>anda</span> <span class='ocrx_word' id='word_1_91' title='bbox 344 1096 455 1130; x_wconf 89' lang='lat' dir='ltr'>erant,</span> <span class='ocrx_word' id='word_1_92' title='bbox 489 1092 724 1131; x_wconf 82' lang='lat' dir='ltr'>proclamare3</span> <span class='ocrx_word' id='word_1_93' title='bbox 758 1090 809 1121; x_wconf 89' lang='lat' dir='ltr'>uti</span> <span class='ocrx_word' id='word_1_94' title='bbox 833 1090 928 1131; x_wconf 82' lang='lat' dir='ltr'>quasi</span> 
     </span>
     <span class='ocr_line' id='line_1_20' title="bbox 228 1141 930 1182; baseline 0 -10"><span class='ocrx_word' id='word_1_95' title='bbox 228 1151 423 1182; x_wconf 72' lang='lat' dir='ltr'>praeconem</span> <span class='ocrx_word' id='word_1_96' title='bbox 448 1147 567 1182; x_wconf 67' lang='lat' dir='ltr'>ageret</span> <span class='ocrx_word' id='word_1_97' title='bbox 594 1142 799 1173; x_wconf 75' lang='lat' dir='ltr'>theatralem</span> <span class='ocrx_word' id='word_1_98' title='bbox 815 1141 930 1172; x_wconf 87' lang='lat' dir='ltr'>Curio.</span> 
     </span>
     <span class='ocr_line' id='line_1_21' title="bbox 227 1193 569 1224; baseline 0 -1"><span class='ocrx_word' id='word_1_99' title='bbox 227 1193 372 1224; x_wconf 54' lang='lat' dir='ltr'>&#39;surm-eb.</span> <span class='ocrx_word' id='word_1_100' title='bbox 390 1194 410 1224; x_wconf 87' lang='grc' dir='ltr'>Ι.</span> <span class='ocrx_word' id='word_1_101' title='bbox 426 1195 478 1224; x_wconf 73' lang='lat'>25.</span> <span class='ocrx_word' id='word_1_102' title='bbox 492 1203 522 1224; x_wconf 89' lang='lat' dir='ltr'>c.</span> <span class='ocrx_word' id='word_1_103' title='bbox 539 1198 569 1223; x_wconf 61' lang='lat' dir='ltr'>a.</span> 
     </span>
    </p>

    <p class='ocr_par' dir='ltr' id='par_1_4' title="bbox 270 1245 874 1285">
     <span class='ocr_line' id='line_1_22' title="bbox 270 1245 874 1285; baseline 0.002 -11"><span class='ocrx_word' id='word_1_104' title='bbox 270 1246 359 1275; x_wconf 68' lang='lat' dir='ltr'>Mala</span> <span class='ocrx_word' id='word_1_105' title='bbox 374 1245 496 1285; x_wconf 76' lang='lat' dir='ltr'>lingua]</span> <span class='ocrx_word' id='word_1_106' title='bbox 521 1245 646 1276; x_wconf 85' lang='lat' dir='ltr'>Libera</span> <span class='ocrx_word' id='word_1_107' title='bbox 661 1249 695 1276; x_wconf 74' lang='lat' dir='ltr'>et</span> <span class='ocrx_word' id='word_1_108' title='bbox 711 1245 874 1276; x_wconf 79' lang='lat' dir='ltr'>mordaci.</span> 
     </span>
    </p>

    <p class='ocr_par' dir='ltr' id='par_1_5' title="bbox 228 1296 934 1531">
     <span class='ocr_line' id='line_1_23' title="bbox 271 1296 933 1336; baseline 0 -10"><span class='ocrx_word' id='word_1_109' title='bbox 271 1300 291 1327; x_wconf 79' lang='grc'><strong>6</strong></span> <span class='ocrx_word' id='word_1_110' title='bbox 316 1296 391 1326; x_wconf 75' lang='lat' dir='ltr'>Noli</span> <span class='ocrx_word' id='word_1_111' title='bbox 417 1307 501 1335; x_wconf 79' lang='lat' dir='ltr'>ergo,</span> <span class='ocrx_word' id='word_1_112' title='bbox 522 1296 592 1336; x_wconf 60' lang='lat' dir='ltr'>lisa]</span> <span class='ocrx_word' id='word_1_113' title='bbox 621 1297 697 1326; x_wconf 78' lang='lat' dir='ltr'>Noli</span> <span class='ocrx_word' id='word_1_114' title='bbox 709 1296 871 1327; x_wconf 89' lang='lat' dir='ltr'>indecore</span> <span class='ocrx_word' id='word_1_115' title='bbox 897 1300 933 1326; x_wconf 85' lang='lat' dir='ltr'>et</span> 
     </span>
     <span class='ocr_line' id='line_1_24' title="bbox 229 1346 934 1386; baseline -0.001 -9"><span class='ocrx_word' id='word_1_116' title='bbox 229 1347 376 1378; x_wconf 76' lang='lat' dir='ltr'>absurde</span> <span class='ocrx_word' id='word_1_117' title='bbox 404 1347 503 1378; x_wconf 90' lang='lat' dir='ltr'>mimo</span> <span class='ocrx_word' id='word_1_118' title='bbox 531 1347 694 1377; x_wconf 81' lang='lat' dir='ltr'>iuducere</span> <span class='ocrx_word' id='word_1_119' title='bbox 723 1351 835 1386; x_wconf 81' lang='lat' dir='ltr'>togam</span> <span class='ocrx_word' id='word_1_120' title='bbox 859 1346 934 1386; x_wconf 88' lang='lat' dir='ltr'>(qui</span> 
     </span>
     <span class='ocr_line' id='line_1_25' title="bbox 228 1397 933 1437; baseline -0.003 -9"><span class='ocrx_word' id='word_1_121' title='bbox 228 1398 526 1434; x_wconf 60' lang='lat' dir='ltr'>gravitatiscultus</span> <span class='ocrx_word' id='word_1_122' title='bbox 542 1397 611 1437; x_wconf 83' lang='lat' dir='ltr'>est)</span> <span class='ocrx_word' id='word_1_123' title='bbox 635 1397 668 1426; x_wconf 91' lang='lat' dir='ltr'>id</span> <span class='ocrx_word' id='word_1_124' title='bbox 685 1401 748 1435; x_wconf 79' lang='lat' dir='ltr'>est,</span> <span class='ocrx_word' id='word_1_125' title='bbox 764 1397 933 1436; x_wconf 83' lang='lat' dir='ltr'>epigram-</span> 
     </span>
     <span class='ocr_line' id='line_1_26' title="bbox 229 1447 934 1489; baseline -0.001 -11"><span class='ocrx_word' id='word_1_126' title='bbox 229 1449 312 1478; x_wconf 83' lang='lat' dir='ltr'>mati</span> <span class='ocrx_word' id='word_1_127' title='bbox 343 1449 535 1489; x_wconf 74' lang='lat' dir='ltr'>epistolam,</span> <span class='ocrx_word' id='word_1_128' title='bbox 567 1448 716 1488; x_wconf 66' lang='lat' dir='ltr'>poemati</span> <span class='ocrx_word' id='word_1_129' title='bbox 747 1447 934 1478; x_wconf 89' lang='lat' dir='ltr'>orationem</span> 
     </span>
     <span class='ocr_line' id='line_1_27' title="bbox 233 1501 392 1531; baseline -0.006 0"><span class='ocrx_word' id='word_1_130' title='bbox 233 1501 392 1531; x_wconf 81' lang='lat' dir='ltr'>solutam.</span> 
     </span>
    </p>

    <p class='ocr_par' dir='ltr' id='par_1_6' title="bbox 225 1547 941 2754">
     <span class='ocr_line' id='line_1_28' title="bbox 275 1547 933 1590; baseline -0.006 -9"><span class='ocrx_word' id='word_1_131' title='bbox 275 1552 391 1590; x_wconf 68' lang='lat' dir='ltr'>Tagum</span> <span class='ocrx_word' id='word_1_132' title='bbox 429 1551 557 1581; x_wconf 67' lang='lat' dir='ltr'>saltanti</span> <span class='ocrx_word' id='word_1_133' title='bbox 600 1551 744 1580; x_wconf 74' lang='lat' dir='ltr'>inducere</span> <span class='ocrx_word' id='word_1_134' title='bbox 779 1547 933 1589; x_wconf 74' lang='lat' dir='ltr'>persouoe]</span> 
     </span>
     <span class='ocr_line' id='line_1_29' title="bbox 230 1599 933 1640; baseline -0.004 -10"><span class='ocrx_word' id='word_1_135' title='bbox 230 1600 362 1631; x_wconf 77' lang='lat' dir='ltr'>Quaerit</span> <span class='ocrx_word' id='word_1_136' title='bbox 375 1601 576 1633; x_wconf 76' lang='lat' dir='ltr'>Scriverius,</span> <span class='ocrx_word' id='word_1_137' title='bbox 587 1610 690 1640; x_wconf 77' lang='lat' dir='ltr'>quare</span> <span class='ocrx_word' id='word_1_138' title='bbox 704 1600 767 1629; x_wconf 83' lang='lat' dir='ltr'>hoc</span> <span class='ocrx_word' id='word_1_139' title='bbox 781 1599 933 1628; x_wconf 61' lang='lat' dir='ltr'>Gruter-0</span> 
     </span>
     <span class='ocr_line' id='line_1_30' title="bbox 229 1648 935 1690; baseline -0.003 -10"><span class='ocrx_word' id='word_1_140' title='bbox 229 1651 455 1690; x_wconf 56' lang='lat' dir='ltr'>displicuerit.</span> <span class='ocrx_word' id='word_1_141' title='bbox 515 1651 617 1682; x_wconf 85' lang='lat' dir='ltr'>Haud</span> <span class='ocrx_word' id='word_1_142' title='bbox 649 1651 731 1687; x_wconf 70' lang='lat' dir='ltr'>scio,</span> <span class='ocrx_word' id='word_1_143' title='bbox 761 1648 842 1689; x_wconf 80' lang='lat' dir='ltr'>quid</span> <span class='ocrx_word' id='word_1_144' title='bbox 873 1649 935 1686; x_wconf 91' lang='lat' dir='ltr'>illi,</span> 
     </span>
     <span class='ocr_line' id='line_1_31' title="bbox 228 1700 933 1743; baseline -0.004 -11"><span class='ocrx_word' id='word_1_145' title='bbox 228 1702 308 1732; x_wconf 79' lang='lat' dir='ltr'>mihi</span> <span class='ocrx_word' id='word_1_146' title='bbox 323 1702 459 1743; x_wconf 87' lang='lat' dir='ltr'>quidem</span> <span class='ocrx_word' id='word_1_147' title='bbox 477 1703 696 1732; x_wconf 72' lang='lat' dir='ltr'>veliementer</span> <span class='ocrx_word' id='word_1_148' title='bbox 712 1700 873 1741; x_wconf 81' lang='lat' dir='ltr'>displicet</span> <span class='ocrx_word' id='word_1_149' title='bbox 886 1700 933 1730; x_wconf 77' lang='lat' dir='ltr'>in-</span> 
     </span>
     <span class='ocr_line' id='line_1_32' title="bbox 228 1751 934 1791; baseline -0.003 -8"><span class='ocrx_word' id='word_1_150' title='bbox 228 1755 339 1784; x_wconf 79' lang='lat' dir='ltr'><em>ducere</em></span> <span class='ocrx_word' id='word_1_151' title='bbox 369 1758 486 1791; x_wconf 71' lang='lat' dir='ltr'>tagum.</span> <span class='ocrx_word' id='word_1_152' title='bbox 532 1754 717 1784; x_wconf 80' lang='lat' dir='ltr'>‘Calceum</span> <span class='ocrx_word' id='word_1_153' title='bbox 749 1751 934 1791; x_wconf 82' lang='lat' dir='ltr'>inducere,’</span> 
     </span>
     <span class='ocr_line' id='line_1_33' title="bbox 229 1801 936 1843; baseline -0.003 -9"><span class='ocrx_word' id='word_1_154' title='bbox 229 1805 297 1843; x_wconf 76' lang='lat' dir='ltr'>legi</span> <span class='ocrx_word' id='word_1_155' title='bbox 315 1805 403 1843; x_wconf 85' lang='lat' dir='ltr'>apud</span> <span class='ocrx_word' id='word_1_156' title='bbox 420 1810 565 1840; x_wconf 79' lang='lat' dir='ltr'>veteres,</span> <span class='ocrx_word' id='word_1_157' title='bbox 578 1809 613 1834; x_wconf 85' lang='lat' dir='ltr'>et</span> <span class='ocrx_word' id='word_1_158' title='bbox 636 1806 645 1820; x_wconf 93' lang='lat'>‘</span> <span class='ocrx_word' id='word_1_159' title='bbox 659 1808 756 1833; x_wconf 81' lang='lat' dir='ltr'>scuta</span> <span class='ocrx_word' id='word_1_160' title='bbox 766 1801 936 1842; x_wconf 80' lang='lat' dir='ltr'>pellibus,&#39;</span> 
     </span>
     <span class='ocr_line' id='line_1_34' title="bbox 231 1853 936 1893; baseline -0.001 -9"><span class='ocrx_word' id='word_1_161' title='bbox 231 1859 266 1884; x_wconf 71' lang='lat' dir='ltr'>et</span> <span class='ocrx_word' id='word_1_162' title='bbox 289 1854 401 1884; x_wconf 86' lang='lat' dir='ltr'>‘coria</span> <span class='ocrx_word' id='word_1_163' title='bbox 431 1853 569 1883; x_wconf 57' lang='lat' dir='ltr'>induci:</span> <span class='ocrx_word' id='word_1_164' title='bbox 600 1854 709 1883; x_wconf 68' lang='lat' dir='ltr'>Latias</span> <span class='ocrx_word' id='word_1_165' title='bbox 746 1853 801 1883; x_wconf 79' lang='lat' dir='ltr'>vix</span> <span class='ocrx_word' id='word_1_166' title='bbox 839 1858 936 1893; x_wconf 88' lang='lat' dir='ltr'>puto,</span> 
     </span>
     <span class='ocr_line' id='line_1_35' title="bbox 230 1904 932 1934; baseline -0.001 0"><span class='ocrx_word' id='word_1_167' title='bbox 230 1905 454 1934; x_wconf 84' lang='lat' dir='ltr'>multominus</span> <span class='ocrx_word' id='word_1_168' title='bbox 467 1904 702 1934; x_wconf 74' lang='lat' dir='ltr'>vestimentum</span> <span class='ocrx_word' id='word_1_169' title='bbox 717 1904 842 1934; x_wconf 73' lang='lat' dir='ltr'>laxum.</span> <span class='ocrx_word' id='word_1_170' title='bbox 866 1904 932 1933; x_wconf 86' lang='lat' dir='ltr'>Po-</span> 
     </span>
     <span class='ocr_line' id='line_1_36' title="bbox 231 1954 933 1994; baseline -0.001 -9"><span class='ocrx_word' id='word_1_171' title='bbox 231 1962 427 1986; x_wconf 73' lang='lat' dir='ltr'>testantem</span> <span class='ocrx_word' id='word_1_172' title='bbox 456 1955 618 1991; x_wconf 74' lang='lat' dir='ltr'>dubitari,</span> <span class='ocrx_word' id='word_1_173' title='bbox 637 1954 744 1984; x_wconf 81' lang='lat' dir='ltr'>verius</span> <span class='ocrx_word' id='word_1_174' title='bbox 764 1954 822 1992; x_wconf 85' lang='lat' dir='ltr'>sit,</span> <span class='ocrx_word' id='word_1_175' title='bbox 841 1954 933 1994; x_wconf 85' lang='lat' dir='ltr'>quod</span> 
     </span>
     <span class='ocr_line' id='line_1_37' title="bbox 232 2003 934 2043; baseline -0.004 -7"><span class='ocrx_word' id='word_1_176' title='bbox 232 2006 371 2036; x_wconf 84' lang='lat' dir='ltr'>Gruteri</span> <span class='ocrx_word' id='word_1_177' title='bbox 384 2004 521 2034; x_wconf 82' lang='lat' dir='ltr'>codices</span> <span class='ocrx_word' id='word_1_178' title='bbox 534 2003 676 2041; x_wconf 67' lang='lat' dir='ltr'>saltanti,</span> <span class='ocrx_word' id='word_1_179' title='bbox 690 2013 730 2033; x_wconf 85' lang='lat' dir='ltr'>an</span> <span class='ocrx_word' id='word_1_180' title='bbox 745 2003 831 2043; x_wconf 87' lang='lat' dir='ltr'>quod</span> <span class='ocrx_word' id='word_1_181' title='bbox 846 2004 934 2034; x_wconf 84' lang='lat' dir='ltr'>Scri-</span> 
     </span>
     <span class='ocr_line' id='line_1_38' title="bbox 233 2054 933 2094; baseline -0.001 -9"><span class='ocrx_word' id='word_1_182' title='bbox 233 2057 398 2094; x_wconf 71' lang='lat' dir='ltr'>verianus,</span> <span class='ocrx_word' id='word_1_183' title='bbox 418 2057 594 2085; x_wconf 72' lang='lat' dir='ltr'>saltantem.</span> <span class='ocrx_word' id='word_1_184' title='bbox 641 2054 739 2084; x_wconf 82' lang='lat' dir='ltr'>Prius</span> <span class='ocrx_word' id='word_1_185' title='bbox 756 2058 831 2084; x_wconf 85' lang='lat' dir='ltr'>est:</span> <span class='ocrx_word' id='word_1_186' title='bbox 855 2054 933 2084; x_wconf 83' lang='lat' dir='ltr'>novi</span> 
     </span>
     <span class='ocr_line' id='line_1_39' title="bbox 232 2104 934 2146; baseline 0 -11"><span class='ocrx_word' id='word_1_187' title='bbox 232 2116 320 2144; x_wconf 91' lang='lat' dir='ltr'>eum,</span> <span class='ocrx_word' id='word_1_188' title='bbox 337 2105 392 2146; x_wconf 90' lang='lat' dir='ltr'>qui</span> <span class='ocrx_word' id='word_1_189' title='bbox 409 2105 455 2135; x_wconf 87' lang='lat' dir='ltr'>sic</span> <span class='ocrx_word' id='word_1_190' title='bbox 473 2115 508 2135; x_wconf 89' lang='lat' dir='ltr'>se</span> <span class='ocrx_word' id='word_1_191' title='bbox 536 2104 720 2143; x_wconf 77' lang='lat' dir='ltr'>prostituit,</span> <span class='ocrx_word' id='word_1_192' title='bbox 736 2108 772 2134; x_wconf 88' lang='lat' dir='ltr'>ut</span> <span class='ocrx_word' id='word_1_193' title='bbox 797 2104 830 2133; x_wconf 91' lang='lat' dir='ltr'>in</span> <span class='ocrx_word' id='word_1_194' title='bbox 855 2110 934 2144; x_wconf 87' lang='lat' dir='ltr'>toga</span> 
     </span>
     <span class='ocr_line' id='line_1_40' title="bbox 232 2153 934 2194; baseline -0.003 -8"><span class='ocrx_word' id='word_1_195' title='bbox 232 2156 346 2194; x_wconf 84' lang='lat' dir='ltr'>saltet,</span> <span class='ocrx_word' id='word_1_196' title='bbox 359 2156 474 2194; x_wconf 88' lang='lat' dir='ltr'>inepte</span> <span class='ocrx_word' id='word_1_197' title='bbox 489 2153 651 2194; x_wconf 65' lang='lat' dir='ltr'>praeferre</span> <span class='ocrx_word' id='word_1_198' title='bbox 666 2153 841 2193; x_wconf 80' lang='lat' dir='ltr'>pudorem,</span> <span class='ocrx_word' id='word_1_199' title='bbox 858 2164 934 2194; x_wconf 85' lang='lat' dir='ltr'>per-</span> 
     </span>
     <span class='ocr_line' id='line_1_41' title="bbox 232 2204 933 2246; baseline -0.001 -9"><span class='ocrx_word' id='word_1_200' title='bbox 232 2216 315 2237; x_wconf 91' lang='lat' dir='ltr'>sona</span> <span class='ocrx_word' id='word_1_201' title='bbox 328 2205 433 2246; x_wconf 86' lang='lat' dir='ltr'>capiti</span> <span class='ocrx_word' id='word_1_202' title='bbox 450 2205 599 2235; x_wconf 86' lang='lat' dir='ltr'>inducta.</span> <span class='ocrx_word' id='word_1_203' title='bbox 645 2205 822 2235; x_wconf 76' lang='lat' dir='ltr'>Posterius</span> <span class='ocrx_word' id='word_1_204' title='bbox 832 2204 933 2238; x_wconf 78' lang='lat' dir='ltr'>foi-et,</span> 
     </span>
     <span class='ocr_line' id='line_1_42' title="bbox 233 2254 935 2295; baseline 0 -8"><span class='ocrx_word' id='word_1_205' title='bbox 233 2262 270 2287; x_wconf 86' lang='lat' dir='ltr'>ut</span> <span class='ocrx_word' id='word_1_206' title='bbox 304 2257 480 2287; x_wconf 82' lang='lat' dir='ltr'>Ciceronis</span> <span class='ocrx_word' id='word_1_207' title='bbox 507 2254 528 2286; x_wconf 90' lang='lat' dir='ltr'>l.</span> <span class='ocrx_word' id='word_1_208' title='bbox 558 2258 589 2286; x_wconf 86' lang='grc'>7,</span> <span class='ocrx_word' id='word_1_209' title='bbox 616 2255 717 2295; x_wconf 84' lang='lat' dir='ltr'>epist.</span> <span class='ocrx_word' id='word_1_210' title='bbox 746 2259 796 2287; x_wconf 92' lang='grc'>11.</span> <span class='ocrx_word' id='word_1_211' title='bbox 820 2256 935 2288; x_wconf 81' lang='lat' dir='ltr'>‘Mira</span> 
     </span>
     <span class='ocr_line' id='line_1_43' title="bbox 233 2305 934 2348; baseline -0.001 -10"><span class='ocrx_word' id='word_1_212' title='bbox 233 2308 323 2338; x_wconf 92' lang='lat' dir='ltr'>enim</span> <span class='ocrx_word' id='word_1_213' title='bbox 338 2316 481 2348; x_wconf 85' lang='lat' dir='ltr'>persona</span> <span class='ocrx_word' id='word_1_214' title='bbox 504 2305 622 2336; x_wconf 84' lang='lat' dir='ltr'>induci</span> <span class='ocrx_word' id='word_1_215' title='bbox 647 2310 761 2345; x_wconf 79' lang='lat' dir='ltr'>potest</span> <span class='ocrx_word' id='word_1_216' title='bbox 778 2306 934 2337; x_wconf 84' lang='lat' dir='ltr'>Britanni</span> 
     </span>
     <span class='ocr_line' id='line_1_44' title="bbox 225 2355 932 2398; baseline -0.003 -10"><span class='ocrx_word' id='word_1_217' title='bbox 225 2356 477 2398; x_wconf 85' lang='lat' dir='ltr'>jureconsulti.’</span> <span class='ocrx_word' id='word_1_218' title='bbox 499 2357 545 2387; x_wconf 89' lang='lat' dir='ltr'>Et</span> <span class='ocrx_word' id='word_1_219' title='bbox 557 2355 709 2387; x_wconf 87' lang='lat' dir='ltr'>Suetonii</span> <span class='ocrx_word' id='word_1_220' title='bbox 725 2356 757 2386; x_wconf 90' lang='lat' dir='ltr'>in</span> <span class='ocrx_word' id='word_1_221' title='bbox 772 2357 932 2387; x_wconf 86' lang='lat' dir='ltr'>Nerone:</span> 
     </span>
     <span class='ocr_line' id='line_1_45' title="bbox 232 2405 935 2447; baseline -0.003 -8"><span class='ocrx_word' id='word_1_222' title='bbox 232 2410 240 2424; x_wconf 82' lang='lat'>‘</span> <span class='ocrx_word' id='word_1_223' title='bbox 255 2408 403 2439; x_wconf 85' lang='lat' dir='ltr'>Inducta</span> <span class='ocrx_word' id='word_1_224' title='bbox 417 2412 472 2438; x_wconf 87' lang='lat' dir='ltr'>est</span> <span class='ocrx_word' id='word_1_225' title='bbox 487 2412 523 2438; x_wconf 91' lang='lat' dir='ltr'>et</span> <span class='ocrx_word' id='word_1_226' title='bbox 547 2405 680 2437; x_wconf 83' lang='lat' dir='ltr'>Afranii</span> <span class='ocrx_word' id='word_1_227' title='bbox 704 2411 836 2447; x_wconf 85' lang='lat' dir='ltr'>togata,</span> <span class='ocrx_word' id='word_1_228' title='bbox 860 2417 935 2447; x_wconf 81' lang='lat' dir='ltr'>quae</span> 
     </span>
     <span class='ocr_line' id='line_1_46' title="bbox 234 2456 935 2490; baseline -0.003 0"><span class='ocrx_word' id='word_1_229' title='bbox 234 2459 435 2490; x_wconf 85' lang='lat' dir='ltr'>Incendium</span> <span class='ocrx_word' id='word_1_230' title='bbox 479 2456 700 2488; x_wconf 86' lang='lat' dir='ltr'>inscribitur.’</span> <span class='ocrx_word' id='word_1_231' title='bbox 752 2458 935 2488; x_wconf 70' lang='lat' dir='ltr'>Gronovius.</span> 
     </span>
     <span class='ocr_line' id='line_1_47' title="bbox 234 2508 937 2551; baseline -0.006 -10"><span class='ocrx_word' id='word_1_232' title='bbox 234 2511 364 2551; x_wconf 83' lang='lat' dir='ltr'>Togam]</span> <span class='ocrx_word' id='word_1_233' title='bbox 387 2510 456 2540; x_wconf 90' lang='lat' dir='ltr'>Per</span> <span class='ocrx_word' id='word_1_234' title='bbox 479 2511 614 2548; x_wconf 80' lang='lat' dir='ltr'>‘togam</span> <span class='ocrx_word' id='word_1_235' title='bbox 628 2508 635 2520; x_wconf 90' lang='lat'><strong><em>⁷</em></strong></span> <span class='ocrx_word' id='word_1_236' title='bbox 659 2508 791 2548; x_wconf 82' lang='lat' dir='ltr'>tropice</span> <span class='ocrx_word' id='word_1_237' title='bbox 805 2517 937 2548; x_wconf 78' lang='lat' dir='ltr'>prosam</span> 
     </span>
     <span class='ocr_line' id='line_1_48' title="bbox 233 2559 938 2599; baseline -0.004 -7"><span class='ocrx_word' id='word_1_238' title='bbox 233 2562 304 2592; x_wconf 81' lang='lat' dir='ltr'>sive</span> <span class='ocrx_word' id='word_1_239' title='bbox 323 2562 467 2592; x_wconf 89' lang='lat' dir='ltr'>solutam</span> <span class='ocrx_word' id='word_1_240' title='bbox 483 2567 518 2590; x_wconf 87' lang='lat' dir='ltr'>et</span> <span class='ocrx_word' id='word_1_241' title='bbox 533 2560 675 2591; x_wconf 82' lang='lat' dir='ltr'>liberam</span> <span class='ocrx_word' id='word_1_242' title='bbox 692 2559 851 2599; x_wconf 79' lang='lat' dir='ltr'>intelligit</span> <span class='ocrx_word' id='word_1_243' title='bbox 865 2569 938 2590; x_wconf 89' lang='lat' dir='ltr'>ora-</span> 
     </span>
     <span class='ocr_line' id='line_1_49' title="bbox 235 2612 940 2652; baseline -0.004 -9"><span class='ocrx_word' id='word_1_244' title='bbox 235 2613 375 2643; x_wconf 81' lang='lat' dir='ltr'>tionem:</span> <span class='ocrx_word' id='word_1_245' title='bbox 416 2621 476 2652; x_wconf 83' lang='lat' dir='ltr'>per</span> <span class='ocrx_word' id='word_1_246' title='bbox 510 2612 708 2641; x_wconf 83' lang='lat' dir='ltr'>‘saltantem</span> <span class='ocrx_word' id='word_1_247' title='bbox 739 2617 940 2650; x_wconf 50' lang='lat' dir='ltr'>personam?</span> 
     </span>
     <span class='ocr_line' id='line_1_50' title="bbox 235 2662 938 2703; baseline -0.003 -10"><span class='ocrx_word' id='word_1_248' title='bbox 235 2663 406 2703; x_wconf 70' lang='lat' dir='ltr'>poemata.</span> <span class='ocrx_word' id='word_1_249' title='bbox 453 2662 798 2702; x_wconf 71' lang='lat' dir='ltr'>Saltantui·poi}1nata</span> <span class='ocrx_word' id='word_1_250' title='bbox 815 2662 847 2692; x_wconf 88' lang='lat' dir='ltr'>in</span> <span class='ocrx_word' id='word_1_251' title='bbox 868 2671 938 2691; x_wconf 73' lang='lat' dir='ltr'>vcs-</span> 
     </span>
     <span class='ocr_line' id='line_1_51' title="bbox 238 2714 941 2754; baseline -0.003 -9"><span class='ocrx_word' id='word_1_252' title='bbox 238 2715 329 2745; x_wconf 82' lang='lat' dir='ltr'>tibus</span> <span class='ocrx_word' id='word_1_253' title='bbox 354 2715 512 2745; x_wconf 77' lang='lat' dir='ltr'>scenicis:</span> <span class='ocrx_word' id='word_1_254' title='bbox 540 2723 638 2754; x_wconf 77' lang='lat' dir='ltr'>prosa</span> <span class='ocrx_word' id='word_1_255' title='bbox 666 2714 775 2744; x_wconf 67' lang='lat' dir='ltr'>oratio</span> <span class='ocrx_word' id='word_1_256' title='bbox 798 2714 941 2744; x_wconf 73' lang='lat' dir='ltr'>liabetur</span> 
     </span>
    </p>
   </div>
   <div class='ocr_carea' id='block_1_3' title="bbox 679 133 1202 163">
    <p class='ocr_par' dir='ltr' id='par_1_7' title="bbox 679 133 1202 163">
     <span class='ocr_line' id='line_1_52' title="bbox 679 133 1202 163; baseline 0 0"><span class='ocrx_word' id='word_1_257' title='bbox 679 133 820 163; x_wconf 76' lang='lat' dir='ltr'><strong>NOTAE</strong></span> <span class='ocrx_word' id='word_1_258' title='bbox 858 133 1117 163; x_wconf 82' lang='lat' dir='ltr'><strong>VARIORUM</strong></span> <span class='ocrx_word' id='word_1_259' title='bbox 1152 134 1202 163; x_wconf 80' lang='lat' dir='ltr'>IN</span> 
     </span>
    </p>
   </div>
   <div class='ocr_carea' id='block_1_4' title="bbox 976 226 1695 2701">
    <p class='ocr_par' dir='ltr' id='par_1_8' title="bbox 976 226 1683 667">
     <span class='ocr_line' id='line_1_53' title="bbox 980 226 1679 268; baseline 0.003 -10"><span class='ocrx_word' id='word_1_260' title='bbox 980 232 1038 258; x_wconf 90' lang='lat' dir='ltr'>aut</span> <span class='ocrx_word' id='word_1_261' title='bbox 1055 228 1222 259; x_wconf 90' lang='lat' dir='ltr'>recitatur</span> <span class='ocrx_word' id='word_1_262' title='bbox 1236 227 1269 258; x_wconf 86' lang='lat' dir='ltr'>in</span> <span class='ocrx_word' id='word_1_263' title='bbox 1288 231 1379 266; x_wconf 79' lang='lat' dir='ltr'>toga.</span> <span class='ocrx_word' id='word_1_264' title='bbox 1424 226 1491 258; x_wconf 77' lang='lat' dir='ltr'>Sed</span> <span class='ocrx_word' id='word_1_265' title='bbox 1510 232 1597 268; x_wconf 83' lang='lat' dir='ltr'>togae</span> <span class='ocrx_word' id='word_1_266' title='bbox 1615 228 1679 260; x_wconf 84' lang='lat' dir='ltr'>illae</span> 
     </span>
     <span class='ocr_line' id='line_1_54' title="bbox 980 277 1682 318; baseline 0 -9"><span class='ocrx_word' id='word_1_267' title='bbox 980 278 1081 309; x_wconf 84' lang='lat' dir='ltr'>dictae</span> <span class='ocrx_word' id='word_1_268' title='bbox 1095 279 1293 318; x_wconf 80' lang='lat' dir='ltr'>improprie,</span> <span class='ocrx_word' id='word_1_269' title='bbox 1307 277 1378 308; x_wconf 85' lang='lat' dir='ltr'>sive</span> <span class='ocrx_word' id='word_1_270' title='bbox 1392 282 1479 317; x_wconf 81' lang='lat' dir='ltr'>togae</span> <span class='ocrx_word' id='word_1_271' title='bbox 1492 278 1558 308; x_wconf 86' lang='lat' dir='ltr'>illae</span> <span class='ocrx_word' id='word_1_272' title='bbox 1576 278 1682 309; x_wconf 88' lang='lat' dir='ltr'>mimi—</span> 
     </span>
     <span class='ocr_line' id='line_1_55' title="bbox 980 328 1681 368; baseline -0.001 -8"><span class='ocrx_word' id='word_1_273' title='bbox 980 339 1042 367; x_wconf 73' lang='lat' dir='ltr'>cae,</span> <span class='ocrx_word' id='word_1_274' title='bbox 1058 328 1193 358; x_wconf 91' lang='lat' dir='ltr'>consuti</span> <span class='ocrx_word' id='word_1_275' title='bbox 1217 338 1258 359; x_wconf 84' lang='lat' dir='ltr'>ex</span> <span class='ocrx_word' id='word_1_276' title='bbox 1288 328 1475 368; x_wconf 79' lang='lat' dir='ltr'>panniculis</span> <span class='ocrx_word' id='word_1_277' title='bbox 1500 328 1681 359; x_wconf 84' lang='lat' dir='ltr'>versicolo-</span> 
     </span>
     <span class='ocr_line' id='line_1_56' title="bbox 978 378 1681 418; baseline 0.001 -9"><span class='ocrx_word' id='word_1_278' title='bbox 978 378 1036 409; x_wconf 86' lang='lat' dir='ltr'>riis</span> <span class='ocrx_word' id='word_1_279' title='bbox 1054 384 1228 410; x_wconf 83' lang='lat' dir='ltr'>centones.</span> <span class='ocrx_word' id='word_1_280' title='bbox 1261 379 1415 409; x_wconf 86' lang='lat' dir='ltr'>Scenicae</span> <span class='ocrx_word' id='word_1_281' title='bbox 1428 388 1551 418; x_wconf 87' lang='lat' dir='ltr'>nempe</span> <span class='ocrx_word' id='word_1_282' title='bbox 1569 385 1681 410; x_wconf 75' lang='lat' dir='ltr'>vestes</span> 
     </span>
     <span class='ocr_line' id='line_1_57' title="bbox 978 428 1682 470; baseline 0.001 -11"><span class='ocrx_word' id='word_1_283' title='bbox 978 429 1012 460; x_wconf 82' lang='grc' dir='ltr'>ἐκ</span> <span class='ocrx_word' id='word_1_284' title='bbox 1037 429 1135 468; x_wconf 82' lang='grc' dir='ltr'>ῥακῶν</span> <span class='ocrx_word' id='word_1_285' title='bbox 1162 428 1242 459; x_wconf 82' lang='grc' dir='ltr'>πάνυ</span> <span class='ocrx_word' id='word_1_286' title='bbox 1267 429 1397 460; x_wconf 78' lang='grc' dir='ltr'>εὐτελῶν</span> <span class='ocrx_word' id='word_1_287' title='bbox 1424 429 1682 470; x_wconf 67' lang='grc' dir='ltr'>συγκεκομμέναι,</span> 
     </span>
     <span class='ocr_line' id='line_1_58' title="bbox 976 482 1683 521; baseline 0.003 -9"><span class='ocrx_word' id='word_1_288' title='bbox 976 491 1016 512; x_wconf 76' lang='lat' dir='ltr'>cx</span> <span class='ocrx_word' id='word_1_289' title='bbox 1030 482 1142 512; x_wconf 82' lang='lat' dir='ltr'>vilibus</span> <span class='ocrx_word' id='word_1_290' title='bbox 1155 483 1317 513; x_wconf 78' lang='lat' dir='ltr'>admodum</span> <span class='ocrx_word' id='word_1_291' title='bbox 1325 482 1436 521; x_wconf 80' lang='lat' dir='ltr'>pannis</span> <span class='ocrx_word' id='word_1_292' title='bbox 1449 482 1588 514; x_wconf 78' lang='lat' dir='ltr'>concisae.</span> <span class='ocrx_word' id='word_1_293' title='bbox 1613 483 1683 514; x_wconf 68' lang='lat' dir='ltr'>No-</span> 
     </span>
     <span class='ocr_line' id='line_1_59' title="bbox 976 532 1682 574; baseline 0.001 -11"><span class='ocrx_word' id='word_1_294' title='bbox 976 533 1069 563; x_wconf 87' lang='lat' dir='ltr'>luere</span> <span class='ocrx_word' id='word_1_295' title='bbox 1079 532 1168 563; x_wconf 87' lang='lat' dir='ltr'>enim</span> <span class='ocrx_word' id='word_1_296' title='bbox 1185 533 1336 565; x_wconf 80' lang='lat' dir='ltr'>Quirites</span> <span class='ocrx_word' id='word_1_297' title='bbox 1353 538 1466 573; x_wconf 87' lang='lat' dir='ltr'>togam</span> <span class='ocrx_word' id='word_1_298' title='bbox 1485 543 1590 573; x_wconf 83' lang='lat' dir='ltr'>suam,</span> <span class='ocrx_word' id='word_1_299' title='bbox 1605 543 1682 574; x_wconf 82' lang='lat' dir='ltr'>quae</span> 
     </span>
     <span class='ocr_line' id='line_1_60' title="bbox 976 583 1683 624; baseline 0.001 -10"><span class='ocrx_word' id='word_1_300' title='bbox 976 589 1059 614; x_wconf 90' lang='lat' dir='ltr'>nota</span> <span class='ocrx_word' id='word_1_301' title='bbox 1076 583 1213 624; x_wconf 86' lang='lat' dir='ltr'>propria</span> <span class='ocrx_word' id='word_1_302' title='bbox 1228 583 1392 622; x_wconf 85' lang='lat' dir='ltr'>civitatis,</span> <span class='ocrx_word' id='word_1_303' title='bbox 1404 584 1595 615; x_wconf 82' lang='lat' dir='ltr'>actionibus</span> <span class='ocrx_word' id='word_1_304' title='bbox 1611 594 1683 615; x_wconf 85' lang='lat' dir='ltr'>sce-</span> 
     </span>
     <span class='ocr_line' id='line_1_61' title="bbox 977 634 1484 667; baseline -0.002 0"><span class='ocrx_word' id='word_1_305' title='bbox 977 635 1063 667; x_wconf 88' lang='lat' dir='ltr'>nicis</span> <span class='ocrx_word' id='word_1_306' title='bbox 1077 634 1302 666; x_wconf 86' lang='lat' dir='ltr'>dehonestari.</span> <span class='ocrx_word' id='word_1_307' title='bbox 1327 634 1484 666; x_wconf 71' lang='lat' dir='ltr'>Mnsamb.</span> 
     </span>
    </p>

    <p class='ocr_par' dir='ltr' id='par_1_9' title="bbox 977 685 1685 920">
     <span class='ocr_line' id='line_1_62' title="bbox 1020 685 1682 727; baseline -0.002 -11"><span class='ocrx_word' id='word_1_308' title='bbox 1020 686 1162 726; x_wconf 80' lang='lat' dir='ltr'>Denique</span> <span class='ocrx_word' id='word_1_309' title='bbox 1198 687 1323 725; x_wconf 70' lang='lat' dir='ltr'>videris,</span> <span class='ocrx_word' id='word_1_310' title='bbox 1364 686 1434 726; x_wconf 64' lang='grc' dir='ltr'>δμκ]</span> <span class='ocrx_word' id='word_1_311' title='bbox 1486 685 1609 727; x_wconf 87' lang='lat' dir='ltr'>Neque</span> <span class='ocrx_word' id='word_1_312' title='bbox 1649 690 1682 716; x_wconf 81' lang='lat' dir='ltr'>te</span> 
     </span>
     <span class='ocr_line' id='line_1_63' title="bbox 978 735 1683 776; baseline -0.003 -9"><span class='ocrx_word' id='word_1_313' title='bbox 978 741 1079 776; x_wconf 84' lang='lat' dir='ltr'>putes</span> <span class='ocrx_word' id='word_1_314' title='bbox 1092 737 1237 776; x_wconf 89' lang='lat' dir='ltr'>epistola</span> <span class='ocrx_word' id='word_1_315' title='bbox 1260 736 1365 776; x_wconf 78' lang='lat' dir='ltr'>magis</span> <span class='ocrx_word' id='word_1_316' title='bbox 1383 736 1546 767; x_wconf 87' lang='lat' dir='ltr'>munitum</span> <span class='ocrx_word' id='word_1_317' title='bbox 1563 735 1683 767; x_wconf 85' lang='lat' dir='ltr'>adver-</span> 
     </span>
     <span class='ocr_line' id='line_1_64' title="bbox 977 787 1684 828; baseline -0.001 -10"><span class='ocrx_word' id='word_1_318' title='bbox 977 797 1032 818; x_wconf 88' lang='lat' dir='ltr'>sus</span> <span class='ocrx_word' id='word_1_319' title='bbox 1050 787 1247 822; x_wconf 80' lang='lat' dir='ltr'>maledicos,</span> <span class='ocrx_word' id='word_1_320' title='bbox 1264 797 1362 828; x_wconf 87' lang='lat' dir='ltr'>quam</span> <span class='ocrx_word' id='word_1_321' title='bbox 1379 787 1406 818; x_wconf 88' lang='lat' dir='ltr'>si</span> <span class='ocrx_word' id='word_1_322' title='bbox 1423 788 1496 828; x_wconf 83' lang='lat' dir='ltr'>quis</span> <span class='ocrx_word' id='word_1_323' title='bbox 1517 787 1684 827; x_wconf 79' lang='lat' dir='ltr'>myrmillo</span> 
     </span>
     <span class='ocr_line' id='line_1_65' title="bbox 977 837 1685 877; baseline -0.001 -9"><span class='ocrx_word' id='word_1_324' title='bbox 977 842 1098 869; x_wconf 84' lang='lat' dir='ltr'>contra</span> <span class='ocrx_word' id='word_1_325' title='bbox 1113 837 1288 868; x_wconf 88' lang='lat' dir='ltr'>retiarium</span> <span class='ocrx_word' id='word_1_326' title='bbox 1304 837 1414 868; x_wconf 85' lang='lat' dir='ltr'>ferula</span> <span class='ocrx_word' id='word_1_327' title='bbox 1430 847 1492 877; x_wconf 88' lang='lat' dir='ltr'>pro</span> <span class='ocrx_word' id='word_1_328' title='bbox 1506 846 1587 868; x_wconf 80' lang='lat' dir='ltr'>ense</span> <span class='ocrx_word' id='word_1_329' title='bbox 1603 846 1685 877; x_wconf 82' lang='lat' dir='ltr'>pug-</span> 
     </span>
     <span class='ocr_line' id='line_1_66' title="bbox 980 893 1090 920; baseline 0 -1"><span class='ocrx_word' id='word_1_330' title='bbox 980 893 1090 920; x_wconf 86' lang='lat' dir='ltr'>naret.</span> 
     </span>
    </p>

    <p class='ocr_par' dir='ltr' id='par_1_10' title="bbox 981 938 1688 1387">
     <span class='ocr_line' id='line_1_67' title="bbox 1025 938 1685 979; baseline 0 -9"><span class='ocrx_word' id='word_1_331' title='bbox 1025 940 1096 979; x_wconf 81' lang='lat' dir='ltr'>Ego</span> <span class='ocrx_word' id='word_1_332' title='bbox 1134 940 1227 979; x_wconf 82' lang='lat' dir='ltr'>inter,</span> <span class='ocrx_word' id='word_1_333' title='bbox 1256 938 1328 979; x_wconf 53' lang='lat' dir='ltr'>&amp;ej</span> <span class='ocrx_word' id='word_1_334' title='bbox 1360 939 1410 970; x_wconf 94' lang='lat' dir='ltr'>Ut</span> <span class='ocrx_word' id='word_1_335' title='bbox 1436 939 1524 970; x_wconf 72' lang='lat' dir='ltr'>enim</span> <span class='ocrx_word' id='word_1_336' title='bbox 1551 944 1685 979; x_wconf 85' lang='lat' dir='ltr'>specta-</span> 
     </span>
     <span class='ocr_line' id='line_1_68' title="bbox 981 989 1687 1031; baseline -0.003 -9"><span class='ocrx_word' id='word_1_337' title='bbox 981 995 1072 1022; x_wconf 85' lang='lat' dir='ltr'>tores</span> <span class='ocrx_word' id='word_1_338' title='bbox 1098 990 1278 1021; x_wconf 87' lang='lat' dir='ltr'>illiusmodi</span> <span class='ocrx_word' id='word_1_339' title='bbox 1304 989 1526 1031; x_wconf 85' lang='lat' dir='ltr'>myrmillonis</span> <span class='ocrx_word' id='word_1_340' title='bbox 1542 989 1687 1020; x_wconf 88' lang='lat' dir='ltr'>inconsi-</span> 
     </span>
     <span class='ocr_line' id='line_1_69' title="bbox 981 1040 1686 1072; baseline -0.003 0"><span class='ocrx_word' id='word_1_341' title='bbox 981 1041 1138 1072; x_wconf 85' lang='lat' dir='ltr'>deratam</span> <span class='ocrx_word' id='word_1_342' title='bbox 1163 1041 1342 1071; x_wconf 83' lang='lat' dir='ltr'>audaciam</span> <span class='ocrx_word' id='word_1_343' title='bbox 1358 1040 1503 1071; x_wconf 86' lang='lat' dir='ltr'>aversati</span> <span class='ocrx_word' id='word_1_344' title='bbox 1519 1040 1686 1070; x_wconf 85' lang='lat' dir='ltr'>reclama-</span> 
     </span>
     <span class='ocr_line' id='line_1_70' title="bbox 983 1092 1687 1132; baseline -0.001 -9"><span class='ocrx_word' id='word_1_345' title='bbox 983 1098 1074 1132; x_wconf 86' lang='lat' dir='ltr'>rent,</span> <span class='ocrx_word' id='word_1_346' title='bbox 1090 1093 1137 1124; x_wconf 87' lang='lat' dir='ltr'>ita</span> <span class='ocrx_word' id='word_1_347' title='bbox 1154 1093 1245 1123; x_wconf 91' lang='lat' dir='ltr'>inter</span> <span class='ocrx_word' id='word_1_348' title='bbox 1260 1093 1343 1123; x_wconf 87' lang='lat' dir='ltr'>alios</span> <span class='ocrx_word' id='word_1_349' title='bbox 1359 1098 1395 1123; x_wconf 90' lang='lat' dir='ltr'>et</span> <span class='ocrx_word' id='word_1_350' title='bbox 1410 1102 1474 1132; x_wconf 82' lang='lat' dir='ltr'>ego</span> <span class='ocrx_word' id='word_1_351' title='bbox 1491 1097 1583 1122; x_wconf 87' lang='lat' dir='ltr'>tuam</span> <span class='ocrx_word' id='word_1_352' title='bbox 1598 1092 1687 1123; x_wconf 83' lang='lat' dir='ltr'>lianc</span> 
     </span>
     <span class='ocr_line' id='line_1_71' title="bbox 984 1142 1686 1184; baseline -0.001 -10"><span class='ocrx_word' id='word_1_353' title='bbox 984 1143 1214 1174; x_wconf 83' lang='lat' dir='ltr'>temeritatem</span> <span class='ocrx_word' id='word_1_354' title='bbox 1230 1143 1377 1184; x_wconf 86' lang='lat' dir='ltr'>epistola</span> <span class='ocrx_word' id='word_1_355' title='bbox 1402 1143 1594 1174; x_wconf 87' lang='lat' dir='ltr'>nullatenus</span> <span class='ocrx_word' id='word_1_356' title='bbox 1615 1142 1686 1173; x_wconf 90' lang='lat' dir='ltr'>effi-</span> 
     </span>
     <span class='ocr_line' id='line_1_72' title="bbox 983 1192 1686 1236; baseline 0 -11"><span class='ocrx_word' id='word_1_357' title='bbox 983 1194 1056 1225; x_wconf 87' lang='lat' dir='ltr'>caci</span> <span class='ocrx_word' id='word_1_358' title='bbox 1074 1200 1108 1224; x_wconf 90' lang='lat' dir='ltr'>te</span> <span class='ocrx_word' id='word_1_359' title='bbox 1137 1192 1323 1224; x_wconf 85' lang='lat' dir='ltr'>defendere</span> <span class='ocrx_word' id='word_1_360' title='bbox 1344 1195 1511 1226; x_wconf 81' lang='lat' dir='ltr'>conantis.</span> <span class='ocrx_word' id='word_1_361' title='bbox 1558 1194 1607 1225; x_wconf 91' lang='lat' dir='ltr'>Ut</span> <span class='ocrx_word' id='word_1_362' title='bbox 1629 1205 1686 1236; x_wconf 84' lang='lat' dir='ltr'>pa-</span> 
     </span>
     <span class='ocr_line' id='line_1_73' title="bbox 984 1243 1687 1285; baseline 0.001 -10"><span class='ocrx_word' id='word_1_363' title='bbox 984 1255 1056 1275; x_wconf 88' lang='lat' dir='ltr'>rum</span> <span class='ocrx_word' id='word_1_364' title='bbox 1098 1244 1130 1275; x_wconf 93' lang='lat' dir='ltr'>in</span> <span class='ocrx_word' id='word_1_365' title='bbox 1162 1243 1274 1276; x_wconf 87' lang='lat' dir='ltr'>ferula</span> <span class='ocrx_word' id='word_1_366' title='bbox 1304 1244 1466 1276; x_wconf 84' lang='lat' dir='ltr'>adversus</span> <span class='ocrx_word' id='word_1_367' title='bbox 1497 1246 1687 1285; x_wconf 85' lang='lat' dir='ltr'>retiarium,</span> 
     </span>
     <span class='ocr_line' id='line_1_74' title="bbox 985 1296 1688 1336; baseline 0.001 -10"><span class='ocrx_word' id='word_1_368' title='bbox 985 1297 1032 1326; x_wconf 90' lang='lat' dir='ltr'>sic</span> <span class='ocrx_word' id='word_1_369' title='bbox 1049 1305 1165 1336; x_wconf 85' lang='lat' dir='ltr'>parum</span> <span class='ocrx_word' id='word_1_370' title='bbox 1181 1296 1213 1326; x_wconf 92' lang='lat' dir='ltr'>in</span> <span class='ocrx_word' id='word_1_371' title='bbox 1239 1296 1386 1336; x_wconf 86' lang='lat' dir='ltr'>epistola</span> <span class='ocrx_word' id='word_1_372' title='bbox 1405 1296 1567 1328; x_wconf 82' lang='lat' dir='ltr'>adversus</span> <span class='ocrx_word' id='word_1_373' title='bbox 1585 1306 1688 1327; x_wconf 76' lang='lat' dir='ltr'>aemu-</span> 
     </span>
     <span class='ocr_line' id='line_1_75' title="bbox 986 1346 1603 1387; baseline 0 -10"><span class='ocrx_word' id='word_1_374' title='bbox 986 1347 1034 1377; x_wconf 87' lang='lat' dir='ltr'>los</span> <span class='ocrx_word' id='word_1_375' title='bbox 1052 1352 1085 1377; x_wconf 89' lang='lat' dir='ltr'>et</span> <span class='ocrx_word' id='word_1_376' title='bbox 1103 1346 1354 1378; x_wconf 83' lang='lat' dir='ltr'>obtrectatores</span> <span class='ocrx_word' id='word_1_377' title='bbox 1372 1347 1524 1387; x_wconf 78' lang='lat' dir='ltr'>praesidii</span> <span class='ocrx_word' id='word_1_378' title='bbox 1541 1352 1603 1377; x_wconf 86' lang='lat' dir='ltr'>est.</span> 
     </span>
    </p>

    <p class='ocr_par' dir='ltr' id='par_1_11' title="bbox 983 1397 1690 1641">
     <span class='ocr_line' id='line_1_76' title="bbox 1029 1397 1687 1438; baseline -0.002 -10"><span class='ocrx_word' id='word_1_379' title='bbox 1029 1398 1113 1428; x_wconf 81' lang='lat' dir='ltr'>Puto</span> <span class='ocrx_word' id='word_1_380' title='bbox 1139 1408 1197 1437; x_wconf 81' lang='lat' dir='ltr'>me,</span> <span class='ocrx_word' id='word_1_381' title='bbox 1232 1397 1302 1437; x_wconf 44' lang='lat' dir='ltr'>tiu]</span> <span class='ocrx_word' id='word_1_382' title='bbox 1338 1397 1537 1438; x_wconf 82' lang='lat' dir='ltr'>Respondet</span> <span class='ocrx_word' id='word_1_383' title='bbox 1566 1397 1687 1427; x_wconf 87' lang='lat' dir='ltr'>Marti-</span> 
     </span>
     <span class='ocr_line' id='line_1_77' title="bbox 986 1448 1687 1488; baseline -0.003 -9"><span class='ocrx_word' id='word_1_384' title='bbox 986 1449 1069 1479; x_wconf 86' lang='lat' dir='ltr'>alis:</span> <span class='ocrx_word' id='word_1_385' title='bbox 1092 1450 1101 1466; x_wconf 86' lang='lat'>‘</span> <span class='ocrx_word' id='word_1_386' title='bbox 1114 1450 1160 1479; x_wconf 89' lang='lat' dir='ltr'>Et</span> <span class='ocrx_word' id='word_1_387' title='bbox 1177 1459 1258 1479; x_wconf 89' lang='lat' dir='ltr'>saue</span> <span class='ocrx_word' id='word_1_388' title='bbox 1276 1449 1473 1488; x_wconf 82' lang='lat' dir='ltr'>perlongam</span> <span class='ocrx_word' id='word_1_389' title='bbox 1499 1448 1687 1487; x_wconf 86' lang='lat' dir='ltr'>scripturus</span> 
     </span>
     <span class='ocr_line' id='line_1_78' title="bbox 985 1499 1689 1539; baseline -0.003 -10"><span class='ocrx_word' id='word_1_390' title='bbox 985 1509 1075 1529; x_wconf 80' lang='lat' dir='ltr'>eram</span> <span class='ocrx_word' id='word_1_391' title='bbox 1107 1500 1306 1539; x_wconf 83' lang='lat' dir='ltr'>epistolam;</span> <span class='ocrx_word' id='word_1_392' title='bbox 1339 1499 1397 1530; x_wconf 81' lang='lat' dir='ltr'>sed</span> <span class='ocrx_word' id='word_1_393' title='bbox 1426 1509 1445 1529; x_wconf 90' lang='lat' dir='ltr'>a</span> <span class='ocrx_word' id='word_1_394' title='bbox 1473 1504 1506 1529; x_wconf 89' lang='lat' dir='ltr'>te</span> <span class='ocrx_word' id='word_1_395' title='bbox 1528 1499 1689 1537; x_wconf 83' lang='lat' dir='ltr'>monitus,</span> 
     </span>
     <span class='ocr_line' id='line_1_79' title="bbox 983 1552 1690 1592; baseline -0.001 -10"><span class='ocrx_word' id='word_1_396' title='bbox 983 1552 1160 1582; x_wconf 88' lang='lat' dir='ltr'>consilium</span> <span class='ocrx_word' id='word_1_397' title='bbox 1174 1558 1279 1589; x_wconf 84' lang='lat' dir='ltr'>muto,</span> <span class='ocrx_word' id='word_1_398' title='bbox 1291 1561 1401 1592; x_wconf 91' lang='lat' dir='ltr'>neque</span> <span class='ocrx_word' id='word_1_399' title='bbox 1411 1552 1575 1582; x_wconf 86' lang='lat' dir='ltr'>lectorem</span> <span class='ocrx_word' id='word_1_400' title='bbox 1591 1552 1690 1590; x_wconf 82' lang='lat' dir='ltr'>longa</span> 
     </span>
     <span class='ocr_line' id='line_1_80' title="bbox 985 1600 1324 1641; baseline 0.003 -10"><span class='ocrx_word' id='word_1_401' title='bbox 985 1601 1133 1641; x_wconf 85' lang='lat' dir='ltr'>epistola</span> <span class='ocrx_word' id='word_1_402' title='bbox 1148 1600 1324 1641; x_wconf 71' lang='lat' dir='ltr'>fatigabo.’</span> 
     </span>
    </p>

    <p class='ocr_par' dir='ltr' id='par_1_12' title="bbox 985 1651 1693 1944">
     <span class='ocr_line' id='line_1_81' title="bbox 1030 1651 1687 1692; baseline -0.002 -10"><span class='ocrx_word' id='word_1_403' title='bbox 1030 1653 1127 1690; x_wconf 80' lang='lat' dir='ltr'>Quid,</span> <span class='ocrx_word' id='word_1_404' title='bbox 1149 1654 1177 1683; x_wconf 69' lang='lat' dir='ltr'>si</span> <span class='ocrx_word' id='word_1_405' title='bbox 1196 1652 1291 1692; x_wconf 79' lang='lat' dir='ltr'>scius]</span> <span class='ocrx_word' id='word_1_406' title='bbox 1317 1652 1519 1692; x_wconf 83' lang='lat' dir='ltr'>Lcngiorem</span> <span class='ocrx_word' id='word_1_407' title='bbox 1544 1651 1606 1682; x_wconf 84' lang='lat' dir='ltr'>tibi</span> <span class='ocrx_word' id='word_1_408' title='bbox 1632 1661 1687 1682; x_wconf 93' lang='lat' dir='ltr'>vo-</span> 
     </span>
     <span class='ocr_line' id='line_1_82' title="bbox 986 1701 1688 1743; baseline -0.003 -10"><span class='ocrx_word' id='word_1_409' title='bbox 986 1703 1033 1733; x_wconf 92' lang='lat' dir='ltr'>lui</span> <span class='ocrx_word' id='word_1_410' title='bbox 1062 1703 1241 1743; x_wconf 72' lang='lat' dir='ltr'>epistolam</span> <span class='ocrx_word' id='word_1_411' title='bbox 1268 1701 1394 1741; x_wconf 87' lang='lat' dir='ltr'>facere,</span> <span class='ocrx_word' id='word_1_412' title='bbox 1430 1707 1465 1732; x_wconf 86' lang='lat' dir='ltr'>et</span> <span class='ocrx_word' id='word_1_413' title='bbox 1494 1701 1627 1742; x_wconf 87' lang='lat' dir='ltr'>quidem</span> <span class='ocrx_word' id='word_1_414' title='bbox 1660 1701 1688 1731; x_wconf 90' lang='lat' dir='ltr'>si</span> 
     </span>
     <span class='ocr_line' id='line_1_83' title="bbox 985 1752 1690 1793; baseline -0.003 -10"><span class='ocrx_word' id='word_1_415' title='bbox 985 1753 1090 1784; x_wconf 73' lang='lat' dir='ltr'>scires</span> <span class='ocrx_word' id='word_1_416' title='bbox 1108 1758 1236 1793; x_wconf 85' lang='lat' dir='ltr'>quanta</span> <span class='ocrx_word' id='word_1_417' title='bbox 1252 1762 1325 1783; x_wconf 90' lang='lat' dir='ltr'>eam</span> <span class='ocrx_word' id='word_1_418' title='bbox 1343 1753 1434 1783; x_wconf 87' lang='lat' dir='ltr'>volui</span> <span class='ocrx_word' id='word_1_419' title='bbox 1450 1762 1524 1783; x_wconf 85' lang='lat' dir='ltr'>esse</span> <span class='ocrx_word' id='word_1_420' title='bbox 1541 1752 1690 1792; x_wconf 76' lang='lat' dir='ltr'>longitu-</span> 
     </span>
     <span class='ocr_line' id='line_1_84' title="bbox 986 1803 1693 1843; baseline -0.001 -10"><span class='ocrx_word' id='word_1_421' title='bbox 986 1803 1077 1840; x_wconf 87' lang='lat' dir='ltr'>dine,</span> <span class='ocrx_word' id='word_1_422' title='bbox 1101 1808 1172 1833; x_wconf 88' lang='lat' dir='ltr'>tum</span> <span class='ocrx_word' id='word_1_423' title='bbox 1190 1803 1292 1833; x_wconf 87' lang='lat' dir='ltr'>etiam</span> <span class='ocrx_word' id='word_1_424' title='bbox 1317 1803 1423 1843; x_wconf 80' lang='lat' dir='ltr'>magis</span> <span class='ocrx_word' id='word_1_425' title='bbox 1449 1803 1523 1834; x_wconf 66' lang='lat' dir='ltr'>haec</span> <span class='ocrx_word' id='word_1_426' title='bbox 1541 1803 1693 1843; x_wconf 88' lang='lat' dir='ltr'>taliaque</span> 
     </span>
     <span class='ocr_line' id='line_1_85' title="bbox 985 1853 1691 1893; baseline 0 -10"><span class='ocrx_word' id='word_1_427' title='bbox 985 1854 1133 1892; x_wconf 80' lang='lat' dir='ltr'>diceres,</span> <span class='ocrx_word' id='word_1_428' title='bbox 1145 1863 1192 1884; x_wconf 84' lang='lat' dir='ltr'>sc.</span> <span class='ocrx_word' id='word_1_429' title='bbox 1207 1853 1401 1893; x_wconf 85' lang='lat' dir='ltr'>importune</span> <span class='ocrx_word' id='word_1_430' title='bbox 1414 1853 1550 1884; x_wconf 85' lang='lat' dir='ltr'>misceri</span> <span class='ocrx_word' id='word_1_431' title='bbox 1565 1854 1691 1893; x_wconf 86' lang='lat' dir='ltr'>episto-</span> 
     </span>
     <span class='ocr_line' id='line_1_86' title="bbox 985 1904 1663 1944; baseline -0.001 -10"><span class='ocrx_word' id='word_1_432' title='bbox 985 1904 1034 1934; x_wconf 88' lang='lat' dir='ltr'>las</span> <span class='ocrx_word' id='word_1_433' title='bbox 1063 1904 1158 1944; x_wconf 82' lang='lat' dir='ltr'>operi</span> <span class='ocrx_word' id='word_1_434' title='bbox 1187 1904 1481 1944; x_wconf 75' lang='lat' dir='ltr'>epigrammatum.</span> <span class='ocrx_word' id='word_1_435' title='bbox 1508 1904 1663 1933; x_wconf 77' lang='lat' dir='ltr'>Musamb.</span> 
     </span>
    </p>

    <p class='ocr_par' dir='ltr' id='par_1_13' title="bbox 985 1954 1695 2347">
     <span class='ocr_line' id='line_1_87' title="bbox 1030 1954 1690 1994; baseline 0.002 -10"><span class='ocrx_word' id='word_1_436' title='bbox 1030 1955 1134 1984; x_wconf 73' lang='lat' dir='ltr'>Epic.</span> <span class='ocrx_word' id='word_1_437' title='bbox 1152 1963 1174 1985; x_wconf 90' lang='lat'>1.</span> <span class='ocrx_word' id='word_1_438' title='bbox 1200 1957 1215 1984; x_wconf 87' lang='lat'>1</span> <span class='ocrx_word' id='word_1_439' title='bbox 1231 1955 1430 1993; x_wconf 75' lang='lat' dir='ltr'>Tei-centena,</span> <span class='ocrx_word' id='word_1_440' title='bbox 1448 1954 1514 1994; x_wconf 59' lang='lat' dir='ltr'>Asa]</span> <span class='ocrx_word' id='word_1_441' title='bbox 1540 1955 1690 1985; x_wconf 81' lang='lat' dir='ltr'>Excusat</span> 
     </span>
     <span class='ocr_line' id='line_1_88' title="bbox 985 2004 1691 2046; baseline 0.003 -12"><span class='ocrx_word' id='word_1_442' title='bbox 985 2004 1060 2035; x_wconf 87' lang='lat' dir='ltr'>libri</span> <span class='ocrx_word' id='word_1_443' title='bbox 1078 2004 1176 2045; x_wconf 83' lang='lat' dir='ltr'>hujus</span> <span class='ocrx_word' id='word_1_444' title='bbox 1199 2005 1418 2043; x_wconf 88' lang='lat' dir='ltr'>brevitatem,</span> <span class='ocrx_word' id='word_1_445' title='bbox 1435 2005 1490 2046; x_wconf 91' lang='lat' dir='ltr'>qui</span> <span class='ocrx_word' id='word_1_446' title='bbox 1507 2006 1691 2046; x_wconf 87' lang='lat' dir='ltr'>nonaginta</span> 
     </span>
     <span class='ocr_line' id='line_1_89' title="bbox 985 2055 1689 2096; baseline 0.001 -11"><span class='ocrx_word' id='word_1_447' title='bbox 985 2061 1018 2086; x_wconf 86' lang='lat' dir='ltr'>et</span> <span class='ocrx_word' id='word_1_448' title='bbox 1048 2056 1114 2086; x_wconf 85' lang='lat' dir='ltr'>tria</span> <span class='ocrx_word' id='word_1_449' title='bbox 1141 2055 1244 2086; x_wconf 75' lang='lat' dir='ltr'>habet</span> <span class='ocrx_word' id='word_1_450' title='bbox 1282 2056 1549 2096; x_wconf 79' lang='lat' dir='ltr'>Epigrammata,</span> <span class='ocrx_word' id='word_1_451' title='bbox 1588 2066 1689 2096; x_wconf 87' lang='lat' dir='ltr'>quum</span> 
     </span>
     <span class='ocr_line' id='line_1_90' title="bbox 985 2106 1690 2146; baseline 0.001 -10"><span class='ocrx_word' id='word_1_452' title='bbox 985 2110 1102 2146; x_wconf 74' lang='lat' dir='ltr'>posset</span> <span class='ocrx_word' id='word_1_453' title='bbox 1117 2106 1187 2146; x_wconf 86' lang='lat' dir='ltr'>ipse</span> <span class='ocrx_word' id='word_1_454' title='bbox 1204 2106 1347 2146; x_wconf 89' lang='lat' dir='ltr'>plurima</span> <span class='ocrx_word' id='word_1_455' title='bbox 1363 2106 1500 2136; x_wconf 79' lang='lat' dir='ltr'>addere.</span> <span class='ocrx_word' id='word_1_456' title='bbox 1544 2107 1690 2137; x_wconf 89' lang='lat' dir='ltr'>Enume-</span> 
     </span>
     <span class='ocr_line' id='line_1_91' title="bbox 985 2155 1695 2187; baseline 0 0"><span class='ocrx_word' id='word_1_457' title='bbox 985 2162 1039 2187; x_wconf 87' lang='lat' dir='ltr'>rat</span> <span class='ocrx_word' id='word_1_458' title='bbox 1055 2155 1178 2187; x_wconf 87' lang='lat' dir='ltr'>deinde</span> <span class='ocrx_word' id='word_1_459' title='bbox 1193 2156 1369 2187; x_wconf 81' lang='lat' dir='ltr'>commoda</span> <span class='ocrx_word' id='word_1_460' title='bbox 1384 2156 1549 2187; x_wconf 84' lang='lat' dir='ltr'>brevioris</span> <span class='ocrx_word' id='word_1_461' title='bbox 1560 2157 1667 2187; x_wconf 89' lang='lat' dir='ltr'>libelli</span> <span class='ocrx_word' id='word_1_462' title='bbox 1687 2165 1695 2186; x_wconf 75' lang='lat' dir='ltr'><strong><em>z</em></strong></span> 
     </span>
     <span class='ocr_line' id='line_1_92' title="bbox 986 2207 1692 2248; baseline -0.001 -10"><span class='ocrx_word' id='word_1_463' title='bbox 986 2212 1022 2238; x_wconf 89' lang='lat' dir='ltr'>et</span> <span class='ocrx_word' id='word_1_464' title='bbox 1048 2207 1167 2238; x_wconf 87' lang='lat' dir='ltr'>ultimo</span> <span class='ocrx_word' id='word_1_465' title='bbox 1198 2207 1417 2248; x_wconf 87' lang='lat' dir='ltr'>conqueritur</span> <span class='ocrx_word' id='word_1_466' title='bbox 1443 2207 1543 2246; x_wconf 82' lang='lat' dir='ltr'>hunc,</span> <span class='ocrx_word' id='word_1_467' title='bbox 1564 2208 1617 2237; x_wconf 89' lang='lat' dir='ltr'>vel</span> <span class='ocrx_word' id='word_1_468' title='bbox 1643 2207 1692 2237; x_wconf 87' lang='lat' dir='ltr'>ita</span> 
     </span>
     <span class='ocr_line' id='line_1_93' title="bbox 985 2257 1691 2298; baseline 0.001 -10"><span class='ocrx_word' id='word_1_469' title='bbox 985 2257 1139 2296; x_wconf 87' lang='lat' dir='ltr'>brevem,</span> <span class='ocrx_word' id='word_1_470' title='bbox 1165 2257 1333 2298; x_wconf 83' lang='lat' dir='ltr'>aliquibus</span> <span class='ocrx_word' id='word_1_471' title='bbox 1360 2258 1467 2288; x_wconf 87' lang='lat' dir='ltr'>visum</span> <span class='ocrx_word' id='word_1_472' title='bbox 1485 2258 1525 2288; x_wconf 89' lang='lat' dir='ltr'>iri</span> <span class='ocrx_word' id='word_1_473' title='bbox 1542 2258 1691 2298; x_wconf 82' lang='lat' dir='ltr'>longum.</span> 
     </span>
     <span class='ocr_line' id='line_1_94' title="bbox 988 2308 1273 2347; baseline -0.004 -8"><span class='ocrx_word' id='word_1_474' title='bbox 988 2308 1102 2347; x_wconf 84' lang='lat' dir='ltr'>Ferre]</span> <span class='ocrx_word' id='word_1_475' title='bbox 1128 2308 1273 2346; x_wconf 79' lang='lat' dir='ltr'>Capere.</span> 
     </span>
    </p>

    <p class='ocr_par' dir='ltr' id='par_1_14' title="bbox 1029 2358 1691 2398">
     <span class='ocr_line' id='line_1_95' title="bbox 1029 2358 1691 2398; baseline 0.005 -10"><span class='ocrx_word' id='word_1_476' title='bbox 1029 2361 1048 2388; x_wconf 84' lang='lat'><strong>2</strong></span> <span class='ocrx_word' id='word_1_477' title='bbox 1073 2358 1276 2398; x_wconf 49' lang='lat' dir='ltr'>Ferreum]</span> <span class='ocrx_word' id='word_1_478' title='bbox 1300 2359 1497 2397; x_wconf 74' lang='lat' dir='ltr'>Paterctur‚</span> <span class='ocrx_word' id='word_1_479' title='bbox 1514 2360 1691 2391; x_wconf 83' lang='lat' dir='ltr'>toleraret.</span> 
     </span>
    </p>

    <p class='ocr_par' dir='ltr' id='par_1_15' title="bbox 987 2407 1690 2600">
     <span class='ocr_line' id='line_1_96' title="bbox 1030 2407 1690 2449; baseline 0.006 -11"><span class='ocrx_word' id='word_1_480' title='bbox 1030 2411 1048 2439; x_wconf 86' lang='lat'><strong>3</strong></span> <span class='ocrx_word' id='word_1_481' title='bbox 1072 2407 1240 2447; x_wconf 77' lang='lat' dir='ltr'>Succincti,</span> <span class='ocrx_word' id='word_1_482' title='bbox 1266 2410 1332 2449; x_wconf 60' lang='lat' dir='ltr'>fisa]</span> <span class='ocrx_word' id='word_1_483' title='bbox 1367 2411 1487 2441; x_wconf 81' lang='lat' dir='ltr'>Brevis</span> <span class='ocrx_word' id='word_1_484' title='bbox 1510 2412 1585 2442; x_wconf 83' lang='lat' dir='ltr'>libri</span> <span class='ocrx_word' id='word_1_485' title='bbox 1602 2421 1690 2442; x_wconf 90' lang='lat' dir='ltr'>com-</span> 
     </span>
     <span class='ocr_line' id='line_1_97' title="bbox 987 2457 1690 2501; baseline 0.004 -14"><span class='ocrx_word' id='word_1_486' title='bbox 987 2457 1100 2488; x_wconf 86' lang='lat' dir='ltr'>moda.</span> <span class='ocrx_word' id='word_1_487' title='bbox 1145 2459 1382 2498; x_wconf 80' lang='lat' dir='ltr'>Metapliorice</span> <span class='ocrx_word' id='word_1_488' title='bbox 1407 2471 1446 2491; x_wconf 90' lang='lat' dir='ltr'>eo</span> <span class='ocrx_word' id='word_1_489' title='bbox 1463 2462 1690 2501; x_wconf 77' lang='lat' dir='ltr'>significamus</span> 
     </span>
     <span class='ocr_line' id='line_1_98' title="bbox 988 2508 1690 2550; baseline 0.004 -12"><span class='ocrx_word' id='word_1_490' title='bbox 988 2508 1186 2548; x_wconf 72' lang='lat' dir='ltr'>expeditum</span> <span class='ocrx_word' id='word_1_491' title='bbox 1211 2510 1371 2550; x_wconf 86' lang='lat' dir='ltr'>aliquem,</span> <span class='ocrx_word' id='word_1_492' title='bbox 1398 2516 1435 2542; x_wconf 85' lang='lat' dir='ltr'>ut</span> <span class='ocrx_word' id='word_1_493' title='bbox 1462 2512 1502 2541; x_wconf 86' lang='lat' dir='ltr'>de</span> <span class='ocrx_word' id='word_1_494' title='bbox 1527 2511 1631 2541; x_wconf 89' lang='lat' dir='ltr'>milite</span> <span class='ocrx_word' id='word_1_495' title='bbox 1648 2511 1690 2541; x_wconf 84' lang='lat' dir='ltr'>ad</span> 
     </span>
     <span class='ocr_line' id='line_1_99' title="bbox 990 2560 1291 2600; baseline 0.01 -11"><span class='ocrx_word' id='word_1_496' title='bbox 990 2560 1143 2600; x_wconf 61' lang='lat' dir='ltr'>praelium</span> <span class='ocrx_word' id='word_1_497' title='bbox 1163 2566 1291 2599; x_wconf 78' lang='lat' dir='ltr'>parato.</span> 
     </span>
    </p>

    <p class='ocr_par' dir='ltr' id='par_1_16' title="bbox 992 2610 1693 2701">
     <span class='ocr_line' id='line_1_100' title="bbox 1031 2610 1693 2650; baseline 0 -10"><span class='ocrx_word' id='word_1_498' title='bbox 1031 2613 1050 2640; x_wconf 84' lang='grc'>4</span> <span class='ocrx_word' id='word_1_499' title='bbox 1074 2611 1222 2649; x_wconf 71' lang='lat' dir='ltr'>Breciur,</span> <span class='ocrx_word' id='word_1_500' title='bbox 1252 2610 1318 2650; x_wconf 54' lang='lat' dir='ltr'>Cyru]</span> <span class='ocrx_word' id='word_1_501' title='bbox 1362 2611 1475 2642; x_wconf 86' lang='lat' dir='ltr'>Minus</span> <span class='ocrx_word' id='word_1_502' title='bbox 1504 2612 1631 2642; x_wconf 82' lang='lat' dir='ltr'>insumo</span> <span class='ocrx_word' id='word_1_503' title='bbox 1659 2616 1693 2641; x_wconf 88' lang='lat' dir='ltr'>et</span> 
     </span>
     <span class='ocr_line' id='line_1_101' title="bbox 992 2661 1452 2701; baseline 0.004 -10"><span class='ocrx_word' id='word_1_504' title='bbox 992 2661 1097 2701; x_wconf 81' lang='lat' dir='ltr'>perdo</span> <span class='ocrx_word' id='word_1_505' title='bbox 1114 2662 1238 2691; x_wconf 52' lang='lat' dir='ltr'>charta?</span> <span class='ocrx_word' id='word_1_506' title='bbox 1255 2672 1263 2698; x_wconf 85' lang='lat'>;</span> <span class='ocrx_word' id='word_1_507' title='bbox 1288 2662 1452 2693; x_wconf 44' lang='lat' dir='ltr'>modesta</span> 
     </span>
    </p>
   </div>
   <div class='ocr_carea' id='block_1_5' title="bbox 1036 2711 1690 2751">
    <p class='ocr_par' dir='ltr' id='par_1_17' title="bbox 1036 2711 1690 2751">
     <span class='ocr_line' id='line_1_102' title="bbox 1036 2711 1690 2751; baseline -0.003 -8"><span class='ocrx_word' id='word_1_508' title='bbox 1036 2716 1053 2742; x_wconf 70' lang='grc' dir='ltr'>Γ)</span> <span class='ocrx_word' id='word_1_509' title='bbox 1083 2712 1218 2751; x_wconf 72' lang='lat' dir='ltr'>Deinde,</span> <span class='ocrx_word' id='word_1_510' title='bbox 1256 2711 1323 2750; x_wconf 49' lang='lat' dir='ltr'>fisa]</span> <span class='ocrx_word' id='word_1_511' title='bbox 1385 2713 1554 2742; x_wconf 47' lang='lat' dir='ltr'>hilirurius</span> <span class='ocrx_word' id='word_1_512' title='bbox 1593 2712 1690 2743; x_wconf 56' lang='lat' dir='ltr'>citius</span> 
     </span>
    </p>
   </div>
  </div>
 </body>
</html>
