1866 3131
270 171 381 212 1358

270 287 331 308 mae
357 277 511 307 amittere
528 276 735 307 inhonorem
762 276 875 308 amici:
901 277 957 307 ho-

270 332 365 358 neste
383 336 510 367 parum,
526 331 560 356 at
587 326 670 357 satis
686 325 908 361 familiariter,
924 332 959 357 et

270 387 330 417 pro
369 377 528 407 comitate
565 377 678 407 suilla:
714 377 768 407 ubi
805 378 959 408 arctioris

269 427 426 458 amicitiae
454 433 685 467 argumentum
715 429 871 467 habetur,
890 439 958 459 inu-

269 479 334 508 tuis
361 488 394 508 se
426 476 542 508 officiis
567 479 719 509 comitari
736 489 775 509 ac
789 479 958 510 deducere

269 528 310 558 ad
323 528 422 559 sellas
444 529 684 568 Patroclianas‚
700 535 734 560 et
750 529 959 561 dulcissimos

270 577 425 609 conferre.
455 590 624 611 sermones
649 581 681 611 in
712 580 880 611 Cloacinae
908 591 956 611 sa-

269 629 368 660 cello.

313 681 421 716 Epm.
432 691 490 713 xv.
515 685 529 712 1
557 683 694 721 Dotatoe,
720 681 789 721 esc]
812 683 852 713 In
880 683 959 713 ludo

271 731 459 771 sagittario,
481 733 573 773 quasi
605 743 666 773 per
692 742 859 764 errorem:
894 734 960 772 vel,

268 782 398 813 sauciat
424 783 536 813 uxoris
559 793 617 814 cor
645 789 743 815 acuta
760 785 879 814 amoris
901 794 958 814 seu

272 831 397 862 doloris
423 831 559 872 sagitta,
589 833 667 863 dum
709 834 779 874 ipse
807 833 894 864 ludit
926 834 959 863 in

270 881 354 911 aliis.

310 933 329 961 2
354 931 416 962 Sed
431 933 513 971 (lum,
526 932 594 972 ἐγὼ]
616 934 683 964 Sed
701 934 778 964 dum
795 944 829 964 se
845 934 960 965 ludere

272 981 403 1011 nescire
437 982 584 1012 simulat.
630 983 714 1015 Quis
747 988 850 1024 neget
884 994 958 1014 eum

270 1032 354 1062 scire
372 1032 500 1071 ludere,
517 1033 573 1072 qui
596 1034 642 1065 sic
659 1034 772 1066 ludit?

311 1081 412 1112 Epio.
426 1090 501 1113 XVI.
523 1082 564 1113 In
578 1093 698 1114 vanum
717 1084 959 1125 promissorem.

311 1133 328 1160 3
355 1131 512 1171 Callaicis,
533 1133 602 1172 ξω]
627 1133 798 1174 Quicquid
825 1135 897 1165 auri
914 1134 962 1165 fo-

269 1180 360 1211 ditur
385 1181 418 1211 in
445 1182 621 1222 Hispania.
667 1184 833 1216 Gallaecia
849 1190 961 1216 autem

267 1235 301 1261 et
332 1231 471 1263 Asturia
492 1233 670 1273 Hispaniae
699 1235 854 1275 regiones
872 1240 963 1276 sunt,

266 1280 462 1312 aurifodinis
487 1284 653 1324 quondam
671 1285 834 1316 celebres.

311 1333 327 1360 3
353 1331 473 1362 Divitis
501 1334 582 1362 unda
601 1333 695 1373 Tagi]
722 1334 807 1364 Auri
833 1344 962 1366 ramen-

267 1381 310 1411 tis
327 1380 433 1413 fluens
450 1383 573 1423 Tagus,
588 1382 621 1414 fl.
637 1384 822 1423 Hispaniae.

312 1437 329 1463 5
356 1433 539 1473 Erythra-a,
561 1434 633 1474 fisa]
665 1435 764 1475 Epig.
792 1439 844 1468 38.
877 1437 899 1468 l.
929 1441 960 1468 5.

272 1493 361 1513 vers.
379 1486 410 1514 4.

310 1536 330 1563 6
358 1533 455 1564 Unica
470 1538 570 1565 servat
586 1536 665 1576 avis]
690 1536 846 1568 Phoenix.
874 1538 962 1569 Vide

268 1582 385 1622 Epigr.
401 1586 431 1614 7.
448 1584 504 1616 lib.
525 1588 556 1616 5.
575 1595 660 1618 vers.
679 1589 708 1617 1.
724 1591 758 1617 et
775 1587 893 1628 Epigr.
909 1592 961 1619 55.

268 1631 326 1662 lib.
344 1635 374 1664 6.
389 1643 475 1664 vers.
492 1637 523 1665 2.

310 1684 328 1711 7
353 1684 510 1721 Agenoreo
521 1684 631 1725 Tyros]
654 1686 766 1726 Tyrio,
779 1697 963 1728 purpureo.

267 1731 373 1771 Tyros
389 1733 476 1762 enim
503 1738 537 1764 et
563 1734 665 1765 Sidon
688 1737 836 1775 Agenori
860 1746 965 1776 regna

267 1786 375 1811 erant.
422 1783 565 1821 Improba
581 1785 661 1823 cogit
678 1785 767 1824 αέηο]
785 1786 962 1817 Inventrix

267 1840 438 1870 purpurae,
455 1842 519 1872 qna
532 1832 700 1864 iterantur
712 1835 809 1866 lanae.
842 1836 964 1866 Vestes

269 1889 452 1918 purpureas
469 1882 622 1921 appellat
634 1885 752 1915 Senec.
768 1884 876 1924 Epist.
893 1889 962 1917 115.

267 1929 439 1960 ‘lacernas
467 1931 588 1962 coloris
617 1933 785 1972 improbi?
830 1934 962 1974 Impro-

269 1978 344 2008 bum
358 1979 504 2010 laborem
521 1982 706 2020 appellavit
721 1983 896 2023 Virgilius,
912 1993 963 2014 as-

267 2029 396 2060 siduum
424 2035 459 2060 et
494 2031 676 2062 iteratum:
712 2033 761 2062 ita
790 2038 824 2063 et
853 2039 964 2064 vestes

267 2079 431 2119 ‘improbi
450 2081 570 2111 coloris
581 2082 589 2093 ’
606 2082 768 2121 dibaphas
780 2083 962 2114 etiteratas

270 2130 375 2160 alieno
403 2140 597 2171 purpureo:
621 2137 655 2162 et
681 2133 744 2163 huc
771 2132 856 2164 facit
874 2133 962 2165 Plin.

269 2179 327 2210 lib.
347 2182 378 2209 9.
394 2188 468 2220 cap.
483 2183 535 2211 41.
559 2181 568 2197 ⁴
587 2182 659 2212 Non
681 2187 734 2213 est
755 2183 835 2213 satis
852 2182 962 2214 abstu-

269 2230 347 2259 lisse
380 2239 521 2270 gemmae
558 2240 678 2262 nomen
717 2233 962 2273 amethystum3

269 2289 379 2310 rursus
396 2279 568 2311 absolutus
591 2281 778 2313 inebriatur
797 2283 910 2323 Tyrio,
927 2287 963 2313 ut

271 2330 314 2360 sit
331 2340 372 2361 ex
389 2336 531 2371 utroque
554 2342 675 2363 nomen
693 2333 893 2373 improbum,
919 2335 962 2364 si-

270 2382 405 2421 mulque
436 2382 568 2413 luxuria
604 2383 754 2424 duplex.'
800 2384 873 2416 Lib.
911 2387 962 2416 14.

271 2432 388 2472 Epigr.
405 2435 477 2463 154.

314 2486 332 2513 S
360 2484 514 2518 Quomodo
525 2484 593 2524 das]
616 2485 795 2517 Promissis
811 2496 858 2518 sc.

314 2533 417 2564 Eme.
435 2543 526 2564 xvn.
583 2535 715 2576 Macer,
730 2542 913 2577 occupatus
931 2538 963 2568 in

271 2582 324 2612 via
341 2582 453 2622 Appia
465 2585 660 2624 sternenda,
673 2587 807 2625 legebat
820 2587 962 2619 Geome-

271 2638 351 2672 tras,
374 2639 410 2663 et
439 2634 578 2665 subinde
604 2636 773 2668 Martialis
792 2638 963 2678 Epigram-

271 2687 372 2721 mata,
388 2693 461 2723 quae
472 2683 512 2714 ad
525 2685 714 2716 Saturnalia
731 2687 962 2727 exspectabat,

271 2730 460 2763 intermissa
473 2743 552 2764 vero
571 2734 719 2773 petebat.
765 2737 963 2777 Respondet

674 2784 681 2796 b

734 181 871 211 No'rAE
905 182 1166 213 VARIORUM
1202 184 1251 213 IN

1010 278 1140 309 Poeta:
1165 278 1199 310 Si
1220 279 1344 318 legeris
1363 289 1449 319 mea,
1471 282 1620 323 negliges
1637 290 1704 324 tua,

1010 329 1094 358 viam
1111 338 1156 359 sc.
1176 328 1330 368 Appiam.
1356 330 1506 361 Raderus.

1054 382 1069 409 1
1095 379 1312 418 Saturnalicio,
1335 379 1404 419 δῖα]
1442 382 1599 413 Carmina
1620 393 1705 424 mea,

1011 439 1085 469 qua?
1103 439 1163 468 per
1179 429 1287 459 Macri
1312 431 1343 460 in
1361 431 1411 460 via
1429 430 1541 470 Appia
1558 438 1706 465 sternen-

1011 479 1064 517 da,
1080 480 1132 509 cui
1157 478 1407 518 praeficiebatur
1423 481 1463 512 ab
1483 482 1704 523 imperatore,

1010 530 1247 569 occupationes
1268 531 1456 561 intermissa
1473 538 1550 562 sunt
1567 543 1586 563 a
1602 543 1653 563 me
1672 534 1705 564 in

1009 579 1254 619 Saturnalibus,
1277 582 1381 621 exigit
1405 582 1522 612 Macer
1547 588 1705 625 tanquam

1011 629 1171 660 tributum
1189 636 1311 662 statum
1329 637 1364 663 et
1378 642 1533 664 annuum.

1052 684 1070 710 5
1095 681 1284 719 Mensorum,
1302 682 1371 722 lya]
1396 683 1649 716 Geometrarum
1667 685 1705 715 li-

1009 729 1080 760 bris
1104 730 1343 770 Geomefflcis,
1380 738 1417 763 ut
1448 733 1610 764 rationem
1640 735 1703 765 viae

1010 781 1202 811 sternendae
1219 786 1253 812 et
1267 781 1458 813 muniendae
1474 784 1650 824 percipiat.

1051 832 1071 859 6
1097 830 1180 865 Quid
1194 831 1307 870 facies,
1330 831 1398 871 Sym]
1436 833 1625 873 Negligeris
1643 835 1705 864 sci-

1010 879 1091 909 licet
1108 880 1189 910 meis
1207 880 1302 920 nugis
1318 881 1523 920 posthabita.

1054 929 1159 960 EP1G.
1177 938 1283 960 xvm.
1330 931 1402 961 Coli
1427 932 1541 962 volunt
1563 942 1581 962 a
1603 933 1705 964 clien-

1012 977 1101 1008 tibus
1130 980 1277 1019 patroni,
1295 985 1329 1011 et
1349 981 1467 1012 nolunt
1483 982 1594 1012 colere
1612 982 1706 1013 donis

1011 1030 1161 1061 clientes.
1204 1031 1318 1061 Talem
1346 1037 1525 1072 patronum
1554 1042 1628 1064 esse
1659 1035 1706 1065 ait

1011 1079 1169 1110 Marium.

1053 1132 1072 1160 2
1096 1129 1322 1171 spondens-c]
1336 1131 1403 1163 Pro
1417 1133 1604 1164 clientibus.
1629 1135 1704 1165 Cre-

1011 1179 1096 1219 dere]
1123 1182 1279 1212 Mutuum
1297 1182 1388 1213 dare.

1054 1234 1071 1261 3
1099 1231 1213 1270 Turba]
1231 1232 1410 1263 Clientum.

1012 1281 1053 1313 de
1066 1281 1147 1312 nihil
1162 1281 1305 1314 fructus.

1054 1336 1073 1363 -1
1097 1332 1207 1362 Fataoe
1221 1332 1317 1372 tog-ce]
1334 1332 1550 1372 Insipientes,
1564 1335 1621 1375 qui
1632 1345 1704 1374 gra-

1013 1382 1056 1412 tis
1072 1383 1232 1422 serviant,
1243 1384 1361 1423 Togati
1378 1383 1534 1414 clientes!
1550 1385 1706 1425 Metony-

1456 1233 1613 1274 Sterilem]
1637 1235 1705 1265 Un-

992 1432 1110 1462 »mice.

1055 1484 1160 1514 Epm.
1191 1492 1270 1515 xlx.
1329 1485 1523 1525 Alloquitur
1551 1485 1706 1524 Musam3

1013 1534 1162 1573 mandat,
1186 1540 1223 1565 ut
1246 1534 1379 1565 domum
1405 1536 1506 1565 Plinii
1531 1536 1563 1565 in
1584 1536 1709 1576 Exqui-

1012 1585 1066 1615 liis
1105 1590 1248 1625 quaerat,
1292 1586 1461 1626 adeatque
1498 1593 1706 1617 reverenter.

1012 1635 1096 1665 Tum
1113 1641 1147 1665 et
1161 1635 1305 1665 Plinium
1323 1636 1435 1666 laudat
1449 1637 1490 1667 ab
1507 1637 1709 1677 eloquentia,

1013 1695 1110 1725 qnam
1127 1694 1201 1715 cum
1217 1685 1381 1716 Cicerone
1396 1687 1582 1718 contendit.

1056 1737 1071 1764 1
1098 1735 1164 1765 Nec
1188 1735 1303 1766 dictum
1325 1736 1412 1774 satis,
1438 1735 1507 1775 Sym]
1531 1736 1639 1775 Super
1655 1746 1707 1767 ru-

1013 1794 1104 1815 more
1121 1784 1273 1815 defuncti
1295 1785 1474 1824 Martialis,
1498 1786 1530 1816 in
1556 1786 1709 1826 Epistola

1014 1835 1072 1866 ult.
1090 1835 1146 1866 lib.
1171 1838 1201 1866 3.
1225 1836 1265 1865 ad
1283 1836 1448 1873 Priscum,
1467 1842 1618 1876 gratatur
1640 1837 1709 1868 Pli-

1012 1885 1098 1924 nius,
1112 1886 1228 1916 laudat
1245 1890 1280 1916 et
1305 1886 1389 1917 bene
1411 1892 1569 1926 precatur
1589 1887 1707 1918 Poe'tae

1013 1935 1054 1966 de
1077 1935 1138 1966 lioc
1165 1936 1281 1975 Epigr.
1309 1937 1402 1976 cujiis
1418 1942 1546 1977 partem
1564 1936 1607 1967 ibi
1624 1936 1709 1968 refe-

1013 1995 1101 2025 rens,
1130 1987 1138 2003 ‘
1154 1986 1345 2026 Alloquitur
1360 1986 1515 2025 Musam‚’
1540 1987 1647 2027 inquit
1664 1988 1706 2018 de

1017 2037 1177 2075 Martiali,
1203 2038 1370 2075 ‘mandat‚
1395 2043 1431 2068 ut
1448 2039 1581 2069 domum
1599 2049 1705 2070 meam

1014 2087 1175 2126 Exquiliis
1200 2095 1341 2128 quaerat,
1369 2088 1535 2129 adeatque
1551 2098 1706 2121 reveren-

1013 2137 1088 2176 ter,’
1104 2138 1165 2168 Sec.

1054 2189 1072 2217 2
1097 2186 1160 2217 Sed
1175 2197 1245 2225 non,
1261 2186 1328 2227 Qu]
1352 2188 1428 2219 Non
1447 2194 1559 2220 tamen
1575 2191 1706 2222 omnino

1013 2237 1249 2276 inelegantem.

1054 2290 1072 2317 3
1100 2287 1222 2327 Thalia]
1248 2288 1346 2318 Musa
1359 2290 1514 2320 carminis
1527 2291 1707 2332 meijocosi

1015 2347 1150 2377 praeses.
1188 2339 1393 2379 Epigranim.
1423 2343 1454 2372 8.
1481 2341 1535 2372 lib.
1562 2345 1593 2373 4.
1618 2352 1705 2374 vers.

1014 2389 1064 2417 12.
1081 2391 1115 2417 et
1134 2387 1248 2428 Epigr.
1269 2392 1316 2419 16.
1333 2389 1389 2420 lib.
1407 2393 1437 2420 7.
1455 2400 1538 2422 vers.
1554 2396 1585 2422 4.

1054 2441 1073 2468 4
1100 2437 1212 2468 Brevis
1226 2442 1271 2469 est
1284 2439 1378 2478 labor,
1393 2439 1460 2480 ἔξω]
1486 2442 1562 2472 Non
1578 2447 1642 2480 est,
1657 2442 1705 2473 in·

1014 2487 1098 2527 quit,
1114 2488 1213 2528 longa
1227 2488 1267 2518 ad
1283 2489 1416 2520 domum
1435 2491 1531 2521 Plinii
1552 2491 1617 2531 via,
1632 2503 1706 2533 quae

1014 2537 1126 2567 statim
1143 2544 1193 2567 est
1209 2544 1283 2576 post
1299 2546 1490 2580 superatam
1508 2541 1684 2573 Suburam.

1056 2591 1073 2616 5
1097 2587 1203 2618 Altum
1216 2588 1420 2629 vitice1·e‚85c.]
1439 2590 1630 2622 Ascendere
1645 2601 1706 2631 per

1014 2636 1178 2667 declivem
1209 2639 1327 2670 collem
1354 2650 1372 2670 e
1399 2640 1544 2672 Saburra
1567 2642 1624 2681 (de
1641 2652 1704 2682 quo

1015 2687 1087 2717 vico
1113 2687 1229 2728 Epigr.
1255 2692 1305 2720 35.
1329 2689 1387 2722 lib.
1410 2693 1437 2721 1.
1468 2701 1552 2723 verS.
1573 2690 1622 2732 6.)
1645 2692 1704 2722 Es-

1015 2737 1143 2778 quilias.
