1866 3131
377 560 1061 619 EPIGRAMMATA
1099 562 1505 622 QUAEDAM

220 774 352 849 M.
434 775 748 851 VAL
834 769 1665 853 MARTIALI

734 1003 1158 1058 AFFICTA.

244 1189 493 1221 EXCERPTA
518 1189 704 1221 PARTIM
729 1190 793 1221 Ex
818 1191 919 1222 MSS.
945 1191 1091 1222 CODD.
1116 1191 1174 1221 ET
1199 1191 1306 1221 VET.
1332 1190 1625 1230 GLOSSARIIS,

393 1264 576 1296 PARTIM
602 1264 649 1296 EI
673 1264 735 1296 AB
764 1265 910 1298 HADR.
933 1266 1083 1298 JUNIO
1110 1267 1167 1297 ET
1193 1266 1316 1298 ALIIS
1342 1266 1528 1297 ASSUTA,

922 1624 958 1663 I.

697 1723 759 1751 DE
794 1722 1182 1752 RUSTICATIONE.

209 1784 378 1838 RURE
398 1808 572 1837 morans
594 1795 699 1850 quid
721 1809 864 1849 agam,
884 1796 1129 1850 respondeo
1151 1810 1312 1851 pauca,
1336 1804 1508 1851 rogatus
1528 1812 1536 1838 :

208 1866 327 1905 Luce
350 1864 474 1904 Deos
498 1877 601 1915 oro3
632 1863 838 1913 famulos,
859 1867 964 1918 post
985 1877 1091 1905 arva
1113 1866 1273 1914 reviso,

204 1933 413 1974 Partibus
434 1935 564 1985 atque
586 1932 699 1972 meis
715 1932 865 1985 justos
887 1932 1036 1973 indico
1056 1933 1253 1975 labores.

204 2001 312 2042 lude
332 2001 443 2053 lego,
468 1999 771 2053 Phoebumque
791 2000 877 2049 cio,
902 1999 1165 2053 Musamque
1188 2001 1379 2041 lacesso.

204 2069 324 2109 Hinc
344 2068 444 2109 oleo
463 2080 716 2121 corpusque
737 2067 861 2117 frico,
877 2068 1083 2121 mollique
1104 2069 1314 2122 palaestra
1633 2071 1660 2110 5

204 2137 378 2189 Stringo
399 2136 554 2185 libens,
577 2136 720 2176 animo
743 2135 953 2188 gaudens,
987 2148 1039 2176 ac
1062 2136 1233 2177 foenore
1257 2136 1378 2177 liber.

202 2203 420 2252 Prandeo,
443 2208 565 2257 poto,
587 2216 717 2252 can0‚
739 2204 858 2252 ludo,
878 2204 997 2252 lavo,
1019 2216 1163 2252 coen0,
1185 2205 1386 2257 quiesco.

204 2272 322 2311 Dum
343 2284 505 2325 parvus
526 2271 711 2324 lychnus
734 2271 959 2311 modicum
980 2276 1217 2312 consumat
1239 2272 1364 2312 olivi.

202 2339 321 2380 Haec
343 2339 420 2379 dat
440 2339 662 2380 nocturnis
683 2351 771 2379 nox
791 2338 1025 2380 lucubrata
1045 2338 1287 2380 Camoenis.

902 2469 968 2511 ΙΙ.

789 2558 840 2588 IN
876 2558 1067 2588 VARUM.

200 2627 276 2669 An
297 2642 473 2669 coenam
494 2640 630 2681 nuper
651 2627 800 2668 Varus
819 2640 888 2667 me
909 2627 1018 2667 forte
1040 2626 1241 2667 vocavit:

259 2695 452 2737 Ornatus
475 2692 615 2745 dives,
638 2695 822 2748 parvula
844 2706 969 2735 coena
992 2693 1086 2735 fuit.
