1866 3131
263 172 373 214 1116

308 281 347 310 12
371 279 514 319 Bilbilis]
540 279 626 311 Vide
644 290 745 320 supra
759 281 867 321 epigr.
884 284 937 312 50.

306 330 407 360 Eme.
440 338 543 360 Lxm.
584 333 599 361 1
636 332 742 370 Casta,
771 333 839 372 8512]
883 332 961 362 Bal-

262 389 328 410 nea
344 380 478 419 publica
495 381 597 411 castis
614 381 764 419 vitandi,
786 382 887 413 docet
903 393 959 412 ex-

262 431 375 469 emplo
386 430 541 462 Laevina).
556 432 693 463 Laevina
704 433 783 463 licta
795 443 874 463 vox:
896 433 961 463 bal·

261 489 401 510 neorun]
416 481 503 511 enim
518 481 701 513 calidorum
716 483 853 514 nimium
866 494 959 513 usum

260 529 385 569 saepius
395 530 607 570 impudicitia
621 534 849 574 consequitur,
860 544 959 574 quum

261 590 375 612 eorum
391 581 551 613 fomentis
569 584 653 623 ignis
677 585 818 615 interior
833 585 962 615 excita·

260 637 328 663 tur.
359 632 448 663 Sane
463 639 595 665 veteres
607 635 699 675 θερμὰ
715 637 826 676 λουτρὰ
843 636 960 666 virtuti

263 692 302 713 ac
320 681 513 715 fortitudini
527 687 700 716 contraria
711 687 960 723 existimabant,

262 738 364 774 atque
393 735 441 764 liis
466 735 554 766 vires
580 737 746 776 enervari,
764 742 799 768 et
815 742 977 777 corpora'

262 785 361 816 reddi
376 785 487 823 ἀσθενῆ
503 787 552 817 καὶ
573 787 709 825 μαλακά.
754 789 839 819 Tum
856 789 959 819 etiam

261 835 340 875 quia
370 836 557 868 nuditatem
583 843 649 868 tam
667 839 716 868 sni
747 848 844 879 quam
861 838 960 870 alieni

262 888 415 926 corporis
440 888 590 918 castitati
616 899 654 920 ac
686 888 861 928 pudicitia²
893 899 959 919 non

261 943 378 974 parum
406 935 543 968 officere
561 938 621 967 sibi
639 938 885 977 persuadebant
903 949 960 978 pa-

262 989 330 1015 tres
361 988 485 1018 sancti.
523 988 664 1028 Sabinis]
699 989 832 1019 Sabinae
856 995 959 1020 castae

262 1036 455 1076 audiebant,
482 1048 619 1078 quarum
653 1041 755 1078 patrii
778 1049 889 1070 mores
914 1040 960 1069 in-

262 1087 411 1127 corrupti
429 1092 463 1118 et
491 1089 621 1119 sancti:
654 1091 662 1106 ‘
681 1090 842 1121 intactior
871 1090 961 1119 omni

262 1136 419 1168 Crinibus
436 1137 551 1169 effusis
568 1139 692 1170 bellum
710 1141 888 1171 dirimente
904 1141 960 1171 Sa-

262 1186 362 1218 bina.’
385 1188 465 1220 Juv.
491 1190 606 1220 Sat.6.
625 1196 659 1220 et
677 1191 807 1222 Lucan.
825 1194 854 1222 1.

304 1241 324 1268 2
354 1238 489 1279 Tetrico]
515 1241 619 1272 Quasi
644 1241 770 1271 alienus
802 1241 844 1271 ab
870 1241 962 1271 inho-

262 1289 368 1319 nestis
383 1290 625 1330 voluptatibus,
642 1290 774 1328 studiis,
792 1291 938 1331 acjocis.

305 1342 322 1369 3
341 1339 485 1377 Lucrino,
499 1342 632 1380 Averno,
644 1341 711 1381 fisa]
724 1342 861 1372 Balneis
878 1342 962 1381 pub-

270 1389 347 1420 licis
375 1390 408 1420 in
432 1390 507 1421 lacu
533 1391 679 1422 Lucrino
699 1391 905 1434 Avernoque
927 1398 962 1423 ct

264 1440 372 1481 Bajis.

304 1493 323 1521 4
348 1492 496 1533 Bujnnz's]
526 1493 660 1524 Praeter
693 1503 869 1524 commune
894 1493 963 1524 bal-

264 1550 403 1572 neorum
418 1543 563 1573 omnium
575 1543 704 1582 vitium,
719 1545 810 1583 Bajis
826 1544 963 1584 insuper

264 1592 360 1631 plura
385 1593 526 1624 luxuriae
558 1594 752 1632 incentiva3
777 1599 815 1625 ut
833 1596 963 1625 Seneca

263 1651 330 1671 non
356 1642 523 1674 dubitarit
558 1644 660 1683 Bajas
698 1643 964 1674 ‘diversorium’

263 1692 422 1724 vitiorum
439 1695 624 1734 appellare,
642 1695 744 1734 epist.
764 1697 814 1725 11.
862 1695 907 1725 Et
930 1694 962 1724 in

263 1743 471 1783 quibuslibet
488 1745 614 1776 balneis
627 1746 741 1776 oblata
755 1755 845 1786 saepe
862 1751 896 1776 et
913 1756 963 1776 ar-

263 1798 364 1832 repta
391 1793 608 1834 delinquendi
630 1795 775 1825 occasio.
821 1795 963 1825 Ovidius

265 1843 322 1873 lib.
332 1846 362 1873 3.
375 1844 578 1882 κακοτεχνίας
592 1855 600 1874 z
626 1846 635 1861 ‘
647 1845 744 1883 Cum,
757 1845 898 1875 custode
916 1844 964 1875 fo-

264 1895 309 1924 ris
335 1895 480 1925 tunicam
496 1899 655 1926 servante
680 1896 814 1935 puellae,
845 1896 964 1926 Celent

265 1943 408 1974 furtivos
429 1945 549 1976 balnea
566 1947 671 1976 multa
694 1946 815 1985 jocos!

309 1999 326 2025 5
344 1996 471 2035 Incidit,
486 1996 554 2035 lya]
591 1997 736 2036 Elegans
753 1995 961 2028 Antithesis:

266 2044 344 2075 dum
365 2055 399 2076 se
424 2046 515 2076 lavat
539 2046 645 2086 aquis,
670 2045 792 2077 incidit
816 2047 849 2077 in
872 2046 964 2078 flam-

265 2105 348 2134 maS,
363 2097 485 2127 amoris
502 2097 639 2127 scilicet
655 2097 836 2129 inhonesti.

309 2150 329 2177 6
355 2148 503 2186 Penelope
518 2148 615 2187 venit]
641 2148 758 2180 Casta.
781 2148 873 2188 Abit]
898 2151 964 2180 Ex-

268 2198 422 2229 tenditur
439 2199 557 2228 ultima
574 2199 704 2238 syllaba
730 2207 874 2240 propter
889 2210 965 2231 con-

268 2250 559 2290 tractionem,pro
575 2250 664 2281 abitt.
706 2250 837 2290 Helene]
863 2251 965 2281 Adul-

267 2306 354 2332 tcra.

309 2352 410 2382 EPIG.
427 2360 527 2382 xmv.
554 2353 570 2381 1
595 2351 636 2381 Ut
666 2351 802 2391 recitem,
820 2352 886 2392 aaa]
913 2351 965 2382 An

266 2403 344 2443 quia
358 2401 474 2432 audire
491 2401 598 2432 aliena
616 2411 684 2441 pree
707 2412 742 2432 se
767 2401 878 2432 ferens
904 2404 966 2433 Ce-

269 2455 332 2492 ler,
350 2463 410 2484 sua
436 2452 601 2483 recitandi
619 2452 831 2482 occasionem
849 2459 966 2493 capta-

265 2510 332 2542 ret,
361 2504 515 2544 adeoque
554 2503 748 2532 Martialem
781 2505 965 2533 evocaret?

268 2555 322 2585 An
341 2554 522 2585 verebatur
536 2553 648 2584 Poeta
661 2563 702 2584 ne
720 2554 968 2593 epigrammata

266 2615 327 2634 sna
355 2604 501 2635 nondum
525 2603 630 2642 edita,
655 2604 682 2634 si
709 2604 797 2644 apud
815 2605 966 2636 Celerem

269 2655 460 2693 recitasset,
475 2654 647 2685 memoriae
664 2654 823 2685 mandata
836 2655 890 2686 illa
911 2666 968 2695 pro

273 2705 339 2735 suis
358 2705 571 2736 venditaret?

718 187 858 217 NoTAE
894 187 1158 218 vARtoRt‘M
1198 189 1243 217 {N

1053 285 1072 312 2
1097 282 1232 322 Audire]
1256 282 1313 312 Sc.
1331 288 1458 314 nostra.

1014 336 1083 362 tua.

1055 383 1158 412 Epic,
1176 391 1258 412 LXV.
1278 386 1293 413 1
1324 383 1411 413 Bata
1438 393 1484 419 cs,
1512 383 1581 423 Ere]
1604 387 1713 413 Φιλαν-

1011 433 1078 462 τίαν
1102 433 1252 462 Fabulla}
1285 438 1392 471 taxat,
1417 433 1587 473 docetque
1607 434 1715 474 vii-gi-

1015 493 1074 513 nes
1102 483 1330 513 commendari
1359 483 1526 513 modestia
1557 490 1591 514 et
1620 494 1714 514 vere-

1012 534 1146 565 cundia.
1193 535 1279 564 Sane
1315 543 1381 564 non
1408 539 1475 564 tam
1502 534 1713 564 ambitiosam

1012 586 1172 625 puellam,
1196 595 1293 625 quam
1323 595 1456 623 vanam,
1480 585 1640 623 φίλαυτον,
1665 590 1716 616 at-

1013 646 1077 676 que
1104 636 1181 666 ideo
1198 636 1321 666 stolide
1339 637 1596 666 ostentatricem
1616 640 1715 667 notat

1011 687 1205 716 Martialis:
1232 692 1334 726 atque
1359 687 1391 716 in
1415 688 1487 727 ejus
1505 697 1650 726 persona
1666 696 1716 718 os-

1011 737 1210 766 tentationis
1236 748 1274 767 ac
1288 737 1447 767 vanitatis
1462 738 1642 768 stultitiam
1662 748 1714 769 os-

1012 785 1135 816 tendit.

1054 839 1073 866 4
1100 836 1272 872 Medii-es,
1288 836 1358 875 lya]
1376 837 1442 866 Res
1457 837 1543 866 enim
1559 838 1612 867 vel
1627 847 1714 867 sum-

1012 893 1065 914 ma
1091 885 1190 915 laude
1208 887 1325 920 dignas
1349 888 1547 917 sordescere
1565 887 1649 918 facit
1664 897 1716 918 ar-

1012 945 1133 974 rogans
1170 936 1327 974 φιλαυτία.
1394 937 1541 977 Egregie
1582 937 1715 967 Plinius

1013 988 1113 1025 epist.
1131 989 1160 1017 3.
1179 987 1197 1017 l.
1215 991 1244 1017 l.
1270 988 1278 1003 ⁴
1293 987 1392 1019 Quod
1411 987 1646 1027 magnificum,
1663 997 1716 1018 re-

1014 1035 1145 1067 ferente
1176 1038 1253 1075 alio,
1275 1037 1410 1074 fuisset,
1425 1038 1511 1078 ipso,
1529 1038 1585 1078 qui
1604 1047 1716 1078 gesse-

1014 1092 1079 1125 rat,
1092 1093 1306 1125 recensente,
1326 1089 1490 1126 vanescit,
1506 1087 1584 1119 &cst

1054 1137 1272 1168 EP1G.va1.
1300 1138 1351 1168 Ad
1371 1138 1584 1175 “cet-ilianum,
1611 1140 1713 1177 dege-

1012 1197 1082 1217 nere
1106 1190 1136 1218 et
1155 1188 1360 1218 declinatione
1379 1188 1477 1229 ficus]
1522 1188 1715 1219 Emendan-

1013 1239 1091 1268 dum
1131 1238 1272 1269 lemnia:
1316 1248 1423 1280 neque
1462 1239 1549 1269 enim
1575 1249 1717 1270 necesse

1013 1287 1090 1328 fuit,
1120 1294 1158 1319 ut
1185 1289 1227 1319 de
1252 1298 1376 1329 genere
1391 1289 1448 1319 τοῦ
1469 1288 1594 1320 ‘ficus'
1619 1289 1717 1320 doce-

1015 1343 1067 1369 ret
1088 1339 1282 1380 quicquam,
1315 1349 1390 1369 cum
1415 1340 1457 1370 de
1488 1340 1716 1371 declinatione

1015 1395 1145 1420 tantum
1176 1389 1347 1420 incideret
1377 1391 1536 1430 quaestio,
1568 1396 1717 1431 negante

1015 1439 1199 1470 Caeciliano
1216 1440 1283 1470 dici
1300 1442 1308 1456 ‘
1323 1440 1418 1470 ficus‘
1431 1441 1472 1471 de
1485 1440 1612 1477 fructu,
1624 1448 1657 1472 et
1672 1442 1719 1473 di-

1015 1490 1045 1520 ci
1062 1489 1163 1520 ‘ficos
1176 1492 1184 1503 '
1203 1490 1358 1530 jubente.
1382 1491 1582 1531 Respondet
1594 1491 1718 1531 Poeta,

1009 1541 1104 1581 ficum
1121 1541 1223 1571 etiam
1238 1547 1367 1581 quartae
1394 1541 1633 1572 declinationis
1649 1542 1718 1573 dici

1015 1601 1075 1631 pro
1093 1590 1222 1630 fructu,
1237 1593 1337 1622 ficum
1355 1602 1434 1623 vero
1451 1602 1513 1632 pro
1530 1592 1649 1624 morbo
1667 1603 1718 1624 or-

1015 1642 1101 1673 dinis
1118 1652 1193 1673 esse
1211 1648 1342 1674 tantum
1360 1644 1512 1675 secundi.
1559 1644 1642 1675 Cum
1657 1644 1719 1676 ita-

1015 1704 1079 1734 que
1113 1695 1194 1725 nihil
1226 1695 1280 1726 hic
1309 1695 1351 1726 de
1375 1704 1500 1735 genere
1530 1701 1718 1732 moveatur,

1016 1755 1125 1786 neque
1162 1745 1253 1785 apud
1294 1746 1408 1786 probae
1445 1751 1532 1777 notae
1563 1752 1717 1777 autorem

1016 1796 1207 1835 quempiam
1224 1796 1415 1836 reperiatur
1427 1796 1512 1827 ficus
1526 1806 1588 1837 pro
1602 1796 1718 1828 morbo

1016 1845 1048 1874 iu
1075 1845 1140 1874 alio
1173 1855 1271 1885 quam
1300 1844 1459 1876 foemineo
1478 1855 1614 1885 genere,
1631 1852 1668 1878 ut
1683 1852 1718 1878 et

1015 1895 1291 1933 σύκωσιςΟι-ῑεοᾶ,
1308 1902 1484 1935 exponunt
1501 1895 1631 1932 ‘'l'uos,’
1655 1898 1719 1927 sci-

1015 1947 1097 1977 licet
1135 1948 1143 1962 ‘
1157 1945 1267 1976 filios)
1315 1945 1466 1976 Raderus
1505 1946 1603 1985 dicit,
1638 1947 1720 1978 nihil

1015 1999 1067 2028 liic
1087 1997 1338 2028 Grammaticos
1357 1998 1492 2036 docere,
1509 2007 1584 2028 cum
1601 2008 1642 2028 ex
1655 1999 1719 2030 hoc

1016 2049 1087 2079 loco
1132 2055 1302 2078 conantur
1349 2049 1548 2087 ostendere,
1595 2059 1718 2080 nomen

1016 2102 1024 2117 ‘
1039 2099 1121 2131 ficus
1135 2100 1142 2112 ’
1168 2110 1227 2140 pro
1237 2100 1353 2131 morbo
1371 2110 1442 2131 esse
1459 2101 1589 2140 generis
1604 2101 1721 2141 virilis,

1018 2162 1118 2192 quum
1146 2152 1154 2167 ‘
1171 2156 1244 2181 tuos
1256 2151 1264 2164 ’
1286 2161 1351 2181 non
1370 2151 1536 2182 referatur
1552 2156 1589 2181 ut
1607 2151 1720 2192 adjec-

1017 2203 1121 2232 tivum
1140 2201 1181 2232 ad
1199 2203 1207 2218 ‘
1221 2201 1325 2241 ficos,'
1343 2202 1400 2232 sed
1420 2207 1457 2232 ut
1473 2202 1719 2234 substantivum

1016 2252 1291 2291 &novoe-romulos,
1308 2253 1456 2293 inquam,
1471 2252 1570 2291 filios,
1598 2263 1714 2284 servos

1017 2306 1024 2319 ‘
1036 2302 1126 2333 ficos’
1140 2303 1228 2341 dico,
1246 2302 1335 2344 quod
1350 2301 1443 2333 ficosi
1462 2303 1537 2334 sint.
1557 2304 1634 2336 Qua
1649 2308 1722 2334 tur-

1018 2354 1173 2394 pitudine
1189 2354 1324 2385 notavit
1339 2354 1436 2384 aliam
1464 2352 1637 2394 familiam,
1652 2355 1673 2386 l.
1687 2357 1718 2386 7.

1019 2405 1126 2444 epigr.
1144 2408 1196 2436 70.
1220 2404 1362 2435 ‘Ficosa
1375 2409 1427 2435 est
1440 2414 1537 2444 uxor,
1553 2405 1630 2436 &cst
1650 2405 1718 2436 Sed

1019 2454 1160 2485 ‘ticum'
1192 2454 1356 2494 appellari
1385 2454 1522 2485 ficosum
1552 2455 1719 2486 hominem

1020 2506 1142 2545 probat
1167 2506 1276 2545 epigr.
1293 2508 1346 2535 52.
1368 2505 1432 2535 Ι.4.

1062 2559 1079 2586 3
1106 2556 1253 2586 Dicemus
1275 2556 1370 2596 ficus,
1395 2555 1463 2595 Sym]
1491 2556 1533 2586 Et
1561 2556 1668 2596 primo
1685 2562 1721 2588 et

1021 2606 1126 2636 tertio
1164 2616 1263 2636 versu
1293 2606 1366 2646 lego
1400 2605 1528 2636 ‘fic0s.’
1574 2607 1721 2637 Miratur

1020 2657 1190 2687 Martialis
1236 2657 1384 2695 ineptam
1424 2657 1719 2696 reprehensionem

1020 2706 1286 2745 literatoris,qui
1314 2714 1348 2735 <e
1374 2705 1500 2745 ‘ficosf
1529 2711 1566 2737 ut
1597 2708 1719 2747 passim

1506 280 1650 314 limitare
1667 295 1711 316 sc.
