1866 3131
215 174 234 212 1
242 173 327 215 208

213 276 329 308 tilibns
344 285 386 306 ex
404 274 521 316 argilla
532 274 722 315 Saguntina
735 275 823 314 rudi,
836 275 912 306 His-

215 326 295 367 pani
328 325 422 366 figuli
453 330 552 356 torno
582 324 694 357 factis.
740 325 823 364 Alii,
853 335 914 366 pro

218 381 351 417 septem
373 374 464 406 vasis
489 374 628 416 paribus
643 375 817 406 fictilibus.
861 375 915 406 Sic

216 427 387 467 synthesis
403 426 547 457 calicum
558 432 595 457 et
610 426 824 466 cacaborum,
839 430 916 457 sunt

215 482 347 517 septem
384 476 510 508 calices
545 481 582 508 et
609 476 751 508 totidem
786 477 918 508 cacabi.

214 529 304 560 Vide
320 527 468 560 Turneb.
482 527 540 559 lib.
555 530 608 559 23.
622 537 699 568 cap.
716 530 767 558 19.

260 582 297 610 17
321 579 401 610 Lato
424 578 557 614 variata,
573 576 641 617 gc]
674 577 812 617 Mappae
836 575 916 606 item

214 631 247 662 in
264 631 505 663 Saturnalibus
528 630 617 661 mitti
642 630 773 660 solitae:
808 628 865 659 lib.
884 631 915 659 5.

217 682 338 723 Epigr.
355 685 407 713 18.
428 691 513 712 vers.
529 684 561 712 2.
585 686 687 721 atque
711 680 761 711 11ae
781 679 823 710 ad
847 679 917 709 lim-

214 732 293 763 bum
311 733 489 774 purpureis
506 731 559 763 vel
572 731 683 763 aureis
697 730 799 762 clavis
811 729 918 760 varia—

217 783 353 814 bantur.

258 836 299 866 18
322 833 505 865 Saturnalia
514 830 744 871 fructuosiora]
769 830 822 862 An
838 839 918 870 non,

217 894 258 915 ex
271 884 319 914 his
333 883 531 914 muneribus
547 883 662 922 tantis,
678 882 775 923 justa
783 881 918 913 Sabello

217 934 325 966 fastus
341 934 465 965 causa?
488 933 662 974 Scoptice.

262 986 367 1016 EPIG.
385 993 499 1015 XLvn.
524 987 540 1015 1
555 984 731 1014 Encaustus
742 981 920 1019 Pha'e‘thon,

216 1035 285 1075 Sym]
310 1035 427 1066 Pictus
440 1040 475 1066 et
492 1034 623 1065 inustus
638 1038 810 1065 encausto.
854 1033 919 1063 En-

217 1086 368 1117 caustice
392 1095 444 1116 ars
461 1090 512 1115 est
539 1084 714 1125 pingendi,
728 1083 919 1123 sculpendi-

216 1136 327 1177 quein
351 1145 431 1167 cera
452 1135 505 1166 vel
528 1135 642 1175 ebore,
672 1135 762 1175 stylo
789 1133 918 1174 ignito:

217 1187 259 1218 ab
277 1187 401 1226 ἐγκαῖω.
426 1187 516 1218 Plin.
532 1187 554 1217 l.
572 1189 626 1218 35.
643 1195 719 1226 cap.
734 1187 783 1216 11.
808 1185 920 1217 Quum

217 1239 332 1279 itaque
350 1239 441 1279 picto
460 1237 682 1269 Phaethontis
706 1236 846 1267 fulmine
862 1234 920 1266 fla-

219 1289 349 1328 gramis
371 1287 514 1329 effigiem
538 1287 746 1328 expresserit
768 1287 802 1317 in
832 1295 922 1324 cera,

218 1339 260 1369 ab
284 1339 392 1379 ignito
418 1339 502 1369 coelo
519 1348 581 1369 ceu
609 1338 698 1379 stylo
722 1336 921 1378 liquefacta,

219 1400 281 1430 per
300 1391 418 1430 jocum
450 1391 534 1422 dicit
559 1390 669 1421 Poeta
709 1389 922 1421 Phaethonta

218 1440 292 1472 fieri
309 1440 441 1482 δίπυρον,
459 1441 507 1472 bis
526 1442 668 1481 ignitum
685 1445 721 1472 et
735 1445 856 1471 ustum.

264 1493 368 1524 Epm.
387 1501 488 1524 xmx.
528 1493 670 1523 Flaccus
701 1491 923 1523 existimabat

221 1543 478 1583 Epigrammata
504 1552 615 1574 meras
643 1552 715 1573 esse
740 1552 859 1583 nugaS,
887 1547 923 1573 et

214 1594 340 1633 jocos;
380 1594 560 1633 tragoedias
588 1603 666 1623 vero
694 1598 728 1623 et
753 1593 923 1633 epopoeias

221 1642 386 1682 po'e'matis
415 1644 620 1683 gravitatem
647 1643 711 1674 sibi
739 1644 924 1675 vindicare.

222 1694 399 1734 Ostendit,
417 1694 451 1724 id
478 1695 567 1735 quod
595 1700 661 1733 est,
683 1694 860 1734 tragoediae
887 1700 923 1725 et

221 1745 386 1784 epopoeiae
408 1745 584 1775 materiam
609 1755 627 1776 e
644 1744 766 1776 fabulis
782 1745 872 1776 fictis
888 1750 923 1776 et

221 1795 357 1825 somniis
374 1794 551 1834 poetarum
579 1805 652 1826 esse
680 1795 893 1835 desumptam
914 1807 920 1826 :

221 1844 504 1883 Epigrammatwn
522 1854 600 1875 vero
617 1846 792 1875 materiam
810 1855 852 1875 ex
866 1846 923 1876 ho-

222 1895 348 1925 miuum
374 1895 521 1925 moribus
540 1905 548 1925 :
581 1895 639 1925 illa
658 1894 923 1926 delectationem

224 1950 260 1976 et
291 1955 410 1976 vanam
437 1945 696 1976 admirationem
722 1946 926 1985 continere3

223 1997 297 2026 baec
327 2002 439 2026 antem
468 1996 717 2026 correctionem
747 2001 782 2027 et
812 2006 925 2027 emen·

224 2046 397 2077 dationem
413 2046 580 2076 vitiorum.
606 2046 761 2076 Ramires.

269 2100 287 2127 3
313 2097 376 2132 Qui
391 2096 512 2137 scribit,
527 2096 596 2136 lisa]
631 2096 698 2129 Qui
721 2097 853 2137 tragica
867 2102 925 2128 ant

225 2149 323 2189 epica
348 2148 465 2179 scribit
493 2149 685 2189 argumenti
710 2147 868 2187 fabulosi,
883 2149 925 2179 de

225 2200 334 2229 Tereo
350 2203 385 2229 et
399 2199 546 2239 Thyeste
570 2199 696 2230 liberos
726 2210 802 2230 suos
824 2199 927 2230 eden-

226 2250 329 2290 tibus,
350 2249 393 2280 de
420 2249 551 2281 Daedali
577 2249 667 2291 fuga,
694 2256 797 2291 atque
825 2251 927 2291 Poly-

227 2301 339 2342 phemi
362 2301 582 2332 immanitate.
628 2301 717 2332 Vide
742 2301 843 2332 Ovid.
866 2301 927 2332 lib.

227 2355 258 2383 6.
274 2357 308 2383 et
324 2355 355 2382 8.
372 2352 600 2392 Metamorph.
628 2358 663 2383 et
680 2353 738 2383 lib.
756 2355 786 2383 3.
809 2352 927 2392 Epigr.

227 2406 281 2433 45.

270 2457 289 2485 4
316 2453 433 2493 Crude]
459 2453 519 2484 Gr.
537 2453 608 2492 ὠμέ.
625 2453 727 2484 ovid.
750 2455 759 2471 ‘
776 2453 851 2484 Non
870 2453 928 2484 tibi

227 2503 477 2542 Theromedon,
502 2504 670 2534 crudus-ve
693 2503 868 2544 rogabitur
885 2503 929 2534 A·

230 2555 346 2592 treus‚’
364 2555 394 2585 id
412 2559 476 2595 est,
491 2555 649 2586 crudelis.

272 2610 289 2636 5
326 2605 444 2645 Puero]
490 2605 601 2637 Icaro.
661 2607 828 2648 Liquidus,
861 2607 930 2648 gra]

231 2657 319 2687 Cera
335 2662 469 2696 aptatas
482 2660 517 2686 et
535 2666 553 2686 a
567 2657 638 2687 sole
655 2657 866 2698 liquefactas·

273 2710 291 2737 7
320 2707 429 2738 Vesica
455 2707 581 2748 libellis]
613 2707 861 2748 Argumentum
879 2718 931 2739 co·

233 2757 428 2788 tliurnatum
446 2762 480 2787 et
498 2757 601 2789 verba
617 2764 767 2799 ventosa,
784 2758 931 2799 turgida,

686 181 826 212 NOTAE
862 182 876 209 1
894 181 1120 210 ARloiiUM
1159 181 1206 209 ΙΝ

966 274 1165 314 ampullosa,
1184 282 1280 312 nugae
1299 271 1451 308 bullata).

1008 328 1027 355 8
1050 324 1207 365 Syrmate,
1222 323 1291 363 aya]
1314 323 1410 363 stylo
1427 322 1567 363 tragico.
1605 322 1668 354 Est

965 377 1051 407 enim
1069 377 1190 416 Syrma
1206 386 1246 405 ea
1264 375 1369 405 vestis
1394 383 1485 414 pars,
1512 384 1585 414 quae
1609 374 1667 405 ob-

966 429 1062 467 longa
1079 428 1183 457 solum
1203 426 1319 464 verrit,
1337 425 1469 465 qualem
1493 424 1525 454 in
1544 429 1666 463 tragoe-

966 479 1030 509 diis
1048 478 1156 509 induti
1173 486 1270 517 reges
1287 481 1322 507 et
1344 474 1464 505 heroes
1486 474 1669 506 trahebant

967 539 1027 570 per
1044 530 1190 560 theatra.

1009 582 1029 609 9
1051 581 1112 610 Illa
1129 577 1246 617 tamen]
1284 577 1379 608 Facit
1407 576 1500 617 qnasi
1532 576 1670 616 loquen-

969 634 1035 660 tem
1071 631 1231 661 Flaccum
1258 634 1293 658 et
1323 627 1555 667 objicientem,
1582 626 1671 657 cele-

968 681 1059 711 brari
1087 680 1231 710 maxime
1250 679 1398 719 tragicos
1423 683 1457 708 et
1484 678 1612 717 epiCOS,
1636 680 1672 706 et

969 741 1041 761 esse
1066 731 1099 761 in
1124 741 1252 761 summa
1279 731 1505 761 Romanorum
1531 728 1671 759 Graeco-

969 790 1110 821 rumque
1127 781 1390 811 existimatione.
1414 778 1574 818 Laudant]
1587 779 1675 809 Tan·

969 840 1067 871 quam
1079 831 1245 870 jucunda,
1263 831 1432 868 sublimia,
1448 834 1483 860 et
1499 828 1652 869 grandia.

1013 883 1052 911 10
1076 881 1144 910 Ista
1174 881 1296 921 legunt]
1334 880 1419 911 Haec
1450 880 1567 919 Epigr.
1598 888 1673 918 quae

970 931 1097 970 brevia,
1113 936 1226 970 acuta,
1248 931 1333 962 etin
1350 941 1447 961 usum
1464 931 1543 961 vitae
1561 930 1672 967 salsa;

971 983 1089 1023 Epigr.
1108 985 1140 1013 3.
1153 982 1211 1014 lib.
1228 986 1257 1014 S.
1270 991 1357 1012 vers.
1373 984 1426 1013 22.

1013 1034 1118 1065 Eme.
1136 1042 1182 1064 LI.
1207 1033 1422 1072 Caecilianus,
1437 1032 1539 1065 ditior
1551 1031 1677 1072 factus,

972 1084 1139 1115 sordidius
1154 1085 1239 1115 vixit
1254 1096 1260 1115 :
1287 1084 1474 1115 vehebatur
1490 1084 1579 1115 enim
1595 1083 1675 1113 hex-

972 1134 1110 1175 aphoro,
1126 1145 1226 1175 quum
1244 1135 1299 1165 vix
1322 1144 1381 1165 sex
1398 1135 1505 1165 millia
1522 1133 1672 1174 posside-

972 1192 1046 1225 ret,
1071 1192 1250 1227 provectus
1262 1187 1302 1217 ad
1321 1188 1439 1226 vicies,
1460 1187 1565 1227 pedes
1582 1186 1677 1217 ince-

972 1238 1087 1269 debat.
1134 1238 1255 1278 Optat,
1271 1244 1308 1269 ut
1324 1239 1380 1268 Dii
1399 1239 1428 1269 ei
1445 1238 1677 1278 hexaphorum

973 1289 1118 1320 reddant
1134 1288 1301 1329 εἰρωνικῶς,
1318 1289 1381 1319 hoc
1398 1293 1464 1327 est,
1482 1294 1518 1318 nt
1532 1288 1574 1319 ad
1592 1288 1678 1328 pris·

974 1340 1078 1370 tinam
1118 1340 1324 1371 tenuitatem
1359 1343 1567 1370 revertatur.
1613 1339 1678 1369 Ra-

973 1390 1076 1420 mires.

1018 1443 1033 1470 1
1063 1441 1140 1471 Cum
1156 1440 1226 1480 tibi,
1248 1439 1317 1479 ἔξω]
1354 1440 1441 1471 Vide
1468 1440 1589 1480 Epigr.
1609 1443 1679 1471 100.

974 1495 1009 1522 et
1027 1494 1099 1522 104.
1117 1491 1200 1521 libro
1215 1494 1244 1522 1.
1262 1501 1336 1532 quae
1355 1490 1504 1530 ejusdem
1523 1500 1598 1520 cum
1615 1490 1678 1520 hoc

973 1547 1051 1572 sunt
1069 1541 1272 1582 argumenti.
1317 1540 1440 1580 Miltia]
1464 1528 1680 1571 sestertium.

1016 1595 1036 1623 2
1062 1591 1267 1632 Hexuplioro]
1302 1592 1512 1632 Epigramm.
1541 1593 1594 1622 81.
1619 1592 1677 1622 lib.

974 1645 1005 1672 2.
1030 1642 1273 1682 Hexaplioron,
1287 1642 1488 1682 vehiculum,
1501 1642 1590 1683 quod
1603 1652 1681 1683 por·

973 1693 1110 1725 tabatur
1127 1704 1144 1725 a
1158 1704 1216 1725 sex
1235 1694 1352 1725 servis.
1397 1694 1524 1726 Juven.
1551 1696 1560 1712 ‘
1573 1696 1679 1726 Sexta

973 1747 1109 1777 cervice
1127 1745 1281 1778 feratur.'

1015 1798 1033 1826 3
1058 1797 1118 1826 Bis
1143 1797 1254 1835 decies,
1282 1796 1353 1836 ἐγὼ]
1386 1796 1503 1828 Vicies
1533 1800 1679 1827 centena

973 1846 1023 1877 M.
1041 1846 1111 1877 HS.
1135 1847 1205 1877 Dea
1221 1857 1312 1885 coeca,
1327 1847 1393 1886 sisa]
1417 1848 1579 1886 Fortuna,
1593 1857 1683 1890 qnae,

975 1909 1014 1930 ac
1044 1899 1071 1929 si
1097 1909 1190 1929 caeca
1221 1904 1327 1939 esset,
1357 1900 1472 1940 inique
1503 1899 1681 1930 distribuit

974 1959 1128 1979 munera.

1017 2005 1034 2031 5
1063 2001 1147 2036 Quid
1173 2001 1245 2039 tibi,
1274 2001 1343 2041 fisa]
1388 2001 1444 2032 Sic
1468 2001 1679 2041 Epigramm.

976 2052 1068 2083 dicta
1086 2055 1160 2083 104.
1176 2052 1233 2082 lib.
1254 2055 1282 2082 l.

1018 2105 1038 2132 6
1065 2101 1197 2141 Selium]
1237 2101 1276 2131 ld
1295 2102 1607 2142 est‚hexapliorum
1624 2112 1683 2133 scu

977 2153 1124 2193 priorem
1142 2157 1280 2183 statum.

1020 2204 1126 2234 Epic.
1154 2212 1215 2235 Lu.
1261 2203 1301 2233 In
1331 2203 1470 2234 ficosum
1497 2202 1684 2243 Hedylnm,

977 2254 1032 2295 qui
1054 2254 1187 2294 junctis
1217 2254 1329 2294 capris
1369 2254 1495 2294 gestari
1527 2254 1682 2292 solebat3

979 2305 1047 2345 qui,
1065 2314 1165 2345 quum
1180 2309 1323 2345 propter
1339 2304 1490 2335 morbum
1507 2303 1589 2335 ficus
1613 2313 1682 2335 me—

979 2355 1044 2385 rito
1072 2355 1317 2395 appellaretur,
1345 2364 1444 2393 nunc,
1459 2354 1502 2384 ob
1520 2354 1682 2394 gestatio-

978 2415 1052 2436 nem
1071 2415 1260 2445 caprurum,
1277 2405 1458 2445 caprificus
1476 2405 1604 2445 poterit
1622 2414 1680 2445 ap-

980 2456 1108 2496 pellari.
1136 2455 1339 2486 Ramiresz'us.

1024 2509 1037 2537 l
1067 2506 1417 2546 Gestarij11220tis‚z3·c.]
1442 2507 1497 2536 De
1522 2504 1683 2545 gestatio-

980 2556 1088 2591 nibus,
1105 2556 1181 2586 vide
1199 2557 1318 2596 Epigr.
1345 2560 1393 2587 13.
1407 2557 1462 2587 lib.
1490 2560 1519 2587 1.
1547 2565 1632 2586 vers.
1650 2558 1682 2585 8.

983 2607 1108 2646 Capris]
1169 2607 1271 2637 Forte
1309 2607 1421 2647 capris
1455 2606 1496 2637 ad
1526 2605 1682 2636 essedum

973 2658 1113 2699 junctis,
1147 2663 1182 2688 ut
1211 2659 1328 2699 Epigr.
1361 2662 1433 2689 105.
1465 2658 1522 2689 lib.
1550 2660 1579 2687 1.
1626 2656 1683 2686 De

982 2709 1110 2750 pardis,
1125 2709 1249 2747 cervis,
1266 2712 1328 2740 &c-
1345 2715 1378 2740 et
1396 2710 1439 2740 de
1456 2707 1681 2748 Heliogabalo

981 2759 1120 2791 canibus
1133 2760 1263 2799 junctis
1282 2765 1393 2800 vecto,
1410 2758 1513 2791 refert
1529 2759 1679 2800 Lampri-
