<?xml version="1.0" encoding="UTF-8"?>
<!DOCTYPE html PUBLIC "-//W3C//DTD XHTML 1.0 Transitional//EN"
    "http://www.w3.org/TR/xhtml1/DTD/xhtml1-transitional.dtd">
<html xmlns="http://www.w3.org/1999/xhtml" xml:lang="en" lang="en">
 <head>
  <title>
</title>
<meta http-equiv="Content-Type" content="text/html;charset=utf-8" />
  <meta name='ocr-system' content='tesseract 3.04.00' />
  <meta name='ocr-capabilities' content='ocr_page ocr_carea ocr_par ocr_line ocrx_word'/>
</head>
<body>
  <div class='ocr_page' id='page_1' title='image "./epigrammataexedi03martuoft_0080.png"; bbox 0 0 1866 3131; ppageno 0'>
   <div class='ocr_carea' id='block_1_1' title="bbox 245 186 356 226">
    <p class='ocr_par' dir='ltr' id='par_1_1' title="bbox 245 186 356 226">
     <span class='ocr_line' id='line_1_1' title="bbox 245 186 356 226; baseline 0 0"><span class='ocrx_word' id='word_1_1' title='bbox 245 187 267 226; x_wconf 88' lang='lat' dir='ltr'>l</span> <span class='ocrx_word' id='word_1_2' title='bbox 276 186 356 226; x_wconf 79' lang='lat'>140</span> 
     </span>
    </p>
   </div>
   <div class='ocr_carea' id='block_1_2' title="bbox 247 286 969 2748">
    <p class='ocr_par' dir='ltr' id='par_1_2' title="bbox 247 286 954 1086">
     <span class='ocr_line' id='line_1_2' title="bbox 247 286 948 330; baseline -0.006 -10"><span class='ocrx_word' id='word_1_3' title='bbox 247 290 387 320; x_wconf 85' lang='lat' dir='ltr'>randum</span> <span class='ocrx_word' id='word_1_4' title='bbox 399 288 487 330; x_wconf 85' lang='lat' dir='ltr'>quod</span> <span class='ocrx_word' id='word_1_5' title='bbox 499 297 564 318; x_wconf 87' lang='lat' dir='ltr'>non</span> <span class='ocrx_word' id='word_1_6' title='bbox 579 287 794 327; x_wconf 80' lang='lat' dir='ltr'>rescripserit</span> <span class='ocrx_word' id='word_1_7' title='bbox 809 286 948 323; x_wconf 75' lang='lat' dir='ltr'>Naevia3</span> 
     </span>
     <span class='ocr_line' id='line_1_3' title="bbox 247 337 947 380; baseline -0.007 -9"><span class='ocrx_word' id='word_1_8' title='bbox 247 340 453 380; x_wconf 76' lang='lat' dir='ltr'>sperandum</span> <span class='ocrx_word' id='word_1_9' title='bbox 478 338 591 379; x_wconf 85' lang='lat' dir='ltr'>potius</span> <span class='ocrx_word' id='word_1_10' title='bbox 607 337 695 378; x_wconf 90' lang='lat' dir='ltr'>quod</span> <span class='ocrx_word' id='word_1_11' title='bbox 718 347 811 368; x_wconf 79' lang='lat' dir='ltr'>meas</span> <span class='ocrx_word' id='word_1_12' title='bbox 825 337 947 376; x_wconf 81' lang='lat' dir='ltr'>legerit</span> 
     </span>
     <span class='ocr_line' id='line_1_4' title="bbox 247 387 948 429; baseline -0.006 -8"><span class='ocrx_word' id='word_1_13' title='bbox 247 391 414 427; x_wconf 86' lang='lat' dir='ltr'>tabellas;</span> <span class='ocrx_word' id='word_1_14' title='bbox 443 399 484 420; x_wconf 87' lang='lat' dir='ltr'>ex</span> <span class='ocrx_word' id='word_1_15' title='bbox 511 393 688 429; x_wconf 81' lang='lat' dir='ltr'>praecepto</span> <span class='ocrx_word' id='word_1_16' title='bbox 716 388 832 420; x_wconf 83' lang='lat' dir='ltr'>Ovidii</span> <span class='ocrx_word' id='word_1_17' title='bbox 851 391 880 418; x_wconf 90' lang='lat' dir='ltr'>l.</span> <span class='ocrx_word' id='word_1_18' title='bbox 906 387 948 417; x_wconf 84' lang='lat' dir='ltr'>de</span> 
     </span>
     <span class='ocr_line' id='line_1_5' title="bbox 249 437 949 479; baseline -0.009 -7"><span class='ocrx_word' id='word_1_19' title='bbox 249 447 336 479; x_wconf 77' lang='lat' dir='ltr'>arte,</span> <span class='ocrx_word' id='word_1_20' title='bbox 366 439 457 470; x_wconf 89' lang='lat' dir='ltr'>unde</span> <span class='ocrx_word' id='word_1_21' title='bbox 491 444 526 470; x_wconf 89' lang='lat' dir='ltr'>et</span> <span class='ocrx_word' id='word_1_22' title='bbox 565 439 628 470; x_wconf 84' lang='lat' dir='ltr'>boc</span> <span class='ocrx_word' id='word_1_23' title='bbox 665 438 807 478; x_wconf 85' lang='lat' dir='ltr'><strong>sumpsit</strong></span> <span class='ocrx_word' id='word_1_24' title='bbox 842 437 949 467; x_wconf 83' lang='lat' dir='ltr'>Mart.</span> 
     </span>
     <span class='ocr_line' id='line_1_6' title="bbox 248 487 951 531; baseline -0.009 -9"><span class='ocrx_word' id='word_1_25' title='bbox 248 493 257 509; x_wconf 89' lang='lat'>‘</span> <span class='ocrx_word' id='word_1_26' title='bbox 273 491 423 531; x_wconf 66' lang='lat' dir='ltr'>Legem,</span> <span class='ocrx_word' id='word_1_27' title='bbox 438 494 473 521; x_wconf 90' lang='lat' dir='ltr'>et</span> <span class='ocrx_word' id='word_1_28' title='bbox 487 489 572 520; x_wconf 90' lang='lat' dir='ltr'>nolit</span> <span class='ocrx_word' id='word_1_29' title='bbox 587 487 797 520; x_wconf 76' lang='lat' dir='ltr'>rescribere:</span> <span class='ocrx_word' id='word_1_30' title='bbox 827 495 951 525; x_wconf 86' lang='lat' dir='ltr'>cogere</span> 
     </span>
     <span class='ocr_line' id='line_1_7' title="bbox 248 536 951 576; baseline -0.009 -4"><span class='ocrx_word' id='word_1_31' title='bbox 248 541 338 572; x_wconf 89' lang='lat' dir='ltr'>noli:</span> <span class='ocrx_word' id='word_1_32' title='bbox 362 542 417 572; x_wconf 93' lang='lat' dir='ltr'>Tu</span> <span class='ocrx_word' id='word_1_33' title='bbox 441 539 541 571; x_wconf 90' lang='lat' dir='ltr'>modo</span> <span class='ocrx_word' id='word_1_34' title='bbox 571 539 753 570; x_wconf 77' lang='lat' dir='ltr'>blanditias</span> <span class='ocrx_word' id='word_1_35' title='bbox 781 536 835 568; x_wconf 88' lang='lat' dir='ltr'>fac</span> <span class='ocrx_word' id='word_1_36' title='bbox 857 537 951 576; x_wconf 85' lang='lat' dir='ltr'>legat</span> 
     </span>
     <span class='ocr_line' id='line_1_8' title="bbox 248 588 951 633; baseline -0.01 -9"><span class='ocrx_word' id='word_1_37' title='bbox 248 594 321 633; x_wconf 79' lang='lat' dir='ltr'>ipsa</span> <span class='ocrx_word' id='word_1_38' title='bbox 336 597 423 624; x_wconf 86' lang='lat' dir='ltr'>tuas.</span> <span class='ocrx_word' id='word_1_39' title='bbox 469 592 563 624; x_wconf 83' lang='lat' dir='ltr'>Quas</span> <span class='ocrx_word' id='word_1_40' title='bbox 584 590 693 621; x_wconf 78' lang='lat' dir='ltr'>voluit</span> <span class='ocrx_word' id='word_1_41' title='bbox 713 589 844 626; x_wconf 70' lang='lat' dir='ltr'>legisse,</span> <span class='ocrx_word' id='word_1_42' title='bbox 860 588 951 618; x_wconf 86' lang='lat' dir='ltr'>volet</span> 
     </span>
     <span class='ocr_line' id='line_1_9' title="bbox 251 639 950 681; baseline -0.011 -6"><span class='ocrx_word' id='word_1_43' title='bbox 251 644 442 675; x_wconf 86' lang='lat' dir='ltr'>rescribere</span> <span class='ocrx_word' id='word_1_44' title='bbox 474 641 596 681; x_wconf 89' lang='lat' dir='ltr'>lectis‚&#39;</span> <span class='ocrx_word' id='word_1_45' title='bbox 621 644 684 672; x_wconf 84' lang='lat' dir='ltr'>&amp;c.</span> <span class='ocrx_word' id='word_1_46' title='bbox 712 639 800 670; x_wconf 89' lang='lat' dir='ltr'>unde</span> <span class='ocrx_word' id='word_1_47' title='bbox 826 643 862 670; x_wconf 90' lang='lat' dir='ltr'>et</span> <span class='ocrx_word' id='word_1_48' title='bbox 877 639 950 678; x_wconf 88' lang='lat' dir='ltr'>qui-</span> 
     </span>
     <span class='ocr_line' id='line_1_10' title="bbox 251 688 950 732; baseline -0.013 -6"><span class='ocrx_word' id='word_1_49' title='bbox 251 696 327 726; x_wconf 91' lang='lat' dir='ltr'>dam</span> <span class='ocrx_word' id='word_1_50' title='bbox 359 694 499 731; x_wconf 77' lang='lat' dir='ltr'>habent,</span> <span class='ocrx_word' id='word_1_51' title='bbox 527 692 589 723; x_wconf 80' lang='lat' dir='ltr'>Sed</span> <span class='ocrx_word' id='word_1_52' title='bbox 617 695 702 732; x_wconf 80' lang='lat' dir='ltr'>puto,</span> <span class='ocrx_word' id='word_1_53' title='bbox 728 691 804 730; x_wconf 82' lang='lat' dir='ltr'>quod</span> <span class='ocrx_word' id='word_1_54' title='bbox 829 688 950 728; x_wconf 82' lang='lat' dir='ltr'>scripsi,</span> 
     </span>
     <span class='ocr_line' id='line_1_11' title="bbox 249 738 948 785; baseline -0.013 -9"><span class='ocrx_word' id='word_1_55' title='bbox 249 745 372 785; x_wconf 78' lang='lat' dir='ltr'>legerit.</span> <span class='ocrx_word' id='word_1_56' title='bbox 398 742 584 784; x_wconf 73' lang='lat' dir='ltr'>Rescripsit]</span> <span class='ocrx_word' id='word_1_57' title='bbox 619 742 705 772; x_wconf 86' lang='lat' dir='ltr'>Nam</span> <span class='ocrx_word' id='word_1_58' title='bbox 722 738 948 771; x_wconf 64' lang='lat' dir='ltr'>meretriculae</span> 
     </span>
     <span class='ocr_line' id='line_1_12' title="bbox 253 790 950 831; baseline -0.014 -4"><span class='ocrx_word' id='word_1_59' title='bbox 253 798 281 827; x_wconf 80' lang='lat' dir='ltr'>si</span> <span class='ocrx_word' id='word_1_60' title='bbox 298 794 548 831; x_wconf 76' lang='lat' dir='ltr'>rescribebant,</span> <span class='ocrx_word' id='word_1_61' title='bbox 573 801 722 824; x_wconf 84' lang='lat' dir='ltr'>annuere</span> <span class='ocrx_word' id='word_1_62' title='bbox 738 790 950 821; x_wconf 77' lang='lat' dir='ltr'>videbantur.</span> 
     </span>
     <span class='ocr_line' id='line_1_13' title="bbox 251 838 951 878; baseline -0.016 0"><span class='ocrx_word' id='word_1_63' title='bbox 251 847 309 878; x_wconf 91' lang='lat' dir='ltr'>Sic</span> <span class='ocrx_word' id='word_1_64' title='bbox 323 846 482 878; x_wconf 78' lang='lat' dir='ltr'>Juvenal.</span> <span class='ocrx_word' id='word_1_65' title='bbox 497 844 568 874; x_wconf 86' lang='lat' dir='ltr'>Sat.</span> <span class='ocrx_word' id='word_1_66' title='bbox 587 851 640 873; x_wconf 81' lang='lat' dir='ltr'>vt.</span> <span class='ocrx_word' id='word_1_67' title='bbox 668 842 676 858; x_wconf 91' lang='lat'>‘</span> <span class='ocrx_word' id='word_1_68' title='bbox 697 841 853 871; x_wconf 76' lang='lat' dir='ltr'>Libertas</span> <span class='ocrx_word' id='word_1_69' title='bbox 870 838 951 869; x_wconf 90' lang='lat' dir='ltr'>emi-</span> 
     </span>
     <span class='ocr_line' id='line_1_14' title="bbox 253 887 952 934; baseline -0.017 -5"><span class='ocrx_word' id='word_1_70' title='bbox 253 902 328 934; x_wconf 83' lang='lat' dir='ltr'>tur;</span> <span class='ocrx_word' id='word_1_71' title='bbox 345 905 458 928; x_wconf 84' lang='lat' dir='ltr'>coram</span> <span class='ocrx_word' id='word_1_72' title='bbox 474 893 693 926; x_wconf 86' lang='lat' dir='ltr'>licetinnuat,</span> <span class='ocrx_word' id='word_1_73' title='bbox 705 895 808 930; x_wconf 77' lang='lat' dir='ltr'>atque</span> <span class='ocrx_word' id='word_1_74' title='bbox 821 887 952 920; x_wconf 77' lang='lat' dir='ltr'>Rescri-</span> 
     </span>
     <span class='ocr_line' id='line_1_15' title="bbox 255 939 952 985; baseline -0.017 -7"><span class='ocrx_word' id='word_1_75' title='bbox 255 946 338 985; x_wconf 85' lang='lat' dir='ltr'>bat‚&#39;</span> <span class='ocrx_word' id='word_1_76' title='bbox 350 948 412 976; x_wconf 72' lang='lat'>5130.</span> <span class='ocrx_word' id='word_1_77' title='bbox 438 945 509 975; x_wconf 81' lang='lat' dir='ltr'>Non</span> <span class='ocrx_word' id='word_1_78' title='bbox 519 942 605 974; x_wconf 76' lang='lat' dir='ltr'>dabit</span> <span class='ocrx_word' id='word_1_79' title='bbox 615 940 703 980; x_wconf 81' lang='lat' dir='ltr'>ergo]</span> <span class='ocrx_word' id='word_1_80' title='bbox 721 939 808 972; x_wconf 81' lang='lat' dir='ltr'>Quia</span> <span class='ocrx_word' id='word_1_81' title='bbox 824 947 888 968; x_wconf 89' lang='lat' dir='ltr'>non</span> <span class='ocrx_word' id='word_1_82' title='bbox 902 947 952 967; x_wconf 90' lang='lat' dir='ltr'>re-</span> 
     </span>
     <span class='ocr_line' id='line_1_16' title="bbox 255 986 954 1036; baseline -0.013 -9"><span class='ocrx_word' id='word_1_83' title='bbox 255 996 392 1036; x_wconf 84' lang='lat' dir='ltr'>scripsit</span> <span class='ocrx_word' id='word_1_84' title='bbox 409 994 554 1026; x_wconf 86' lang='lat' dir='ltr'>scilicet.</span> <span class='ocrx_word' id='word_1_85' title='bbox 598 994 607 1010; x_wconf 84' lang='lat'>‘</span> <span class='ocrx_word' id='word_1_86' title='bbox 621 990 728 1022; x_wconf 87' lang='lat' dir='ltr'>Dare‘</span> <span class='ocrx_word' id='word_1_87' title='bbox 751 990 825 1020; x_wconf 82' lang='lat' dir='ltr'>heic</span> <span class='ocrx_word' id='word_1_88' title='bbox 841 986 954 1026; x_wconf 81' lang='grc' dir='ltr'>κακέμ-</span> 
     </span>
     <span class='ocr_line' id='line_1_17' title="bbox 256 1042 868 1086; baseline -0.01 -9"><span class='ocrx_word' id='word_1_89' title='bbox 256 1053 356 1086; x_wconf 84' lang='grc' dir='ltr'>φατον</span> <span class='ocrx_word' id='word_1_90' title='bbox 370 1044 550 1086; x_wconf 79' lang='grc' dir='ltr'>χαρίζεσθαι</span> <span class='ocrx_word' id='word_1_91' title='bbox 566 1043 712 1075; x_wconf 81' lang='lat' dir='ltr'>Gl·aecis.</span> <span class='ocrx_word' id='word_1_92' title='bbox 737 1042 868 1072; x_wconf 80' lang='lat' dir='ltr'>Herald.</span> 
     </span>
    </p>

    <p class='ocr_par' dir='ltr' id='par_1_3' title="bbox 256 1092 961 1631">
     <span class='ocr_line' id='line_1_18' title="bbox 301 1092 953 1133; baseline -0.009 -5"><span class='ocrx_word' id='word_1_93' title='bbox 301 1098 406 1128; x_wconf 72' lang='lat' dir='ltr'>Eme.</span> <span class='ocrx_word' id='word_1_94' title='bbox 422 1105 455 1127; x_wconf 88' lang='lat' dir='ltr'>x.</span> <span class='ocrx_word' id='word_1_95' title='bbox 480 1099 495 1126; x_wconf 91' lang='grc'>1</span> <span class='ocrx_word' id='word_1_96' title='bbox 511 1094 609 1126; x_wconf 77' lang='lat' dir='ltr'>Basia</span> <span class='ocrx_word' id='word_1_97' title='bbox 630 1093 770 1131; x_wconf 72' lang='lat' dir='ltr'>dimidio,</span> <span class='ocrx_word' id='word_1_98' title='bbox 785 1093 855 1133; x_wconf 55' lang='grc' dir='ltr'>δῖα]</span> <span class='ocrx_word' id='word_1_99' title='bbox 877 1092 953 1123; x_wconf 89' lang='lat' dir='ltr'>Non</span> 
     </span>
     <span class='ocr_line' id='line_1_19' title="bbox 257 1143 954 1187; baseline -0.009 -9"><span class='ocrx_word' id='word_1_100' title='bbox 257 1155 321 1187; x_wconf 82' lang='lat' dir='ltr'>ego</span> <span class='ocrx_word' id='word_1_101' title='bbox 349 1151 382 1177; x_wconf 87' lang='lat' dir='ltr'>te</span> <span class='ocrx_word' id='word_1_102' title='bbox 403 1145 587 1186; x_wconf 87' lang='lat' dir='ltr'>superbum</span> <span class='ocrx_word' id='word_1_103' title='bbox 610 1153 734 1175; x_wconf 89' lang='lat' dir='ltr'>censeo</span> <span class='ocrx_word' id='word_1_104' title='bbox 761 1148 819 1174; x_wconf 89' lang='lat' dir='ltr'>aut</span> <span class='ocrx_word' id='word_1_105' title='bbox 845 1143 954 1173; x_wconf 86' lang='lat' dir='ltr'>minus</span> 
     </span>
     <span class='ocr_line' id='line_1_20' title="bbox 256 1192 955 1236; baseline -0.006 -8"><span class='ocrx_word' id='word_1_106' title='bbox 256 1198 450 1235; x_wconf 84' lang='lat' dir='ltr'>humanum,</span> <span class='ocrx_word' id='word_1_107' title='bbox 471 1194 560 1236; x_wconf 88' lang='lat' dir='ltr'>quod</span> <span class='ocrx_word' id='word_1_108' title='bbox 589 1203 642 1224; x_wconf 93' lang='lat' dir='ltr'>me</span> <span class='ocrx_word' id='word_1_109' title='bbox 667 1193 776 1223; x_wconf 90' lang='lat' dir='ltr'>altero</span> <span class='ocrx_word' id='word_1_110' title='bbox 792 1192 885 1223; x_wconf 90' lang='lat' dir='ltr'>labro</span> <span class='ocrx_word' id='word_1_111' title='bbox 901 1192 955 1233; x_wconf 78' lang='lat' dir='ltr'>(ut</span> 
     </span>
     <span class='ocr_line' id='line_1_21' title="bbox 259 1243 956 1286; baseline -0.007 -9"><span class='ocrx_word' id='word_1_112' title='bbox 259 1248 365 1286; x_wconf 61' lang='lat' dir='ltr'>epigr.</span> <span class='ocrx_word' id='word_1_113' title='bbox 389 1249 440 1277; x_wconf 81' lang='lat'>22.</span> <span class='ocrx_word' id='word_1_114' title='bbox 469 1244 571 1285; x_wconf 74' lang='lat' dir='ltr'>infra)</span> <span class='ocrx_word' id='word_1_115' title='bbox 597 1245 648 1275; x_wconf 88' lang='lat' dir='ltr'>vel</span> <span class='ocrx_word' id='word_1_116' title='bbox 674 1243 741 1274; x_wconf 87' lang='lat' dir='ltr'>levi</span> <span class='ocrx_word' id='word_1_117' title='bbox 763 1243 855 1274; x_wconf 86' lang='lat' dir='ltr'>basio</span> <span class='ocrx_word' id='word_1_118' title='bbox 881 1243 956 1283; x_wconf 84' lang='lat' dir='ltr'>(qui</span> 
     </span>
     <span class='ocr_line' id='line_1_22' title="bbox 257 1294 957 1334; baseline -0.004 -7"><span class='ocrx_word' id='word_1_119' title='bbox 257 1296 428 1328; x_wconf 85' lang='lat' dir='ltr'>salutandi</span> <span class='ocrx_word' id='word_1_120' title='bbox 439 1305 510 1326; x_wconf 89' lang='lat' dir='ltr'>mos</span> <span class='ocrx_word' id='word_1_121' title='bbox 525 1295 700 1333; x_wconf 77' lang='lat' dir='ltr'>Romanis)</span> <span class='ocrx_word' id='word_1_122' title='bbox 711 1294 839 1334; x_wconf 80' lang='lat' dir='ltr'>excipis</span> <span class='ocrx_word' id='word_1_123' title='bbox 854 1305 861 1324; x_wconf 91' lang='lat'>:</span> <span class='ocrx_word' id='word_1_124' title='bbox 879 1304 957 1324; x_wconf 88' lang='lat' dir='ltr'>con-</span> 
     </span>
     <span class='ocr_line' id='line_1_23' title="bbox 259 1345 958 1386; baseline -0.004 -9"><span class='ocrx_word' id='word_1_125' title='bbox 259 1352 377 1377; x_wconf 82' lang='lat' dir='ltr'>tentus</span> <span class='ocrx_word' id='word_1_126' title='bbox 410 1355 470 1376; x_wconf 89' lang='lat' dir='ltr'>ero</span> <span class='ocrx_word' id='word_1_127' title='bbox 496 1345 549 1376; x_wconf 86' lang='lat' dir='ltr'>vel</span> <span class='ocrx_word' id='word_1_128' title='bbox 577 1349 697 1386; x_wconf 83' lang='lat' dir='ltr'>quarta</span> <span class='ocrx_word' id='word_1_129' title='bbox 723 1345 831 1375; x_wconf 87' lang='lat' dir='ltr'>osculi</span> <span class='ocrx_word' id='word_1_130' title='bbox 846 1350 958 1384; x_wconf 88' lang='lat' dir='ltr'>parte,</span> 
     </span>
     <span class='ocr_line' id='line_1_24' title="bbox 260 1394 959 1435; baseline -0.004 -8"><span class='ocrx_word' id='word_1_131' title='bbox 260 1397 326 1427; x_wconf 86' lang='lat' dir='ltr'>imo</span> <span class='ocrx_word' id='word_1_132' title='bbox 344 1396 464 1426; x_wconf 87' lang='lat' dir='ltr'>beatus</span> <span class='ocrx_word' id='word_1_133' title='bbox 480 1395 584 1424; x_wconf 91' lang='lat' dir='ltr'>nulla.</span> <span class='ocrx_word' id='word_1_134' title='bbox 599 1398 765 1435; x_wconf 89' lang='lat' dir='ltr'>notatque</span> <span class='ocrx_word' id='word_1_135' title='bbox 783 1394 959 1425; x_wconf 86' lang='lat' dir='ltr'>Posthumi</span> 
     </span>
     <span class='ocr_line' id='line_1_25' title="bbox 259 1444 960 1488; baseline -0.001 -12"><span class='ocrx_word' id='word_1_136' title='bbox 259 1446 425 1488; x_wconf 86' lang='lat' dir='ltr'>(quisquis</span> <span class='ocrx_word' id='word_1_137' title='bbox 455 1445 512 1476; x_wconf 84' lang='lat' dir='ltr'>ille</span> <span class='ocrx_word' id='word_1_138' title='bbox 543 1444 663 1484; x_wconf 81' lang='lat' dir='ltr'>fuerit)</span> <span class='ocrx_word' id='word_1_139' title='bbox 696 1445 862 1485; x_wconf 85' lang='lat' dir='ltr'>impuram</span> <span class='ocrx_word' id='word_1_140' title='bbox 890 1445 960 1475; x_wconf 89' lang='lat' dir='ltr'>ani-</span> 
     </span>
     <span class='ocr_line' id='line_1_26' title="bbox 261 1495 961 1537; baseline -0.004 -9"><span class='ocrx_word' id='word_1_141' title='bbox 261 1507 349 1528; x_wconf 86' lang='lat' dir='ltr'>mam</span> <span class='ocrx_word' id='word_1_142' title='bbox 368 1502 469 1537; x_wconf 85' lang='lat' dir='ltr'>atque</span> <span class='ocrx_word' id='word_1_143' title='bbox 493 1506 529 1527; x_wconf 90' lang='lat' dir='ltr'>os</span> <span class='ocrx_word' id='word_1_144' title='bbox 555 1496 761 1535; x_wconf 87' lang='lat' dir='ltr'>impudicum</span> <span class='ocrx_word' id='word_1_145' title='bbox 788 1495 822 1526; x_wconf 80' lang='grc' dir='ltr'>ἐκ</span> <span class='ocrx_word' id='word_1_146' title='bbox 844 1495 900 1526; x_wconf 80' lang='grc' dir='ltr'>τοῦ</span> <span class='ocrx_word' id='word_1_147' title='bbox 920 1496 961 1526; x_wconf 81' lang='grc' dir='ltr'>τὰ</span> 
     </span>
     <span class='ocr_line' id='line_1_27' title="bbox 262 1546 961 1587; baseline 0 -9"><span class='ocrx_word' id='word_1_148' title='bbox 262 1548 359 1579; x_wconf 76' lang='grc' dir='ltr'><strong>αἰδοῖα.</strong></span> <span class='ocrx_word' id='word_1_149' title='bbox 369 1547 488 1586; x_wconf 76' lang='grc' dir='ltr'>λείχειν</span> <span class='ocrx_word' id='word_1_150' title='bbox 502 1546 551 1577; x_wconf 75' lang='grc' dir='ltr'>καὶ</span> <span class='ocrx_word' id='word_1_151' title='bbox 566 1546 691 1586; x_wconf 77' lang='grc' dir='ltr'>μύζεινῑ</span> <span class='ocrx_word' id='word_1_152' title='bbox 709 1546 786 1577; x_wconf 81' lang='lat' dir='ltr'>vide</span> <span class='ocrx_word' id='word_1_153' title='bbox 803 1551 837 1578; x_wconf 82' lang='lat' dir='ltr'>et</span> <span class='ocrx_word' id='word_1_154' title='bbox 852 1547 961 1587; x_wconf 85' lang='lat' dir='ltr'>epigr.</span> 
     </span>
     <span class='ocr_line' id='line_1_28' title="bbox 262 1603 314 1631; baseline 0 -1"><span class='ocrx_word' id='word_1_155' title='bbox 262 1603 314 1631; x_wconf 79' lang='lat'>21.</span> 
     </span>
    </p>

    <p class='ocr_par' dir='ltr' id='par_1_4' title="bbox 262 1645 964 1888">
     <span class='ocr_line' id='line_1_29' title="bbox 308 1645 961 1688; baseline -0.005 -9"><span class='ocrx_word' id='word_1_156' title='bbox 308 1649 411 1680; x_wconf 71' lang='lat' dir='ltr'>Erre.</span> <span class='ocrx_word' id='word_1_157' title='bbox 439 1656 490 1679; x_wconf 68' lang='grc' dir='ltr'>Χῖ.</span> <span class='ocrx_word' id='word_1_158' title='bbox 510 1650 526 1678; x_wconf 85' lang='grc'><strong>1</strong></span> <span class='ocrx_word' id='word_1_159' title='bbox 547 1647 652 1688; x_wconf 79' lang='lat' dir='ltr'>Quod]</span> <span class='ocrx_word' id='word_1_160' title='bbox 673 1646 756 1677; x_wconf 88' lang='lat' dir='ltr'>Selii</span> <span class='ocrx_word' id='word_1_161' title='bbox 781 1645 961 1686; x_wconf 72' lang='lat' dir='ltr'>coenipetae</span> 
     </span>
     <span class='ocr_line' id='line_1_30' title="bbox 262 1696 964 1730; baseline -0.006 0"><span class='ocrx_word' id='word_1_162' title='bbox 262 1699 432 1730; x_wconf 82' lang='lat' dir='ltr'>moestitiae</span> <span class='ocrx_word' id='word_1_163' title='bbox 446 1704 481 1729; x_wconf 88' lang='lat' dir='ltr'>et</span> <span class='ocrx_word' id='word_1_164' title='bbox 495 1698 606 1729; x_wconf 88' lang='lat' dir='ltr'>luctus</span> <span class='ocrx_word' id='word_1_165' title='bbox 622 1707 756 1728; x_wconf 85' lang='lat' dir='ltr'>causam</span> <span class='ocrx_word' id='word_1_166' title='bbox 773 1706 845 1728; x_wconf 89' lang='lat' dir='ltr'>esse</span> <span class='ocrx_word' id='word_1_167' title='bbox 860 1696 964 1728; x_wconf 91' lang='lat' dir='ltr'>domi-</span> 
     </span>
     <span class='ocr_line' id='line_1_31' title="bbox 265 1747 964 1787; baseline -0.006 -6"><span class='ocrx_word' id='word_1_168' title='bbox 265 1750 421 1781; x_wconf 83' lang='lat' dir='ltr'>coenium.</span> <span class='ocrx_word' id='word_1_169' title='bbox 456 1749 573 1780; x_wconf 83' lang='lat' dir='ltr'>Fronte</span> <span class='ocrx_word' id='word_1_170' title='bbox 595 1747 715 1787; x_wconf 79' lang='lat' dir='ltr'>nubila]</span> <span class='ocrx_word' id='word_1_171' title='bbox 739 1747 964 1785; x_wconf 84' lang='lat' dir='ltr'>Moesta‚tris·</span> 
     </span>
     <span class='ocr_line' id='line_1_32' title="bbox 266 1797 964 1838; baseline -0.004 -7"><span class='ocrx_word' id='word_1_172' title='bbox 266 1802 313 1831; x_wconf 84' lang='lat' dir='ltr'>ti:</span> <span class='ocrx_word' id='word_1_173' title='bbox 339 1799 547 1831; x_wconf 87' lang='lat' dir='ltr'>contrarium</span> <span class='ocrx_word' id='word_1_174' title='bbox 576 1797 741 1829; x_wconf 64' lang='lat' dir='ltr'>‘serena’</span> <span class='ocrx_word' id='word_1_175' title='bbox 773 1797 928 1838; x_wconf 85' lang='lat' dir='ltr'>Metaph.</span> <span class='ocrx_word' id='word_1_176' title='bbox 946 1807 964 1828; x_wconf 86' lang='lat' dir='ltr'>a</span> 
     </span>
     <span class='ocr_line' id='line_1_33' title="bbox 264 1850 575 1888; baseline -0.006 -7"><span class='ocrx_word' id='word_1_177' title='bbox 264 1850 343 1881; x_wconf 85' lang='lat' dir='ltr'>coeli</span> <span class='ocrx_word' id='word_1_178' title='bbox 357 1854 575 1888; x_wconf 81' lang='lat' dir='ltr'>tempestate.</span> 
     </span>
    </p>

    <p class='ocr_par' dir='ltr' id='par_1_5' title="bbox 308 1897 871 1938">
     <span class='ocr_line' id='line_1_34' title="bbox 308 1897 871 1938; baseline -0.004 -8"><span class='ocrx_word' id='word_1_179' title='bbox 308 1902 328 1930; x_wconf 82' lang='lat'>2</span> <span class='ocrx_word' id='word_1_180' title='bbox 351 1897 627 1938; x_wconf 59' lang='lat' dir='ltr'>Ambulator‚&amp;c.]</span> <span class='ocrx_word' id='word_1_181' title='bbox 651 1898 733 1928; x_wconf 83' lang='lat' dir='ltr'>Mox</span> <span class='ocrx_word' id='word_1_182' title='bbox 748 1907 802 1938; x_wconf 87' lang='lat' dir='ltr'>ep.</span> <span class='ocrx_word' id='word_1_183' title='bbox 821 1901 871 1929; x_wconf 74' lang='lat'>14,</span> 
     </span>
    </p>

    <p class='ocr_par' dir='ltr' id='par_1_6' title="bbox 267 1948 966 2132">
     <span class='ocr_line' id='line_1_35' title="bbox 309 1948 965 1988; baseline -0.005 -8"><span class='ocrx_word' id='word_1_184' title='bbox 309 1952 328 1980; x_wconf 80' lang='lat'><strong>3</strong></span> <span class='ocrx_word' id='word_1_185' title='bbox 352 1949 510 1988; x_wconf 80' lang='lat' dir='ltr'>Lugubre,</span> <span class='ocrx_word' id='word_1_186' title='bbox 535 1949 603 1988; x_wconf 48' lang='lat' dir='ltr'>nge]</span> <span class='ocrx_word' id='word_1_187' title='bbox 630 1948 727 1981; x_wconf 75' lang='lat' dir='ltr'>Quod</span> <span class='ocrx_word' id='word_1_188' title='bbox 749 1953 867 1978; x_wconf 82' lang='lat' dir='ltr'>moesto</span> <span class='ocrx_word' id='word_1_189' title='bbox 895 1948 965 1977; x_wconf 87' lang='lat' dir='ltr'>vul-</span> 
     </span>
     <span class='ocr_line' id='line_1_36' title="bbox 267 1998 966 2039; baseline -0.006 -7"><span class='ocrx_word' id='word_1_190' title='bbox 267 2007 303 2032; x_wconf 85' lang='lat' dir='ltr'>tu</span> <span class='ocrx_word' id='word_1_191' title='bbox 320 2000 444 2031; x_wconf 85' lang='lat' dir='ltr'>tacitus</span> <span class='ocrx_word' id='word_1_192' title='bbox 456 2009 526 2039; x_wconf 84' lang='lat' dir='ltr'>prae</span> <span class='ocrx_word' id='word_1_193' title='bbox 545 2009 580 2029; x_wconf 90' lang='lat' dir='ltr'>se</span> <span class='ocrx_word' id='word_1_194' title='bbox 594 1998 664 2029; x_wconf 86' lang='lat' dir='ltr'>fert</span> <span class='ocrx_word' id='word_1_195' title='bbox 688 1999 826 2029; x_wconf 89' lang='lat' dir='ltr'>luctum.</span> <span class='ocrx_word' id='word_1_196' title='bbox 850 1998 966 2038; x_wconf 72' lang='lat' dir='ltr'>Piger]</span> 
     </span>
     <span class='ocr_line' id='line_1_37' title="bbox 268 2048 966 2091; baseline -0.004 -10"><span class='ocrx_word' id='word_1_197' title='bbox 268 2051 378 2089; x_wconf 79' lang='lat' dir='ltr'>Dixit,</span> <span class='ocrx_word' id='word_1_198' title='bbox 404 2050 481 2091; x_wconf 90' lang='lat' dir='ltr'>quia</span> <span class='ocrx_word' id='word_1_199' title='bbox 503 2053 640 2080; x_wconf 85' lang='lat' dir='ltr'>moestus</span> <span class='ocrx_word' id='word_1_200' title='bbox 667 2048 761 2089; x_wconf 88' lang='lat' dir='ltr'>pigro</span> <span class='ocrx_word' id='word_1_201' title='bbox 788 2048 903 2079; x_wconf 88' lang='lat' dir='ltr'>similis</span> <span class='ocrx_word' id='word_1_202' title='bbox 932 2054 966 2078; x_wconf 79' lang='lat' dir='ltr'>et</span> 
     </span>
     <span class='ocr_line' id='line_1_38' title="bbox 268 2101 373 2132; baseline 0.019 -2"><span class='ocrx_word' id='word_1_203' title='bbox 268 2101 373 2132; x_wconf 84' lang='lat' dir='ltr'>lento.</span> 
     </span>
    </p>

    <p class='ocr_par' dir='ltr' id='par_1_7' title="bbox 267 2149 966 2241">
     <span class='ocr_line' id='line_1_39' title="bbox 310 2149 966 2190; baseline -0.002 -8"><span class='ocrx_word' id='word_1_204' title='bbox 310 2153 331 2182; x_wconf 83' lang='grc'>4</span> <span class='ocrx_word' id='word_1_205' title='bbox 366 2151 454 2186; x_wconf 78' lang='lat' dir='ltr'>Quod</span> <span class='ocrx_word' id='word_1_206' title='bbox 480 2159 568 2190; x_wconf 81' lang='lat' dir='ltr'>pene,</span> <span class='ocrx_word' id='word_1_207' title='bbox 595 2149 664 2189; x_wconf 51' lang='lat' dir='ltr'>[yffi]</span> <span class='ocrx_word' id='word_1_208' title='bbox 698 2149 796 2182; x_wconf 80' lang='lat' dir='ltr'>Quod</span> <span class='ocrx_word' id='word_1_209' title='bbox 822 2150 966 2181; x_wconf 87' lang='lat' dir='ltr'>demisso</span> 
     </span>
     <span class='ocr_line' id='line_1_40' title="bbox 267 2200 781 2241; baseline -0.002 -8"><span class='ocrx_word' id='word_1_210' title='bbox 267 2202 311 2233; x_wconf 86' lang='lat' dir='ltr'>sit</span> <span class='ocrx_word' id='word_1_211' title='bbox 328 2202 424 2233; x_wconf 87' lang='lat' dir='ltr'>vultu</span> <span class='ocrx_word' id='word_1_212' title='bbox 438 2201 621 2241; x_wconf 83' lang='lat' dir='ltr'>capiteque</span> <span class='ocrx_word' id='word_1_213' title='bbox 637 2200 781 2240; x_wconf 79' lang='lat' dir='ltr'>dejecto.</span> 
     </span>
    </p>

    <p class='ocr_par' dir='ltr' id='par_1_8' title="bbox 270 2252 969 2748">
     <span class='ocr_line' id='line_1_41' title="bbox 312 2252 966 2292; baseline 0 -9"><span class='ocrx_word' id='word_1_214' title='bbox 312 2257 330 2283; x_wconf 89' lang='lat'>5</span> <span class='ocrx_word' id='word_1_215' title='bbox 359 2252 448 2287; x_wconf 80' lang='lat' dir='ltr'>Quod</span> <span class='ocrx_word' id='word_1_216' title='bbox 475 2252 586 2282; x_wconf 75' lang='lat' dir='ltr'>dextra</span> <span class='ocrx_word' id='word_1_217' title='bbox 622 2255 728 2291; x_wconf 78' lang='lat' dir='ltr'>pectus</span> <span class='ocrx_word' id='word_1_218' title='bbox 753 2253 869 2292; x_wconf 80' lang='lat' dir='ltr'>pulsat,</span> <span class='ocrx_word' id='word_1_219' title='bbox 897 2252 966 2292; x_wconf 63' lang='lat' dir='ltr'>Gya]</span> 
     </span>
     <span class='ocr_line' id='line_1_42' title="bbox 271 2301 967 2343; baseline 0 -9"><span class='ocrx_word' id='word_1_220' title='bbox 271 2303 348 2334; x_wconf 88' lang='lat' dir='ltr'>Hoc</span> <span class='ocrx_word' id='word_1_221' title='bbox 361 2302 520 2343; x_wconf 81' lang='lat' dir='ltr'>frequens</span> <span class='ocrx_word' id='word_1_222' title='bbox 535 2302 567 2332; x_wconf 90' lang='lat' dir='ltr'>in</span> <span class='ocrx_word' id='word_1_223' title='bbox 584 2301 776 2334; x_wconf 84' lang='lat' dir='ltr'>funeribus:</span> <span class='ocrx_word' id='word_1_224' title='bbox 795 2308 830 2334; x_wconf 89' lang='lat' dir='ltr'>et</span> <span class='ocrx_word' id='word_1_225' title='bbox 846 2309 967 2343; x_wconf 86' lang='lat' dir='ltr'>pectus</span> 
     </span>
     <span class='ocr_line' id='line_1_43' title="bbox 270 2352 968 2395; baseline 0.001 -11"><span class='ocrx_word' id='word_1_226' title='bbox 270 2353 451 2395; x_wconf 85' lang='lat' dir='ltr'>pulsabant</span> <span class='ocrx_word' id='word_1_227' title='bbox 473 2353 506 2383; x_wconf 89' lang='lat' dir='ltr'>in</span> <span class='ocrx_word' id='word_1_228' title='bbox 519 2352 592 2383; x_wconf 89' lang='lat' dir='ltr'>aliis</span> <span class='ocrx_word' id='word_1_229' title='bbox 614 2353 863 2384; x_wconf 85' lang='lat' dir='ltr'>calamitatibus</span> <span class='ocrx_word' id='word_1_230' title='bbox 879 2359 968 2385; x_wconf 89' lang='lat' dir='ltr'>atro-</span> 
     </span>
     <span class='ocr_line' id='line_1_44' title="bbox 271 2403 967 2445; baseline 0 -10"><span class='ocrx_word' id='word_1_231' title='bbox 271 2404 429 2435; x_wconf 88' lang='lat' dir='ltr'>cioribus.</span> <span class='ocrx_word' id='word_1_232' title='bbox 494 2403 664 2434; x_wconf 73' lang='lat' dir='ltr'>Caeterum</span> <span class='ocrx_word' id='word_1_233' title='bbox 702 2405 711 2421; x_wconf 83' lang='lat'>‘</span> <span class='ocrx_word' id='word_1_234' title='bbox 732 2404 858 2435; x_wconf 88' lang='lat' dir='ltr'>Pectus</span> <span class='ocrx_word' id='word_1_235' title='bbox 895 2405 967 2445; x_wconf 90' lang='lat' dir='ltr'>pul-</span> 
     </span>
     <span class='ocr_line' id='line_1_45' title="bbox 271 2453 967 2494; baseline -0.003 -8"><span class='ocrx_word' id='word_1_236' title='bbox 271 2455 370 2494; x_wconf 75' lang='lat' dir='ltr'>sare‚&#39;</span> <span class='ocrx_word' id='word_1_237' title='bbox 395 2454 430 2484; x_wconf 90' lang='lat' dir='ltr'>id</span> <span class='ocrx_word' id='word_1_238' title='bbox 455 2453 564 2494; x_wconf 88' lang='lat' dir='ltr'>ipsum</span> <span class='ocrx_word' id='word_1_239' title='bbox 587 2459 639 2484; x_wconf 86' lang='lat' dir='ltr'>est</span> <span class='ocrx_word' id='word_1_240' title='bbox 656 2453 745 2494; x_wconf 85' lang='lat' dir='ltr'>quod</span> <span class='ocrx_word' id='word_1_241' title='bbox 759 2454 904 2494; x_wconf 75' lang='lat' dir='ltr'>plangere</span> <span class='ocrx_word' id='word_1_242' title='bbox 920 2454 967 2484; x_wconf 92' lang='lat' dir='ltr'>di-</span> 
     </span>
     <span class='ocr_line' id='line_1_46' title="bbox 273 2503 967 2545; baseline -0.003 -8"><span class='ocrx_word' id='word_1_243' title='bbox 273 2506 409 2537; x_wconf 87' lang='lat' dir='ltr'>cebant.</span> <span class='ocrx_word' id='word_1_244' title='bbox 453 2505 561 2535; x_wconf 87' lang='lat' dir='ltr'>Erant</span> <span class='ocrx_word' id='word_1_245' title='bbox 585 2513 665 2534; x_wconf 83' lang='lat' dir='ltr'>vero</span> <span class='ocrx_word' id='word_1_246' title='bbox 682 2503 848 2544; x_wconf 79' lang='lat' dir='ltr'>Praeficae,</span> <span class='ocrx_word' id='word_1_247' title='bbox 864 2509 967 2545; x_wconf 84' lang='lat' dir='ltr'>atque</span> 
     </span>
     <span class='ocr_line' id='line_1_47' title="bbox 270 2555 968 2596; baseline -0.001 -9"><span class='ocrx_word' id='word_1_248' title='bbox 270 2556 327 2587; x_wconf 87' lang='lat' dir='ltr'>alii</span> <span class='ocrx_word' id='word_1_249' title='bbox 355 2556 411 2596; x_wconf 92' lang='lat' dir='ltr'>qui</span> <span class='ocrx_word' id='word_1_250' title='bbox 449 2555 580 2586; x_wconf 85' lang='lat' dir='ltr'>modum</span> <span class='ocrx_word' id='word_1_251' title='bbox 616 2555 799 2594; x_wconf 78' lang='lat' dir='ltr'>plangendi</span> <span class='ocrx_word' id='word_1_252' title='bbox 834 2556 968 2586; x_wconf 87' lang='lat' dir='ltr'>caeteris</span> 
     </span>
     <span class='ocr_line' id='line_1_48' title="bbox 273 2606 969 2647; baseline -0.001 -10"><span class='ocrx_word' id='word_1_253' title='bbox 273 2607 413 2638; x_wconf 89' lang='lat' dir='ltr'>dabant.</span> <span class='ocrx_word' id='word_1_254' title='bbox 457 2607 466 2622; x_wconf 88' lang='lat'>‘</span> <span class='ocrx_word' id='word_1_255' title='bbox 485 2606 533 2636; x_wconf 86' lang='lat' dir='ltr'>Ut</span> <span class='ocrx_word' id='word_1_256' title='bbox 560 2606 617 2646; x_wconf 87' lang='lat' dir='ltr'>qui</span> <span class='ocrx_word' id='word_1_257' title='bbox 647 2606 807 2637; x_wconf 84' lang='lat' dir='ltr'>conducti</span> <span class='ocrx_word' id='word_1_258' title='bbox 836 2607 969 2647; x_wconf 85' lang='lat' dir='ltr'>plorant</span> 
     </span>
     <span class='ocr_line' id='line_1_49' title="bbox 274 2655 968 2697; baseline -0.003 -9"><span class='ocrx_word' id='word_1_259' title='bbox 274 2658 307 2692; x_wconf 89' lang='lat' dir='ltr'>in</span> <span class='ocrx_word' id='word_1_260' title='bbox 333 2657 463 2697; x_wconf 86' lang='lat' dir='ltr'>funere,</span> <span class='ocrx_word' id='word_1_261' title='bbox 492 2656 623 2694; x_wconf 88' lang='lat' dir='ltr'>dicunt,</span> <span class='ocrx_word' id='word_1_262' title='bbox 653 2657 696 2686; x_wconf 78' lang='lat' dir='ltr'>Et</span> <span class='ocrx_word' id='word_1_263' title='bbox 713 2655 845 2687; x_wconf 84' lang='lat' dir='ltr'>faciunt</span> <span class='ocrx_word' id='word_1_264' title='bbox 862 2665 968 2696; x_wconf 90' lang='lat' dir='ltr'>prope</span> 
     </span>
     <span class='ocr_line' id='line_1_50' title="bbox 275 2706 841 2748; baseline -0.002 -11"><span class='ocrx_word' id='word_1_265' title='bbox 275 2708 372 2748; x_wconf 86' lang='lat' dir='ltr'>plura</span> <span class='ocrx_word' id='word_1_266' title='bbox 388 2706 604 2739; x_wconf 77' lang='lat' dir='ltr'>dolmnibus,&#39;</span> <span class='ocrx_word' id='word_1_267' title='bbox 620 2708 683 2737; x_wconf 56' lang='lat' dir='ltr'>&amp;ta</span> <span class='ocrx_word' id='word_1_268' title='bbox 709 2706 841 2736; x_wconf 75' lang='lat' dir='ltr'>Herald.</span> 
     </span>
    </p>
   </div>
   <div class='ocr_carea' id='block_1_3' title="bbox 316 2761 332 2770">
    <p class='ocr_par' dir='ltr' id='par_1_9' title="bbox 316 2761 332 2770">
     <span class='ocr_line' id='line_1_51' title="bbox 316 2761 332 2770; baseline 0 -2"><span class='ocrx_word' id='word_1_269' title='bbox 316 2761 332 2770; x_wconf 69' lang='grc' dir='ltr'>μ,</span> 
     </span>
    </p>
   </div>
   <div class='ocr_carea' id='block_1_4' title="bbox 319 2756 968 2797">
    <p class='ocr_par' dir='ltr' id='par_1_10' title="bbox 319 2756 968 2797">
     <span class='ocr_line' id='line_1_52' title="bbox 319 2756 968 2797; baseline -0.003 -9"><span class='ocrx_word' id='word_1_270' title='bbox 319 2773 327 2787; x_wconf 71' lang='grc' dir='ltr'><strong><em>ι</em></strong></span> <span class='ocrx_word' id='word_1_271' title='bbox 364 2757 470 2797; x_wconf 74' lang='lat' dir='ltr'>Vicat]</span> <span class='ocrx_word' id='word_1_272' title='bbox 497 2757 537 2788; x_wconf 90' lang='lat' dir='ltr'>ln</span> <span class='ocrx_word' id='word_1_273' title='bbox 550 2757 642 2787; x_wconf 79' lang='lat' dir='ltr'>avari</span> <span class='ocrx_word' id='word_1_274' title='bbox 658 2758 737 2787; x_wconf 67' lang='lat' dir='ltr'>Selii</span> <span class='ocrx_word' id='word_1_275' title='bbox 754 2756 968 2797; x_wconf 76' lang='lat' dir='ltr'>impendium.</span> 
     </span>
    </p>
   </div>
   <div class='ocr_carea' id='block_1_5' title="bbox 707 191 1232 222">
    <p class='ocr_par' dir='ltr' id='par_1_11' title="bbox 707 191 1232 222">
     <span class='ocr_line' id='line_1_53' title="bbox 707 191 1232 222; baseline -0.008 0"><span class='ocrx_word' id='word_1_276' title='bbox 707 192 847 222; x_wconf 82' lang='lat' dir='ltr'><strong>NOTAE</strong></span> <span class='ocrx_word' id='word_1_277' title='bbox 884 191 1147 221; x_wconf 49' lang='lat' dir='ltr'>vsiRtoRUM</span> <span class='ocrx_word' id='word_1_278' title='bbox 1185 191 1232 219; x_wconf 64' lang='lat' dir='ltr'>IN</span> 
     </span>
    </p>
   </div>
   <div class='ocr_carea' id='block_1_6' title="bbox 997 280 1718 2793">
    <p class='ocr_par' dir='ltr' id='par_1_12' title="bbox 997 280 1706 466">
     <span class='ocr_line' id='line_1_54' title="bbox 1040 280 1702 323; baseline -0.008 -7"><span class='ocrx_word' id='word_1_279' title='bbox 1040 290 1058 315; x_wconf 73' lang='lat' dir='ltr'>S</span> <span class='ocrx_word' id='word_1_280' title='bbox 1083 286 1293 323; x_wconf 67' lang='lat' dir='ltr'>Surcinoeque,</span> <span class='ocrx_word' id='word_1_281' title='bbox 1307 282 1460 322; x_wconf 80' lang='lat' dir='ltr'>servique]</span> <span class='ocrx_word' id='word_1_282' title='bbox 1484 280 1594 321; x_wconf 80' lang='lat' dir='ltr'>Opus,</span> <span class='ocrx_word' id='word_1_283' title='bbox 1609 290 1702 311; x_wconf 86' lang='lat' dir='ltr'>num-</span> 
     </span>
     <span class='ocr_line' id='line_1_55' title="bbox 997 331 1706 375; baseline -0.007 -10"><span class='ocrx_word' id='word_1_284' title='bbox 997 336 1053 371; x_wconf 78' lang='lat' dir='ltr'>mi,</span> <span class='ocrx_word' id='word_1_285' title='bbox 1091 337 1098 351; x_wconf 78' lang='lat'><em>¹</em></span> <span class='ocrx_word' id='word_1_286' title='bbox 1118 345 1191 375; x_wconf 62' lang='lat' dir='ltr'>quae</span> <span class='ocrx_word' id='word_1_287' title='bbox 1243 333 1370 373; x_wconf 61' lang='lat' dir='ltr'>majore</span> <span class='ocrx_word' id='word_1_288' title='bbox 1410 331 1527 361; x_wconf 85' lang='lat' dir='ltr'>domus</span> <span class='ocrx_word' id='word_1_289' title='bbox 1565 331 1706 370; x_wconf 86' lang='lat' dir='ltr'>gemitu,</span> 
     </span>
     <span class='ocr_line' id='line_1_56' title="bbox 998 382 1702 426; baseline -0.007 -10"><span class='ocrx_word' id='word_1_290' title='bbox 998 386 1125 426; x_wconf 83' lang='lat' dir='ltr'>majore</span> <span class='ocrx_word' id='word_1_291' title='bbox 1168 385 1316 415; x_wconf 87' lang='lat' dir='ltr'>tumultu</span> <span class='ocrx_word' id='word_1_292' title='bbox 1359 382 1574 422; x_wconf 82' lang='lat' dir='ltr'>Planguntur</span> <span class='ocrx_word' id='word_1_293' title='bbox 1605 391 1702 422; x_wconf 90' lang='lat' dir='ltr'>quam</span> 
     </span>
     <span class='ocr_line' id='line_1_57' title="bbox 1003 435 1143 466; baseline -0.007 -1"><span class='ocrx_word' id='word_1_294' title='bbox 1003 435 1143 466; x_wconf 71' lang='lat' dir='ltr'>funera.y</span> 
     </span>
    </p>

    <p class='ocr_par' dir='ltr' id='par_1_13' title="bbox 998 480 1704 576">
     <span class='ocr_line' id='line_1_58' title="bbox 1041 480 1702 523; baseline -0.009 -7"><span class='ocrx_word' id='word_1_295' title='bbox 1041 495 1061 523; x_wconf 87' lang='lat'>9</span> <span class='ocrx_word' id='word_1_296' title='bbox 1077 485 1166 517; x_wconf 83' lang='lat' dir='ltr'>Nihil</span> <span class='ocrx_word' id='word_1_297' title='bbox 1182 485 1317 522; x_wconf 82' lang='lat' dir='ltr'>colonus,</span> <span class='ocrx_word' id='word_1_298' title='bbox 1331 483 1398 522; x_wconf 52' lang='grc' dir='ltr'>δῖα]</span> <span class='ocrx_word' id='word_1_299' title='bbox 1414 481 1506 512; x_wconf 78' lang='lat' dir='ltr'>Nihil</span> <span class='ocrx_word' id='word_1_300' title='bbox 1518 481 1550 511; x_wconf 91' lang='lat' dir='ltr'>in</span> <span class='ocrx_word' id='word_1_301' title='bbox 1565 480 1702 521; x_wconf 81' lang='lat' dir='ltr'>agr0‚in</span> 
     </span>
     <span class='ocr_line' id='line_1_59' title="bbox 998 531 1704 576; baseline -0.008 -10"><span class='ocrx_word' id='word_1_302' title='bbox 998 535 1135 576; x_wconf 86' lang='lat' dir='ltr'>praediis</span> <span class='ocrx_word' id='word_1_303' title='bbox 1145 534 1277 565; x_wconf 87' lang='lat' dir='ltr'>etvillis</span> <span class='ocrx_word' id='word_1_304' title='bbox 1287 532 1455 573; x_wconf 87' lang='lat' dir='ltr'>perditum</span> <span class='ocrx_word' id='word_1_305' title='bbox 1469 535 1526 562; x_wconf 90' lang='lat' dir='ltr'>aut</span> <span class='ocrx_word' id='word_1_306' title='bbox 1534 531 1704 561; x_wconf 86' lang='lat' dir='ltr'>amissum.</span> 
     </span>
    </p>

    <p class='ocr_par' dir='ltr' id='par_1_14' title="bbox 1000 580 1708 928">
     <span class='ocr_line' id='line_1_60' title="bbox 1041 580 1706 623; baseline -0.008 -7"><span class='ocrx_word' id='word_1_307' title='bbox 1041 586 1147 616; x_wconf 73' lang='lat' dir='ltr'>Epic„</span> <span class='ocrx_word' id='word_1_308' title='bbox 1161 593 1228 615; x_wconf 78' lang='lat' dir='ltr'>xil.</span> <span class='ocrx_word' id='word_1_309' title='bbox 1242 588 1258 615; x_wconf 94' lang='grc'>1</span> <span class='ocrx_word' id='word_1_310' title='bbox 1274 584 1350 614; x_wconf 76' lang='lat' dir='ltr'>Esse</span> <span class='ocrx_word' id='word_1_311' title='bbox 1361 582 1435 623; x_wconf 83' lang='lat' dir='ltr'>quid</span> <span class='ocrx_word' id='word_1_312' title='bbox 1447 582 1502 612; x_wconf 83' lang='lat' dir='ltr'>hoc</span> <span class='ocrx_word' id='word_1_313' title='bbox 1510 581 1623 619; x_wconf 78' lang='lat' dir='ltr'>dicam,</span> <span class='ocrx_word' id='word_1_314' title='bbox 1635 580 1706 620; x_wconf 56' lang='lat' dir='ltr'>dra]</span> 
     </span>
     <span class='ocr_line' id='line_1_61' title="bbox 1000 632 1703 672; baseline -0.01 -5"><span class='ocrx_word' id='word_1_315' title='bbox 1000 636 1132 667; x_wconf 83' lang='lat' dir='ltr'>Animae</span> <span class='ocrx_word' id='word_1_316' title='bbox 1167 635 1324 666; x_wconf 85' lang='lat' dir='ltr'>foetorem</span> <span class='ocrx_word' id='word_1_317' title='bbox 1352 639 1387 664; x_wconf 89' lang='lat' dir='ltr'>et</span> <span class='ocrx_word' id='word_1_318' title='bbox 1415 633 1479 663; x_wconf 83' lang='lat' dir='ltr'>oris</span> <span class='ocrx_word' id='word_1_319' title='bbox 1506 632 1703 672; x_wconf 83' lang='lat' dir='ltr'>spurcitiem</span> 
     </span>
     <span class='ocr_line' id='line_1_62' title="bbox 1001 684 1706 724; baseline -0.01 -4"><span class='ocrx_word' id='word_1_320' title='bbox 1001 689 1212 721; x_wconf 84' lang='lat' dir='ltr'>dissimulare</span> <span class='ocrx_word' id='word_1_321' title='bbox 1225 687 1331 718; x_wconf 90' lang='lat' dir='ltr'>voluit</span> <span class='ocrx_word' id='word_1_322' title='bbox 1346 686 1563 724; x_wconf 68' lang='lat' dir='ltr'>Posfflumus,</span> <span class='ocrx_word' id='word_1_323' title='bbox 1575 684 1706 724; x_wconf 89' lang='lat' dir='ltr'>diapas-</span> 
     </span>
     <span class='ocr_line' id='line_1_63' title="bbox 1001 734 1708 778; baseline -0.004 -9"><span class='ocrx_word' id='word_1_324' title='bbox 1001 744 1128 769; x_wconf 87' lang='lat' dir='ltr'>matum</span> <span class='ocrx_word' id='word_1_325' title='bbox 1145 743 1180 769; x_wconf 87' lang='lat' dir='ltr'>et</span> <span class='ocrx_word' id='word_1_326' title='bbox 1195 742 1445 778; x_wconf 84' lang='lat' dir='ltr'>unguentorum</span> <span class='ocrx_word' id='word_1_327' title='bbox 1458 736 1568 767; x_wconf 88' lang='lat' dir='ltr'>accito</span> <span class='ocrx_word' id='word_1_328' title='bbox 1583 734 1708 766; x_wconf 87' lang='lat' dir='ltr'>odore:</span> 
     </span>
     <span class='ocr_line' id='line_1_64' title="bbox 1002 786 1707 827; baseline -0.006 -7"><span class='ocrx_word' id='word_1_329' title='bbox 1002 789 1063 820; x_wconf 88' lang='lat' dir='ltr'>sub</span> <span class='ocrx_word' id='word_1_330' title='bbox 1090 789 1225 819; x_wconf 89' lang='lat' dir='ltr'>assiduo</span> <span class='ocrx_word' id='word_1_331' title='bbox 1250 787 1444 827; x_wconf 80' lang='lat' dir='ltr'>hujusmodi</span> <span class='ocrx_word' id='word_1_332' title='bbox 1471 786 1573 817; x_wconf 87' lang='lat' dir='ltr'>odore</span> <span class='ocrx_word' id='word_1_333' title='bbox 1600 787 1707 826; x_wconf 83' lang='lat' dir='ltr'>suspi-</span> 
     </span>
     <span class='ocr_line' id='line_1_65' title="bbox 1003 836 1706 875; baseline -0.006 -6"><span class='ocrx_word' id='word_1_334' title='bbox 1003 843 1097 869; x_wconf 82' lang='lat' dir='ltr'>catur</span> <span class='ocrx_word' id='word_1_335' title='bbox 1122 838 1233 869; x_wconf 68' lang='lat' dir='ltr'>Poeta</span> <span class='ocrx_word' id='word_1_336' title='bbox 1254 838 1362 868; x_wconf 85' lang='lat' dir='ltr'>latere</span> <span class='ocrx_word' id='word_1_337' title='bbox 1393 837 1500 875; x_wconf 84' lang='lat' dir='ltr'>ulcus,</span> <span class='ocrx_word' id='word_1_338' title='bbox 1530 836 1706 874; x_wconf 86' lang='lat' dir='ltr'>vomicam,</span> 
     </span>
     <span class='ocr_line' id='line_1_66' title="bbox 1003 886 1707 928; baseline -0.003 -8"><span class='ocrx_word' id='word_1_339' title='bbox 1003 894 1062 920; x_wconf 83' lang='lat' dir='ltr'>aut</span> <span class='ocrx_word' id='word_1_340' title='bbox 1078 888 1199 918; x_wconf 82' lang='lat' dir='ltr'>tetrius</span> <span class='ocrx_word' id='word_1_341' title='bbox 1215 887 1402 928; x_wconf 85' lang='lat' dir='ltr'>quippiam.</span> <span class='ocrx_word' id='word_1_342' title='bbox 1418 896 1522 926; x_wconf 84' lang='lat' dir='ltr'>snpra</span> <span class='ocrx_word' id='word_1_343' title='bbox 1534 886 1641 926; x_wconf 84' lang='lat' dir='ltr'>epigr.</span> <span class='ocrx_word' id='word_1_344' title='bbox 1656 890 1707 918; x_wconf 84' lang='lat'>10.</span> 
     </span>
    </p>

    <p class='ocr_par' dir='ltr' id='par_1_15' title="bbox 1005 935 1711 1284">
     <span class='ocr_line' id='line_1_67' title="bbox 1046 935 1710 976; baseline -0.005 -7"><span class='ocrx_word' id='word_1_345' title='bbox 1046 941 1065 969; x_wconf 77' lang='lat'>4</span> <span class='ocrx_word' id='word_1_346' title='bbox 1090 939 1163 969; x_wconf 82' lang='lat' dir='ltr'>Non</span> <span class='ocrx_word' id='word_1_347' title='bbox 1193 938 1266 968; x_wconf 78' lang='lat' dir='ltr'>bene</span> <span class='ocrx_word' id='word_1_348' title='bbox 1302 938 1376 975; x_wconf 75' lang='lat' dir='ltr'>olet,</span> <span class='ocrx_word' id='word_1_349' title='bbox 1413 935 1483 976; x_wconf 58' lang='lat' dir='ltr'>‹ij-m]</span> <span class='ocrx_word' id='word_1_350' title='bbox 1511 936 1520 952; x_wconf 90' lang='lat'>‘</span> <span class='ocrx_word' id='word_1_351' title='bbox 1538 935 1710 975; x_wconf 82' lang='lat' dir='ltr'>AEcastor‚</span> 
     </span>
     <span class='ocr_line' id='line_1_68' title="bbox 1005 986 1708 1024; baseline -0.003 -6"><span class='ocrx_word' id='word_1_352' title='bbox 1005 989 1126 1019; x_wconf 81' lang='lat' dir='ltr'>mulier</span> <span class='ocrx_word' id='word_1_353' title='bbox 1164 987 1249 1018; x_wconf 88' lang='lat' dir='ltr'>bene</span> <span class='ocrx_word' id='word_1_354' title='bbox 1283 986 1367 1024; x_wconf 88' lang='lat' dir='ltr'>olet,</span> <span class='ocrx_word' id='word_1_355' title='bbox 1403 986 1460 1017; x_wconf 90' lang='lat' dir='ltr'>ubi</span> <span class='ocrx_word' id='word_1_356' title='bbox 1496 986 1578 1017; x_wconf 89' lang='lat' dir='ltr'>nihil</span> <span class='ocrx_word' id='word_1_357' title='bbox 1615 987 1708 1024; x_wconf 84' lang='lat' dir='ltr'>olet‚’</span> 
     </span>
     <span class='ocr_line' id='line_1_69' title="bbox 1005 1038 1709 1078; baseline -0.001 -8"><span class='ocrx_word' id='word_1_358' title='bbox 1005 1040 1151 1070; x_wconf 86' lang='lat' dir='ltr'>Plautus</span> <span class='ocrx_word' id='word_1_359' title='bbox 1179 1039 1334 1070; x_wconf 85' lang='lat' dir='ltr'>Mostell.</span> <span class='ocrx_word' id='word_1_360' title='bbox 1358 1038 1447 1069; x_wconf 76' lang='lat' dir='ltr'>Vide</span> <span class='ocrx_word' id='word_1_361' title='bbox 1475 1039 1581 1078; x_wconf 80' lang='lat' dir='ltr'>epigr.</span> <span class='ocrx_word' id='word_1_362' title='bbox 1609 1042 1662 1069; x_wconf 85' lang='lat'>55.</span> <span class='ocrx_word' id='word_1_363' title='bbox 1689 1039 1709 1069; x_wconf 89' lang='lat' dir='ltr'>l.</span> 
     </span>
     <span class='ocr_line' id='line_1_70' title="bbox 1006 1089 1709 1123; baseline -0.004 0"><span class='ocrx_word' id='word_1_364' title='bbox 1006 1095 1037 1123; x_wconf 83' lang='lat'>6.</span> <span class='ocrx_word' id='word_1_365' title='bbox 1084 1093 1190 1123; x_wconf 85' lang='lat' dir='ltr'>Lusus</span> <span class='ocrx_word' id='word_1_366' title='bbox 1206 1097 1258 1122; x_wconf 90' lang='lat' dir='ltr'>est</span> <span class='ocrx_word' id='word_1_367' title='bbox 1283 1091 1316 1121; x_wconf 88' lang='lat' dir='ltr'>in</span> <span class='ocrx_word' id='word_1_368' title='bbox 1333 1091 1437 1121; x_wconf 89' lang='lat' dir='ltr'>verbo</span> <span class='ocrx_word' id='word_1_369' title='bbox 1460 1092 1468 1107; x_wconf 92' lang='lat'>‘</span> <span class='ocrx_word' id='word_1_370' title='bbox 1483 1090 1567 1121; x_wconf 87' lang='lat' dir='ltr'>bene</span> <span class='ocrx_word' id='word_1_371' title='bbox 1584 1091 1673 1120; x_wconf 89' lang='lat' dir='ltr'>olere</span> <span class='ocrx_word' id='word_1_372' title='bbox 1687 1089 1709 1120; x_wconf 83' lang='lat'>:⁷</span> 
     </span>
     <span class='ocr_line' id='line_1_71' title="bbox 1008 1140 1711 1183; baseline -0.006 -10"><span class='ocrx_word' id='word_1_373' title='bbox 1008 1143 1109 1183; x_wconf 85' lang='lat' dir='ltr'>priori</span> <span class='ocrx_word' id='word_1_374' title='bbox 1136 1143 1209 1173; x_wconf 91' lang='lat' dir='ltr'>loco</span> <span class='ocrx_word' id='word_1_375' title='bbox 1233 1142 1242 1158; x_wconf 91' lang='lat'>‘</span> <span class='ocrx_word' id='word_1_376' title='bbox 1258 1141 1345 1172; x_wconf 90' lang='lat' dir='ltr'>bene</span> <span class='ocrx_word' id='word_1_377' title='bbox 1368 1140 1473 1171; x_wconf 88' lang='lat' dir='ltr'>olere’</span> <span class='ocrx_word' id='word_1_378' title='bbox 1498 1149 1540 1170; x_wconf 76' lang='lat' dir='ltr'>ex</span> <span class='ocrx_word' id='word_1_379' title='bbox 1559 1150 1593 1170; x_wconf 87' lang='lat' dir='ltr'>se</span> <span class='ocrx_word' id='word_1_380' title='bbox 1609 1140 1711 1179; x_wconf 86' lang='lat' dir='ltr'>signi-</span> 
     </span>
     <span class='ocr_line' id='line_1_72' title="bbox 1007 1190 1708 1234; baseline -0.003 -10"><span class='ocrx_word' id='word_1_381' title='bbox 1007 1193 1099 1231; x_wconf 85' lang='lat' dir='ltr'>ficat,</span> <span class='ocrx_word' id='word_1_382' title='bbox 1124 1192 1305 1234; x_wconf 87' lang='lat' dir='ltr'>posteriori</span> <span class='ocrx_word' id='word_1_383' title='bbox 1328 1191 1438 1222; x_wconf 89' lang='lat' dir='ltr'>‘bene</span> <span class='ocrx_word' id='word_1_384' title='bbox 1465 1190 1570 1222; x_wconf 87' lang='lat' dir='ltr'>olere’</span> <span class='ocrx_word' id='word_1_385' title='bbox 1598 1200 1639 1220; x_wconf 85' lang='lat' dir='ltr'>ex</span> <span class='ocrx_word' id='word_1_386' title='bbox 1656 1200 1708 1222; x_wconf 81' lang='lat' dir='ltr'>ac-</span> 
     </span>
     <span class='ocr_line' id='line_1_73' title="bbox 1007 1242 1335 1284; baseline -0.003 -10"><span class='ocrx_word' id='word_1_387' title='bbox 1007 1244 1139 1284; x_wconf 84' lang='lat' dir='ltr'>quisitis</span> <span class='ocrx_word' id='word_1_388' title='bbox 1156 1242 1335 1273; x_wconf 88' lang='lat' dir='ltr'>odoribus.</span> 
     </span>
    </p>

    <p class='ocr_par' dir='ltr' id='par_1_16' title="bbox 1010 1292 1714 1679">
     <span class='ocr_line' id='line_1_74' title="bbox 1053 1292 1712 1332; baseline -0.005 -7"><span class='ocrx_word' id='word_1_389' title='bbox 1053 1295 1156 1325; x_wconf 74' lang='lat' dir='ltr'>Epio.</span> <span class='ocrx_word' id='word_1_390' title='bbox 1186 1302 1268 1325; x_wconf 80' lang='lat' dir='ltr'>xm.</span> <span class='ocrx_word' id='word_1_391' title='bbox 1296 1296 1311 1324; x_wconf 93' lang='grc'>1</span> <span class='ocrx_word' id='word_1_392' title='bbox 1339 1294 1382 1324; x_wconf 87' lang='lat' dir='ltr'>Et</span> <span class='ocrx_word' id='word_1_393' title='bbox 1402 1293 1503 1331; x_wconf 74' lang='lat' dir='ltr'>judex</span> <span class='ocrx_word' id='word_1_394' title='bbox 1525 1292 1618 1332; x_wconf 75' lang='lat' dir='ltr'>petit,</span> <span class='ocrx_word' id='word_1_395' title='bbox 1642 1292 1712 1332; x_wconf 60' lang='grc' dir='ltr'>ἱγικ]</span> 
     </span>
     <span class='ocr_line' id='line_1_75' title="bbox 1010 1343 1709 1383; baseline -0.001 -8"><span class='ocrx_word' id='word_1_396' title='bbox 1010 1344 1159 1375; x_wconf 83' lang='lat' dir='ltr'>Praestat</span> <span class='ocrx_word' id='word_1_397' title='bbox 1171 1343 1299 1383; x_wconf 82' lang='lat' dir='ltr'>absque</span> <span class='ocrx_word' id='word_1_398' title='bbox 1310 1343 1369 1374; x_wconf 91' lang='lat' dir='ltr'>lite</span> <span class='ocrx_word' id='word_1_399' title='bbox 1383 1343 1545 1374; x_wconf 86' lang='lat' dir='ltr'>creditori</span> <span class='ocrx_word' id='word_1_400' title='bbox 1562 1344 1709 1381; x_wconf 88' lang='lat' dir='ltr'>solvere,</span> 
     </span>
     <span class='ocr_line' id='line_1_76' title="bbox 1010 1394 1710 1436; baseline -0.003 -8"><span class='ocrx_word' id='word_1_401' title='bbox 1010 1407 1053 1428; x_wconf 89' lang='lat' dir='ltr'>ne</span> <span class='ocrx_word' id='word_1_402' title='bbox 1060 1406 1161 1428; x_wconf 87' lang='lat' dir='ltr'>unum</span> <span class='ocrx_word' id='word_1_403' title='bbox 1173 1394 1426 1436; x_wconf 82' lang='lat' dir='ltr'>subterfugiens</span> <span class='ocrx_word' id='word_1_404' title='bbox 1436 1397 1469 1426; x_wconf 91' lang='lat' dir='ltr'>in</span> <span class='ocrx_word' id='word_1_405' title='bbox 1484 1401 1552 1426; x_wconf 83' lang='lat' dir='ltr'>tres</span> <span class='ocrx_word' id='word_1_406' title='bbox 1563 1395 1710 1426; x_wconf 86' lang='lat' dir='ltr'>incidas:</span> 
     </span>
     <span class='ocr_line' id='line_1_77' title="bbox 1012 1445 1712 1488; baseline -0.006 -9"><span class='ocrx_word' id='word_1_407' title='bbox 1012 1457 1156 1488; x_wconf 86' lang='lat' dir='ltr'>namque</span> <span class='ocrx_word' id='word_1_408' title='bbox 1186 1456 1326 1478; x_wconf 87' lang='lat' dir='ltr'>munere</span> <span class='ocrx_word' id='word_1_409' title='bbox 1360 1446 1548 1486; x_wconf 87' lang='lat' dir='ltr'>palpandus</span> <span class='ocrx_word' id='word_1_410' title='bbox 1589 1445 1712 1485; x_wconf 77' lang='lat' dir='ltr'>judex,</span> 
     </span>
     <span class='ocr_line' id='line_1_78' title="bbox 1011 1495 1713 1540; baseline -0.004 -11"><span class='ocrx_word' id='word_1_411' title='bbox 1011 1499 1130 1540; x_wconf 81' lang='lat' dir='ltr'>(atque</span> <span class='ocrx_word' id='word_1_412' title='bbox 1147 1497 1260 1529; x_wconf 87' lang='lat' dir='ltr'>obiter</span> <span class='ocrx_word' id='word_1_413' title='bbox 1276 1501 1441 1536; x_wconf 88' lang='lat' dir='ltr'>corrupta</span> <span class='ocrx_word' id='word_1_414' title='bbox 1458 1502 1552 1526; x_wconf 82' lang='lat' dir='ltr'>taxat</span> <span class='ocrx_word' id='word_1_415' title='bbox 1564 1495 1713 1535; x_wconf 83' lang='lat' dir='ltr'>judicia)</span> 
     </span>
     <span class='ocr_line' id='line_1_79' title="bbox 1012 1546 1714 1587; baseline -0.006 -8"><span class='ocrx_word' id='word_1_416' title='bbox 1012 1558 1132 1579; x_wconf 88' lang='lat' dir='ltr'>munus</span> <span class='ocrx_word' id='word_1_417' title='bbox 1156 1547 1248 1578; x_wconf 82' lang='lat' dir='ltr'>aliud</span> <span class='ocrx_word' id='word_1_418' title='bbox 1272 1547 1333 1577; x_wconf 88' lang='lat' dir='ltr'>tibi</span> <span class='ocrx_word' id='word_1_419' title='bbox 1363 1546 1580 1587; x_wconf 69' lang='lat' dir='ltr'>extorquebit</span> <span class='ocrx_word' id='word_1_420' title='bbox 1602 1552 1714 1586; x_wconf 79' lang='lat' dir='ltr'>patro-</span> 
     </span>
     <span class='ocr_line' id='line_1_80' title="bbox 1013 1596 1713 1637; baseline 0 -10"><span class='ocrx_word' id='word_1_421' title='bbox 1013 1607 1087 1637; x_wconf 81' lang='lat' dir='ltr'>nus,</span> <span class='ocrx_word' id='word_1_422' title='bbox 1116 1602 1151 1628; x_wconf 86' lang='lat' dir='ltr'>et</span> <span class='ocrx_word' id='word_1_423' title='bbox 1183 1596 1345 1627; x_wconf 84' lang='lat' dir='ltr'>creditori</span> <span class='ocrx_word' id='word_1_424' title='bbox 1374 1596 1510 1627; x_wconf 87' lang='lat' dir='ltr'>tandem</span> <span class='ocrx_word' id='word_1_425' title='bbox 1525 1606 1565 1626; x_wconf 77' lang='lat' dir='ltr'>ex</span> <span class='ocrx_word' id='word_1_426' title='bbox 1590 1596 1664 1636; x_wconf 80' lang='lat' dir='ltr'>lege</span> <span class='ocrx_word' id='word_1_427' title='bbox 1678 1601 1713 1627; x_wconf 82' lang='lat' dir='ltr'>et</span> 
     </span>
     <span class='ocr_line' id='line_1_81' title="bbox 1013 1646 1479 1679; baseline -0.006 0"><span class='ocrx_word' id='word_1_428' title='bbox 1013 1648 1185 1679; x_wconf 82' lang='lat' dir='ltr'>sententia</span> <span class='ocrx_word' id='word_1_429' title='bbox 1200 1646 1399 1678; x_wconf 84' lang='lat' dir='ltr'>solvendum</span> <span class='ocrx_word' id='word_1_430' title='bbox 1417 1651 1479 1677; x_wconf 85' lang='lat' dir='ltr'>est.</span> 
     </span>
    </p>

    <p class='ocr_par' dir='ltr' id='par_1_17' title="bbox 1013 1696 1718 2081">
     <span class='ocr_line' id='line_1_82' title="bbox 1056 1696 1715 1736; baseline -0.006 -6"><span class='ocrx_word' id='word_1_431' title='bbox 1056 1701 1160 1730; x_wconf 70' lang='lat' dir='ltr'>Eme.</span> <span class='ocrx_word' id='word_1_432' title='bbox 1193 1708 1270 1730; x_wconf 74' lang='lat' dir='ltr'>xiv.</span> <span class='ocrx_word' id='word_1_433' title='bbox 1307 1701 1323 1729; x_wconf 92' lang='lat' dir='ltr'>l</span> <span class='ocrx_word' id='word_1_434' title='bbox 1349 1699 1407 1729; x_wconf 83' lang='lat' dir='ltr'>Nil</span> <span class='ocrx_word' id='word_1_435' title='bbox 1430 1698 1630 1735; x_wconf 76' lang='lat' dir='ltr'>intentatum,</span> <span class='ocrx_word' id='word_1_436' title='bbox 1645 1696 1715 1736; x_wconf 61' lang='lat' dir='ltr'>Bm]</span> 
     </span>
     <span class='ocr_line' id='line_1_83' title="bbox 1014 1747 1714 1790; baseline -0.006 -9"><span class='ocrx_word' id='word_1_437' title='bbox 1014 1750 1119 1781; x_wconf 86' lang='lat' dir='ltr'>Modo</span> <span class='ocrx_word' id='word_1_438' title='bbox 1136 1750 1335 1790; x_wconf 81' lang='lat' dir='ltr'>epigramm.</span> <span class='ocrx_word' id='word_1_439' title='bbox 1352 1752 1403 1781; x_wconf 84' lang='lat'>11.</span> <span class='ocrx_word' id='word_1_440' title='bbox 1437 1747 1612 1779; x_wconf 83' lang='lat' dir='ltr'>Describit</span> <span class='ocrx_word' id='word_1_441' title='bbox 1628 1748 1714 1778; x_wconf 87' lang='lat' dir='ltr'>Pau-</span> 
     </span>
     <span class='ocr_line' id='line_1_84' title="bbox 1016 1798 1718 1839; baseline -0.004 -8"><span class='ocrx_word' id='word_1_442' title='bbox 1016 1801 1097 1839; x_wconf 92' lang='lat' dir='ltr'>lino,</span> <span class='ocrx_word' id='word_1_443' title='bbox 1111 1800 1193 1831; x_wconf 87' lang='lat' dir='ltr'>Selii</span> <span class='ocrx_word' id='word_1_444' title='bbox 1208 1800 1387 1839; x_wconf 81' lang='lat' dir='ltr'>coenipetae</span> <span class='ocrx_word' id='word_1_445' title='bbox 1400 1807 1562 1830; x_wconf 87' lang='lat' dir='ltr'>summam</span> <span class='ocrx_word' id='word_1_446' title='bbox 1578 1798 1609 1828; x_wconf 88' lang='lat' dir='ltr'>in</span> <span class='ocrx_word' id='word_1_447' title='bbox 1628 1807 1718 1838; x_wconf 85' lang='lat' dir='ltr'>quae·</span> 
     </span>
     <span class='ocr_line' id='line_1_85' title="bbox 1016 1848 1713 1888; baseline -0.003 -8"><span class='ocrx_word' id='word_1_448' title='bbox 1016 1851 1127 1881; x_wconf 88' lang='lat' dir='ltr'>rendis</span> <span class='ocrx_word' id='word_1_449' title='bbox 1159 1849 1391 1880; x_wconf 83' lang='lat' dir='ltr'>vocationibus</span> <span class='ocrx_word' id='word_1_450' title='bbox 1427 1848 1652 1888; x_wconf 81' lang='lat' dir='ltr'>diligentiam,</span> <span class='ocrx_word' id='word_1_451' title='bbox 1677 1853 1713 1878; x_wconf 83' lang='lat' dir='ltr'>et</span> 
     </span>
     <span class='ocr_line' id='line_1_86' title="bbox 1016 1898 1714 1934; baseline -0.004 -3"><span class='ocrx_word' id='word_1_452' title='bbox 1016 1900 1205 1931; x_wconf 84' lang='lat' dir='ltr'>celebriora</span> <span class='ocrx_word' id='word_1_453' title='bbox 1236 1899 1327 1929; x_wconf 90' lang='lat' dir='ltr'>urbis</span> <span class='ocrx_word' id='word_1_454' title='bbox 1358 1899 1435 1929; x_wconf 83' lang='lat' dir='ltr'>loca</span> <span class='ocrx_word' id='word_1_455' title='bbox 1464 1898 1628 1934; x_wconf 86' lang='lat' dir='ltr'>nominat,</span> <span class='ocrx_word' id='word_1_456' title='bbox 1656 1899 1714 1929; x_wconf 89' lang='lat' dir='ltr'>ubi</span> 
     </span>
     <span class='ocr_line' id='line_1_87' title="bbox 1013 1946 1715 1982; baseline -0.003 -2"><span class='ocrx_word' id='word_1_457' title='bbox 1013 1950 1178 1982; x_wconf 78' lang='lat' dir='ltr'>maximus</span> <span class='ocrx_word' id='word_1_458' title='bbox 1196 1946 1319 1980; x_wconf 79' lang='lat' dir='ltr'>civium</span> <span class='ocrx_word' id='word_1_459' title='bbox 1335 1958 1519 1980; x_wconf 85' lang='lat' dir='ltr'>concursus</span> <span class='ocrx_word' id='word_1_460' title='bbox 1535 1947 1608 1978; x_wconf 87' lang='lat' dir='ltr'>fieri</span> <span class='ocrx_word' id='word_1_461' title='bbox 1631 1949 1715 1979; x_wconf 85' lang='lat' dir='ltr'>sole·</span> 
     </span>
     <span class='ocr_line' id='line_1_88' title="bbox 1016 1998 1715 2038; baseline -0.003 -8"><span class='ocrx_word' id='word_1_462' title='bbox 1016 2000 1086 2038; x_wconf 84' lang='lat' dir='ltr'>bat,</span> <span class='ocrx_word' id='word_1_463' title='bbox 1100 2005 1137 2029; x_wconf 84' lang='lat' dir='ltr'>ut</span> <span class='ocrx_word' id='word_1_464' title='bbox 1155 1999 1232 2030; x_wconf 84' lang='lat' dir='ltr'>inde</span> <span class='ocrx_word' id='word_1_465' title='bbox 1256 1999 1509 2029; x_wconf 87' lang='lat' dir='ltr'>convivatorem</span> <span class='ocrx_word' id='word_1_466' title='bbox 1532 1998 1715 2029; x_wconf 77' lang='lat' dir='ltr'>inveniret·</span> 
     </span>
     <span class='ocr_line' id='line_1_89' title="bbox 1018 2051 1176 2081; baseline 0 0"><span class='ocrx_word' id='word_1_467' title='bbox 1018 2051 1176 2081; x_wconf 37' lang='lat' dir='ltr'>Ramiresr</span> 
     </span>
    </p>

    <p class='ocr_par' dir='ltr' id='par_1_18' title="bbox 1015 2100 1717 2485">
     <span class='ocr_line' id='line_1_90' title="bbox 1058 2100 1716 2141; baseline -0.002 -10"><span class='ocrx_word' id='word_1_468' title='bbox 1058 2103 1076 2130; x_wconf 84' lang='lat'><strong>3</strong></span> <span class='ocrx_word' id='word_1_469' title='bbox 1100 2100 1152 2131; x_wconf 70' lang='lat' dir='ltr'>Ad</span> <span class='ocrx_word' id='word_1_470' title='bbox 1180 2101 1341 2141; x_wconf 76' lang='lat' dir='ltr'>Europen]</span> <span class='ocrx_word' id='word_1_471' title='bbox 1364 2100 1418 2130; x_wconf 83' lang='lat' dir='ltr'>Ad</span> <span class='ocrx_word' id='word_1_472' title='bbox 1436 2101 1598 2141; x_wconf 84' lang='lat' dir='ltr'>Campum</span> <span class='ocrx_word' id='word_1_473' title='bbox 1625 2101 1716 2131; x_wconf 87' lang='lat' dir='ltr'>Mar-</span> 
     </span>
     <span class='ocr_line' id='line_1_91' title="bbox 1015 2151 1715 2192; baseline -0.003 -10"><span class='ocrx_word' id='word_1_474' title='bbox 1015 2151 1112 2190; x_wconf 90' lang='lat' dir='ltr'>tium,</span> <span class='ocrx_word' id='word_1_475' title='bbox 1128 2152 1161 2181; x_wconf 89' lang='lat' dir='ltr'>in</span> <span class='ocrx_word' id='word_1_476' title='bbox 1178 2161 1244 2192; x_wconf 90' lang='lat' dir='ltr'>quo</span> <span class='ocrx_word' id='word_1_477' title='bbox 1270 2151 1419 2191; x_wconf 85' lang='lat' dir='ltr'>porticus</span> <span class='ocrx_word' id='word_1_478' title='bbox 1437 2152 1589 2191; x_wconf 83' lang='lat' dir='ltr'>plurimae</span> <span class='ocrx_word' id='word_1_479' title='bbox 1615 2151 1715 2181; x_wconf 86' lang='lat' dir='ltr'>variis</span> 
     </span>
     <span class='ocr_line' id='line_1_92' title="bbox 1016 2202 1716 2242; baseline 0 -10"><span class='ocrx_word' id='word_1_480' title='bbox 1016 2202 1159 2242; x_wconf 87' lang='lat' dir='ltr'>picturis</span> <span class='ocrx_word' id='word_1_481' title='bbox 1186 2202 1346 2242; x_wconf 80' lang='lat' dir='ltr'>insignes,</span> <span class='ocrx_word' id='word_1_482' title='bbox 1361 2206 1396 2232; x_wconf 90' lang='lat' dir='ltr'>et</span> <span class='ocrx_word' id='word_1_483' title='bbox 1412 2202 1445 2232; x_wconf 91' lang='lat' dir='ltr'>in</span> <span class='ocrx_word' id='word_1_484' title='bbox 1462 2202 1510 2232; x_wconf 84' lang='lat' dir='ltr'>bis</span> <span class='ocrx_word' id='word_1_485' title='bbox 1528 2202 1716 2242; x_wconf 79' lang='lat' dir='ltr'>Europae‚a</span> 
     </span>
     <span class='ocr_line' id='line_1_93' title="bbox 1015 2252 1717 2290; baseline -0.004 -6"><span class='ocrx_word' id='word_1_486' title='bbox 1015 2253 1102 2285; x_wconf 87' lang='lat' dir='ltr'>Jove</span> <span class='ocrx_word' id='word_1_487' title='bbox 1119 2257 1215 2282; x_wconf 87' lang='lat' dir='ltr'>tauro</span> <span class='ocrx_word' id='word_1_488' title='bbox 1233 2255 1351 2282; x_wconf 87' lang='lat' dir='ltr'>vectae.</span> <span class='ocrx_word' id='word_1_489' title='bbox 1392 2252 1444 2290; x_wconf 83' lang='lat' dir='ltr'>Te,</span> <span class='ocrx_word' id='word_1_490' title='bbox 1460 2252 1619 2288; x_wconf 74' lang='lat' dir='ltr'>Paicllz‘rze,</span> <span class='ocrx_word' id='word_1_491' title='bbox 1636 2255 1717 2282; x_wconf 80' lang='lat' dir='ltr'>tuos-</span> 
     </span>
     <span class='ocr_line' id='line_1_94' title="bbox 1015 2301 1716 2343; baseline 0 -12"><span class='ocrx_word' id='word_1_492' title='bbox 1015 2302 1088 2342; x_wconf 82' lang='lat' dir='ltr'>que]</span> <span class='ocrx_word' id='word_1_493' title='bbox 1102 2303 1311 2343; x_wconf 73' lang='lat' dir='ltr'>Frequentat</span> <span class='ocrx_word' id='word_1_494' title='bbox 1327 2302 1482 2332; x_wconf 75' lang='lat' dir='ltr'>exercitii</span> <span class='ocrx_word' id='word_1_495' title='bbox 1498 2302 1573 2332; x_wconf 89' lang='lat' dir='ltr'>loca</span> <span class='ocrx_word' id='word_1_496' title='bbox 1584 2301 1615 2331; x_wconf 89' lang='lat' dir='ltr'>in</span> <span class='ocrx_word' id='word_1_497' title='bbox 1627 2310 1716 2332; x_wconf 90' lang='lat' dir='ltr'>cam-</span> 
     </span>
     <span class='ocr_line' id='line_1_95' title="bbox 1018 2351 1715 2394; baseline -0.004 -11"><span class='ocrx_word' id='word_1_498' title='bbox 1018 2363 1060 2394; x_wconf 91' lang='lat' dir='ltr'>po</span> <span class='ocrx_word' id='word_1_499' title='bbox 1085 2353 1225 2390; x_wconf 78' lang='lat' dir='ltr'>Martio,</span> <span class='ocrx_word' id='word_1_500' title='bbox 1243 2357 1344 2393; x_wconf 86' lang='lat' dir='ltr'>atque</span> <span class='ocrx_word' id='word_1_501' title='bbox 1361 2352 1408 2382; x_wconf 91' lang='lat' dir='ltr'>ibi</span> <span class='ocrx_word' id='word_1_502' title='bbox 1431 2356 1464 2382; x_wconf 88' lang='lat' dir='ltr'>te</span> <span class='ocrx_word' id='word_1_503' title='bbox 1482 2361 1501 2382; x_wconf 87' lang='lat' dir='ltr'>a</span> <span class='ocrx_word' id='word_1_504' title='bbox 1520 2351 1642 2391; x_wconf 85' lang='lat' dir='ltr'>pedum</span> <span class='ocrx_word' id='word_1_505' title='bbox 1660 2360 1715 2380; x_wconf 87' lang='lat' dir='ltr'>ce-</span> 
     </span>
     <span class='ocr_line' id='line_1_96' title="bbox 1018 2401 1716 2442; baseline -0.003 -9"><span class='ocrx_word' id='word_1_506' title='bbox 1018 2403 1152 2433; x_wconf 78' lang='lat' dir='ltr'>leritate</span> <span class='ocrx_word' id='word_1_507' title='bbox 1170 2403 1201 2432; x_wconf 92' lang='lat' dir='ltr'>in</span> <span class='ocrx_word' id='word_1_508' title='bbox 1222 2412 1324 2433; x_wconf 88' lang='lat' dir='ltr'>cursu</span> <span class='ocrx_word' id='word_1_509' title='bbox 1341 2401 1476 2433; x_wconf 86' lang='lat' dir='ltr'>confert</span> <span class='ocrx_word' id='word_1_510' title='bbox 1502 2401 1639 2441; x_wconf 77' lang='lat' dir='ltr'>Achilli,</span> <span class='ocrx_word' id='word_1_511' title='bbox 1660 2401 1716 2442; x_wconf 85' lang='lat' dir='ltr'>qui</span> 
     </span>
     <span class='ocr_line' id='line_1_97' title="bbox 1016 2453 1215 2485; baseline -0.005 -1"><span class='ocrx_word' id='word_1_512' title='bbox 1016 2453 1111 2485; x_wconf 83' lang='grc' dir='ltr'>πόδας</span> <span class='ocrx_word' id='word_1_513' title='bbox 1125 2453 1215 2484; x_wconf 71' lang='grc' dir='ltr'><strong>ὠκύς.</strong></span> 
     </span>
    </p>

    <p class='ocr_par' dir='ltr' id='par_1_19' title="bbox 1017 2501 1715 2592">
     <span class='ocr_line' id='line_1_98' title="bbox 1062 2501 1715 2544; baseline -0.006 -9"><span class='ocrx_word' id='word_1_514' title='bbox 1062 2507 1080 2535; x_wconf 78' lang='grc'>4</span> <span class='ocrx_word' id='word_1_515' title='bbox 1104 2504 1179 2535; x_wconf 73' lang='lat' dir='ltr'>Sine</span> <span class='ocrx_word' id='word_1_516' title='bbox 1199 2503 1282 2544; x_wconf 79' lang='lat' dir='ltr'>fine]</span> <span class='ocrx_word' id='word_1_517' title='bbox 1304 2503 1385 2534; x_wconf 89' lang='lat' dir='ltr'>Sine</span> <span class='ocrx_word' id='word_1_518' title='bbox 1410 2501 1520 2541; x_wconf 84' lang='lat' dir='ltr'>modo,</span> <span class='ocrx_word' id='word_1_519' title='bbox 1543 2505 1581 2532; x_wconf 90' lang='lat' dir='ltr'>ut</span> <span class='ocrx_word' id='word_1_520' title='bbox 1605 2501 1715 2542; x_wconf 87' lang='lat' dir='ltr'>quivis</span> 
     </span>
     <span class='ocr_line' id='line_1_99' title="bbox 1017 2555 1691 2592; baseline -0.006 -7"><span class='ocrx_word' id='word_1_521' title='bbox 1017 2555 1278 2590; x_wconf 84' lang='lat' dir='ltr'>animadvertat,</span> <span class='ocrx_word' id='word_1_522' title='bbox 1296 2563 1372 2584; x_wconf 89' lang='lat' dir='ltr'>enm</span> <span class='ocrx_word' id='word_1_523' title='bbox 1389 2562 1520 2584; x_wconf 81' lang='lat' dir='ltr'>coenam</span> <span class='ocrx_word' id='word_1_524' title='bbox 1539 2557 1691 2592; x_wconf 86' lang='lat' dir='ltr'>captare.</span> 
     </span>
    </p>

    <p class='ocr_par' dir='ltr' id='par_1_20' title="bbox 1019 2602 1715 2793">
     <span class='ocr_line' id='line_1_100' title="bbox 1060 2602 1715 2643; baseline -0.005 -7"><span class='ocrx_word' id='word_1_525' title='bbox 1060 2610 1078 2636; x_wconf 83' lang='lat'>5</span> <span class='ocrx_word' id='word_1_526' title='bbox 1104 2606 1141 2636; x_wconf 69' lang='lat' dir='ltr'>Si</span> <span class='ocrx_word' id='word_1_527' title='bbox 1157 2605 1249 2642; x_wconf 75' lang='lat' dir='ltr'>nihil,</span> <span class='ocrx_word' id='word_1_528' title='bbox 1277 2603 1346 2643; x_wconf 54' lang='grc' dir='ltr'>δα]</span> <span class='ocrx_word' id='word_1_529' title='bbox 1389 2604 1421 2634; x_wconf 95' lang='lat' dir='ltr'>Si</span> <span class='ocrx_word' id='word_1_530' title='bbox 1449 2603 1482 2633; x_wconf 90' lang='lat' dir='ltr'>in</span> <span class='ocrx_word' id='word_1_531' title='bbox 1514 2602 1715 2643; x_wconf 83' lang='lat' dir='ltr'>porticibus,</span> 
     </span>
     <span class='ocr_line' id='line_1_101' title="bbox 1019 2653 1715 2697; baseline -0.007 -11"><span class='ocrx_word' id='word_1_532' title='bbox 1019 2666 1093 2697; x_wconf 63' lang='lat' dir='ltr'>qnae</span> <span class='ocrx_word' id='word_1_533' title='bbox 1106 2656 1208 2695; x_wconf 70' lang='lat' dir='ltr'>juxta</span> <span class='ocrx_word' id='word_1_534' title='bbox 1224 2654 1466 2685; x_wconf 85' lang='lat' dir='ltr'>exercitiorum</span> <span class='ocrx_word' id='word_1_535' title='bbox 1479 2653 1566 2691; x_wconf 85' lang='lat' dir='ltr'>loca,</span> <span class='ocrx_word' id='word_1_536' title='bbox 1582 2661 1648 2682; x_wconf 89' lang='lat' dir='ltr'>non</span> <span class='ocrx_word' id='word_1_537' title='bbox 1665 2661 1715 2682; x_wconf 90' lang='lat' dir='ltr'>re-</span> 
     </span>
     <span class='ocr_line' id='line_1_102' title="bbox 1021 2701 1715 2746; baseline -0.006 -11"><span class='ocrx_word' id='word_1_538' title='bbox 1021 2706 1132 2746; x_wconf 80' lang='lat' dir='ltr'>periat</span> <span class='ocrx_word' id='word_1_539' title='bbox 1159 2705 1386 2741; x_wconf 71' lang='lat' dir='ltr'>invitatorem,</span> <span class='ocrx_word' id='word_1_540' title='bbox 1422 2701 1585 2733; x_wconf 84' lang='lat' dir='ltr'>transfert</span> <span class='ocrx_word' id='word_1_541' title='bbox 1611 2711 1646 2732; x_wconf 85' lang='lat' dir='ltr'>se</span> <span class='ocrx_word' id='word_1_542' title='bbox 1673 2701 1715 2731; x_wconf 72' lang='lat' dir='ltr'>ad</span> 
     </span>
     <span class='ocr_line' id='line_1_103' title="bbox 1020 2751 1712 2793; baseline -0.009 -6"><span class='ocrx_word' id='word_1_543' title='bbox 1020 2758 1095 2788; x_wconf 72' lang='lat' dir='ltr'>loca</span> <span class='ocrx_word' id='word_1_544' title='bbox 1111 2755 1234 2786; x_wconf 78' lang='lat' dir='ltr'>tabulis</span> <span class='ocrx_word' id='word_1_545' title='bbox 1251 2753 1388 2792; x_wconf 80' lang='lat' dir='ltr'>vallata,</span> <span class='ocrx_word' id='word_1_546' title='bbox 1404 2752 1437 2783; x_wconf 87' lang='lat' dir='ltr'>in</span> <span class='ocrx_word' id='word_1_547' title='bbox 1455 2751 1574 2793; x_wconf 88' lang='lat' dir='ltr'>quibus</span> <span class='ocrx_word' id='word_1_548' title='bbox 1598 2751 1638 2783; x_wconf 87' lang='lat' dir='ltr'>P.</span> <span class='ocrx_word' id='word_1_549' title='bbox 1672 2751 1712 2783; x_wconf 58' lang='lat' dir='ltr'>R,</span> 
     </span>
    </p>
   </div>
  </div>
 </body>
</html>
