1866 3131
444 174 491 204 M.
525 173 633 203 VAL.
667 172 942 202 MAR'I'IALIS
976 174 1135 204 13P1GR.
1170 175 1264 206 1.1ss.
1300 176 1340 204 V.

164 277 255 307 narr,
299 268 556 310 ditescercquc:
593 268 793 300 Ciceronem
832 270 868 299 et

166 318 343 348 Maronem
361 327 466 358 prope
483 318 632 349 exulare.

208 373 226 399 :3
254 371 378 408 Omnes,
391 371 460 410 Qu]
484 371 492 387 ⁴
510 371 652 403 Quando
666 370 794 401 artibus
811 370 867 400 110-

164 421 270 451 nestis
300 421 422 452 Nullus
459 422 492 452 iu
522 421 608 452 urbe
648 421 768 460 locus,'
802 422 867 451 ἃς.

168 472 290 503 Juven.
306 473 419 512 Satyr.
431 475 461 503 3.

208 526 228 553 6
255 523 360 553 Famoe
383 523 461 563 suoe]
486 523 593 555 Quam
619 523 795 555 maximam
813 525 868 556 ha-

165 574 251 613 buit,
267 578 300 604 et
316 583 445 605 morum
463 579 499 604 et
518 574 696 605 doctrina».

210 627 228 655 7
254 623 291 654 Si
319 633 424 654 versus
445 623 541 663 facit,
566 624 633 664 dra]
658 624 685 654 Α
705 625 813 656 sterili
833 630 867 657 et

162 674 276 705 inutili
292 674 445 715 poetices
469 675 582 706 studio
600 676 692 706 illum
709 677 799 707 omni
816 686 867 708 ra-

166 725 257 756 tione
276 728 405 756 averte.

207 778 227 805 9
250 775 379 816 Discat]
402 775 524 806 Discat
552 775 728 808 citharoedi
751 782 869 818 artem,

167 824 275 856 discat
305 824 378 856 fieri
410 826 628 858 citharoedus.
668 828 869 860 Hellenism.

164 874 254 906 Vide
286 876 358 908 J05.
386 877 579 908 Mercerum
608 877 648 908 ad
678 879 787 918 Epist.
817 882 869 910 19.

165 925 221 957 lib.
238 928 268 957 1.
301 925 510 958 Aristaeneti.
561 928 775 969 Citharoedus]
814 930 869 961 Ci-

165 975 308 1006 tharoedi
337 976 399 1007 hac
435 982 642 1018 tempestate
672 979 705 1009 in
743 981 867 1020 pretio,

162 1025 370 1065 Epigramm.
383 1027 440 1058 lib.
456 1030 487 1058 3.
506 1038 592 1060 vers.
609 1032 640 1060 8.
687 1030 868 1071 Choraules]

163 1075 228 1108 Qui
246 1076 278 1107 in
295 1077 397 1108 choro
416 1078 499 1109 tibia
515 1080 618 1111 canit.

208 1130 245 1157 ll
292 1128 475 1160 Praeconem
499 1129 619 1171 facias]
664 1133 866 1164 Praeconum

162 1177 252 1207 enim
279 1188 332 1208 ars
361 1183 439 1210 tunc
468 1182 632 1221 temporis
648 1183 690 1212 ad
707 1183 865 1215 invidiam

161 1237 271 1269 usque
286 1228 472 1261 fructuosa.
495 1232 584 1262 Vide
602 1233 812 1273 Epigramm.
833 1238 866 1266 8.

161 1277 220 1308 lib.
237 1281 270 1309 6.
306 1279 536 1321 Architectum]
561 1282 696 1314 Praeter
719 1285 867 1324 privato-

162 1338 236 1360 rum
255 1330 342 1361 enim
359 1331 392 1362 in
410 1332 563 1364 aedificiis
577 1333 638 1364 liae
656 1339 866 1376 tempestate

162 1380 289 1420 luxum,
306 1387 342 1413 et
356 1383 573 1415 Domitianus
591 1386 720 1426 templa
743 1392 779 1418 et
802 1388 868 1418 alia

165 1431 302 1471 publica
318 1433 518 1465 instauravit
535 1446 542 1466 :
568 1437 687 1476 Epigr.
713 1440 745 1468 4.
759 1438 818 1469 lib.
834 1441 866 1470 9.

207 1483 309 1514 Eric.
338 1493 428 1516 Lvn.
445 1488 461 1515 l
486 1486 670 1527 Dominum]
695 1487 764 1519 Sir.
792 1489 868 1521 Noli

163 1532 238 1572 tibi]
262 1533 330 1564 Alii
344 1536 425 1574 nolo,
441 1537 550 1567 minus
565 1537 662 1568 bene.

207 1586 227 1613 2
251 1584 394 1624 Servum,
409 1587 477 1627 Era]
502 1586 638 1618 Ironice
654 1590 867 1629 etscoptice.

208 1633 313 1666 Epic.
341 1645 447 1668 ινιιι.
485 1638 654 1677 Epicurea
683 1639 868 1680 παραίνεσις,

164 1685 348 1715 commodis
366 1688 591 1726 praesentibus
614 1688 793 1721 fruendum
809 1691 866 1721 lio-

166 1735 234 1774 die,
247 1735 298 1766 καὶ
312 1736 405 1774 μηδὲν
420 1737 675 1778 ἀναβαλλόμενοι.

209 1789 225 1816 1
253 1787 333 1817 Cras
361 1791 392 1818 te
419 1789 588 1831 victurum]
612 1790 668 1821 De
693 1791 870 1830 praesenti-

166 1836 229 1867 bus
270 1837 423 1869 fruendis
451 1840 569 1880 Epigr.
600 1843 651 1872 16.
688 1841 746 1872 lib.
775 1845 803 1873 l.
834 1847 869 1873 et

166 1887 286 1927 Epigr.
310 1891 362 1920 90.
392 1889 451 1921 lib.
481 1893 513 1920 2.
541 1889 683 1922 Anthol.
711 1902 786 1932 cap.
814 1895 868 1923 47.

168 1939 248 1969 Cras
272 1939 363 1979 dicis,
378 1941 448 1981 ξω]
470 1941 517 1972 Et
544 1951 618 1972 cras
641 1942 704 1973 hoc
732 1953 869 1984 compe·

161 1989 321 2021 rendinat
340 1991 479 2031 juvenis
500 1992 640 2033 ignavus
669 1994 760 2034 apud
775 1995 870 2026 Pers·

163 2040 272 2080 Satyr.
288 2044 319 2072 5.
337 2050 424 2073 vers.
437 2045 491 2074 66.

207 2094 225 2121 5
249 2092 323 2122 Jam
344 2092 506 2133 cras,85c.]
530 2093 585 2124 Ita
601 2094 867 2134 protrusistiho-

163 2151 247 2182 ram,
274 2148 312 2173 ut
324 2143 405 2175 hora
420 2143 492 2175 fere
513 2144 584 2184 jam
602 2146 807 2185 protruserit
823 2151 870 2185 te,

164 2201 278 2223 senem
292 2192 432 2225 factum.

208 2246 229 2273 6
256 2243 336 2274 Cras
361 2245 446 2276 istud
472 2246 594 2286 quanti,
609 2247 677 2287 ξω]
700 2248 781 2279 Cras
804 2249 868 2280 hoc

166 2298 261 2324 tuum
281 2293 369 2334 quod
387 2297 554 2335 praeteriit
571 2306 635 2327 non
651 2302 766 2338 potest
782 2299 870 2330 redi-

166 2345 231 2375 mi:
267 2343 416 2376 futurum
452 2348 631 2387 quantuli?
669 2348 763 2380 facili
790 2360 870 2381 sane

168 2395 292 2434 pretio,
319 2395 385 2427 imo
408 2397 513 2436 nullo,
531 2398 611 2439 quia
625 2404 747 2440 sponte
765 2401 871 2441 venit,

167 2445 194 2474 si
209 2445 291 2476 velis
302 2446 363 2477 uti.
387 2446 454 2478 Sed
469 2447 545 2478 vide
555 2449 677 2481 Senec.
691 2451 802 2491 Epist.
819 2453 871 2484 12.

211 2498 230 2526 'a'
255 2496 361 2527 Hodie
382 2498 452 2536 jam
473 2498 584 2539 vivere,
601 2499 670 2540 δῖα]
692 2501 870 2541 Epigram-

167 2551 258 2577 mate
277 2549 328 2577 16.
343 2546 399 2577 lib.
416 2551 445 2578 1.

209 2597 319 2628 Epic.
333 2606 406 2628 mx.
430 2601 444 2628 l
463 2598 650 2638 Argentum,
664 2601 789 2641 aurum]
807 2602 871 2632 Va-

168 2659 204 2679 sa
231 2653 396 2689 argentea
423 2654 459 2681 et
484 2660 596 2682 aurea.
633 2652 796 2693 Misimus]
830 2653 871 2684 In

166 2699 415 2731 Saturnalibus,
430 2700 548 2740 Epigr.
561 2705 613 2733 46.
627 2703 683 2734 lib.
696 2707 727 2734 2.
741 2714 826 2735 vers.
842 2707 871 2735 1.

210 2753 229 2780 2
256 2750 372 2782 Caussa
397 2751 467 2791 tua]
490 2752 536 2782 Ut
567 2753 627 2784 tibi
653 2763 800 2794 parcam,
829 2763 870 2784 ue

1506 165 1617 207 1:243

917 268 1045 309 maj0ra
1082 279 1124 300 ex
1160 280 1253 302 more
1291 270 1457 310 remittas,
1483 274 1520 302 ut
1546 280 1619 313 seq.

918 328 1025 350 versu.
1048 319 1136 351 Vide
1151 326 1186 351 et
1199 322 1317 361 Epigr.
1335 324 1384 352 18.
1400 331 1514 361 supra.

959 372 979 400 4
1005 370 1202 401 Exoneratus
1230 372 1308 412 eris]
1331 372 1507 403 Liberatus
1519 382 1621 403 onere

920 419 1120 450 remittendi
1150 430 1301 459 munera,
1333 423 1453 463 quibus
1482 433 1623 463 respon·

917 469 997 500 deas
1013 470 1147 501 levibus
1160 476 1196 502 et
1211 471 1373 503 fictilibus
1388 474 1439 504 liis
1454 474 1547 505 meis.

960 521 1068 552 Eme.
1095 530 1154 553 Lx.
1178 522 1315 554 Mordet
1338 524 1548 555 mordentem
1567 534 1624 555 ca-

918 580 1008 609 nem,
1025 572 1124 612 eique
1144 578 1247 612 negat
1262 573 1549 605 immortalitatem
1566 584 1622 605 no—

918 622 1027 661 minis,
1041 632 1139 663 quam
1167 633 1186 653 a
1214 623 1325 654 Poeta
1339 625 1509 664 carpendo
1533 626 1622 657 vole-

918 670 975 702 bat
988 672 1190 711 exprimere.

961 725 981 752 2
1008 721 1212 759 Gannitibus,
1249 724 1316 763 ξω]
1355 725 1526 756 Conviciis
1557 727 1623 757 tuis

919 778 955 803 et
970 773 1173 805 maledictis.
1190 774 1342 806 Gannire
1356 785 1476 806 canum
1492 781 1563 807 est:
1586 782 1625 807 ut

918 824 987 862 alii,
1026 824 1189 864 vulpium.
1249 826 1394 866 Proprie
1425 836 1506 867 ergo
1536 827 1624 858 dixit

919 874 1157 913 ‘gannitibus,’
1184 876 1263 916 quia
1286 882 1386 907 antea
1415 877 1505 908 dixit
1526 878 1535 894 ‘
1552 878 1624 908 Ad-

921 924 1048 956 laires!
1073 925 1185 957 Gloss.
1202 927 1210 942 ‘
1228 926 1370 966 canuit,
1393 926 1523 967 σκύζει.’
1560 928 1626 958 Im-

920 985 1023 1015 pense
1041 975 1142 1015 bene,
1169 977 1248 1017 quia
1276 982 1460 1020 utrumque
1489 987 1622 1010 canum.

920 1026 1052 1057 Heraltl.

962 1078 980 1106 3
1009 1077 1139 1108 Certum
1167 1081 1213 1109 est
1229 1079 1401 1120 hanc‚85c.]
1424 1079 1502 1110 Non
1518 1080 1625 1119 vivet,

918 1134 984 1156 non
1024 1132 1141 1158 notum
1173 1129 1238 1159 erit
1273 1130 1469 1169 posteritati
1500 1139 1624 1161 nomen

917 1182 1012 1209 tuum
1027 1178 1059 1209 in
1078 1180 1284 1210 carminibus
1307 1180 1402 1217 meis,
1427 1181 1482 1212 vel
1507 1180 1625 1212 infami

915 1233 996 1260 nota
1012 1230 1171 1261 inustum.

963 1282 981 1310 7
1008 1280 1124 1320 Miser,
1146 1291 1266 1313 necesse
1281 1281 1341 1321 est]
1365 1282 1453 1315 Quia
1480 1282 1625 1313 invidus.

917 1331 1035 1371 Epigr.
1062 1335 1116 1363 41.
1141 1333 1199 1364 lib.
1218 1336 1246 1364 1.
1263 1337 1300 1365 et
1315 1343 1420 1374 supra
1437 1334 1556 1375 Epigr.
1571 1336 1624 1365 29,

916 1392 1003 1413 vers.
1018 1386 1050 1413 9.

961 1437 1001 1464 10
1025 1434 1142 1464 Pellem
1166 1435 1287 1472 rodere,
1321 1434 1390 1475 ssa]
1429 1434 1496 1467 Qui
1523 1436 1626 1466 male-

917 1483 1010 1515 dicos
1026 1485 1130 1515 velint
1143 1484 1335 1516 maledictis
1351 1485 1522 1517 insectari.
1567 1485 1627 1516 Al-

916 1533 1026 1564 lusum
1041 1535 1115 1565 vult
1127 1535 1289 1566 Erasmus
1302 1537 1343 1566 ad
1355 1537 1512 1576 proverb.
1535 1537 1544 1554 ‘
1560 1537 1625 1568 Ca-

917 1584 969 1613 nis
1000 1584 1154 1615 caninam
1183 1595 1251 1617 non
1282 1588 1356 1618 est!
1390 1588 1501 1619 Varro
1517 1587 1574 1619 lib.
1590 1591 1623 1619 6.

918 1634 1000 1665 L.L.
1025 1635 1114 1666 Vide
1128 1636 1335 1676 Epigramm.
1349 1640 1381 1669 2.
1398 1638 1455 1669 lib.
1469 1641 1519 1669 13.
1535 1648 1625 1670 vers.

918 1687 950 1716 3.
994 1685 1120 1716 Horat.
1136 1687 1245 1727 Epod.
1260 1690 1292 1719 6.

964 1739 1001 1767 11
1028 1737 1095 1767 Nos
1117 1738 1186 1777 hac,
1217 1739 1287 1779 δῖα]
1323 1740 1396 1780 Ego
1419 1740 1462 1771 ab
1491 1740 1554 1772 hac
1587 1741 1625 1772 li-

920 1785 1036 1817 bidine
1061 1792 1097 1818 et
1125 1789 1285 1829 contagio
1317 1789 1544 1822 maledicendi
1571 1801 1625 1823 me

920 1837 1102 1875 contine03
1135 1838 1250 1869 scabie
1280 1839 1354 1880 ejus
1379 1841 1456 1872 uolo
1472 1851 1526 1872 me
1551 1851 1627 1873 con-

921 1888 1106 1927 taminare;
1141 1889 1220 1920 nolo
1247 1890 1417 1930 pruritum
1447 1891 1522 1932 ejus
1555 1902 1626 1924 sca-

918 1937 1032 1970 bendo
1049 1939 1175 1970 levare.

963 1990 1067 2021 Eme.
1084 1998 1156 2021 Lxr.
1182 1991 1482 2032 Elegantissimum
1510 1994 1628 2034 Epigr.

920 2050 987 2082 quo
1011 2041 1246 2072 nonnullorum
1270 2043 1453 2083 stupiditas
1479 2045 1625 2076 traduci-

921 2097 989 2130 tur,
1005 2092 1063 2133 qui
1081 2091 1280 2124 formosulos
1300 2094 1447 2134 juvenes
1464 2095 1624 2126 uxoribus

919 2144 987 2175 suis
1005 2144 1182 2176 adhaerere
1198 2145 1419 2186 patiebantur
1434 2146 1496 2177 sub
1520 2145 1625 2177 officii

920 2194 1099 2226 domestici
1136 2201 1322 2236 praetextu.
1370 2197 1538 2238 Respexit
1560 2198 1624 2229 hoc

919 2247 1018 2287 Epig.
1050 2247 1091 2277 B.
1130 2247 1273 2278 Hieron.
1300 2248 1454 2288 pluribus
1492 2249 1575 2280 locis
1601 2251 1625 2281 l.

920 2300 951 2328 1.
970 2297 1131 2328 adversus
1147 2298 1320 2330 Jovinian.
1347 2299 1480 2330 Herald.

964 2351 981 2379 1
1009 2349 1186 2389 Crispulus]
1221 2348 1401 2389 Crispatus
1431 2349 1556 2389 crinem
1587 2354 1623 2382 et

920 2399 1096 2430 delicatus.

962 2453 982 2480 4
1007 2450 1122 2480 Sellam
1144 2448 1256 2489 cubito,
1277 2449 1347 2490 ὄπι]
1371 2449 1558 2492 Incumbit,
1574 2452 1623 2483 in-

919 2501 1042 2532 nititur
1058 2500 1151 2531 sellae
1170 2500 1282 2530 uxoris
1298 2504 1378 2532 tuae.

963 2552 983 2580 6
1008 2550 1110 2580 Crura
1131 2550 1227 2589 gerit,
1242 2549 1310 2589 Esou]
1334 2551 1395 2581 Cui
1414 2561 1514 2583 crura
1530 2551 1623 2594 depi-

920 2600 1002 2631 lata.
1020 2600 1139 2640 Epigr.
1156 2602 1208 2631 29.
1223 2600 1283 2632 lib.
1295 2603 1327 2632 2.
1345 2611 1432 2633 vers-
1449 2605 1480 2634 7.

963 2653 981 2681 7
1011 2650 1136 2690 Uxoris,
1152 2650 1222 2691 Era]
1248 2651 1311 2682 Est
1326 2657 1540 2693 procurator,
1567 2654 1623 2695 qui

920 2701 1035 2732 uxoris
1055 2701 1199 2740 negocia
1214 2700 1297 2732 obit.

963 2755 982 2782 S
1006 2752 1086 2782 Sanc
1113 2754 1223 2790 certus,
1249 2751 1319 2793 ἔξω]
1343 2752 1512 2785 Martialis
1536 2763 1622 2794 resp.
