1866 3131
240 185 352 229 1162

242 293 396 331 Catonis,
413 296 449 324 et
465 292 555 323 Plin.
570 291 671 332 epist.
688 292 779 323 121.
796 294 829 323 3.

281 347 301 375 3
326 344 441 383 Musis,
472 342 541 382 &cd
574 342 678 373 Nulla
702 343 824 383 gratia,
853 342 944 373 nullo

237 395 415 425 Musarum
439 397 497 424 aut
514 392 683 433 Apollinis
697 392 877 433 instinctu,
895 393 945 423 in-

238 444 317 475 vitis
330 443 452 474 Musis.

280 497 301 525 4
327 493 486 525 Ciceronis
513 493 619 534 habes]
654 494 722 526 Qui
759 493 945 525 infeliciter

238 545 358 576 Musas
389 544 544 584 poeticas
572 550 625 576 est
652 555 840 585 aggressus.
868 545 943 575 vide

237 595 364 627 Juven.
382 597 432 626 10.
447 597 520 626 122.
535 597 662 626 Seneca
679 596 781 635 epist.
796 598 866 626 108.

279 649 297 676 5
322 644 454 685 Antoni,
481 645 551 686 Era]
580 645 645 678 Qui
677 646 825 676 tribunal
854 646 945 686 turpi

237 697 381 728 foedavit
399 697 540 736 vomitu,
563 701 601 727 ut
625 696 809 736 amplificat
827 697 898 728 Cic.
914 700 945 726 2.

237 748 443 788 Philippica.
465 747 574 788 Apici]
612 747 725 788 Supra
755 747 862 787 epigr.
890 749 944 777 69.

237 808 325 830 vers.
342 802 374 830 1.

279 853 299 881 6
329 850 463 888 Vitium,
491 849 562 889 ἐγω]
595 849 663 880 Hic
693 857 790 879 cares
825 852 944 878 autore

235 910 369 940 magno.
416 900 479 937 Τὴν
501 899 605 939 φωνὴν
628 897 739 935 ἐνοπήν
773 908 809 928 σε
841 896 946 935 λέγειν

235 951 370 990 ἐδίδαξεν
382 950 531 990 ”Ομηρος·
556 950 619 987 Τὴν
632 952 784 988 ’γλῶσσαν
795 949 822 980 δ’
839 949 872 979 ἐν
887 949 946 990 ὁπῇ

234 1001 282 1033 τίς
305 1002 334 1032 σ’
359 1002 489 1041 ἐδίδαξεν
504 1001 606 1041 ἔχειν;
623 1002 792 1039 Ἀνθολογ.
813 1001 854 1035 β’.
877 1005 946 1039 κεφ.

234 1051 287 1090 ιγ’.

279 1101 386 1133 Epio.
412 1110 472 1133 xc.
499 1105 514 1132 1
550 1101 662 1141 Γαςαε]
687 1101 818 1142 Vagam
843 1106 946 1132 vocat

236 1152 341 1193 poeta
355 1153 595 1194 juventutem:
621 1158 675 1184 est
692 1153 782 1183 enim
803 1152 945 1191 silentii,

235 1204 376 1244 quietis,
401 1204 603 1235 attentionis
619 1203 812 1243 impatiens.
838 1204 944 1233 Mode-

235 1254 337 1294 rator]
359 1254 515 1285 Studium
549 1255 625 1285 vitae
656 1265 738 1294 suae,
765 1259 801 1285 et
828 1259 943 1285 votum

237 1305 380 1345 exponit
393 1305 619 1338 Quintiliano.
635 1305 751 1336 Annos
761 1309 813 1336 23.
826 1306 943 1337 Romae

237 1355 432 1386 erudiendis
445 1356 629 1396 juvenibus
646 1357 815 1397 impendit
825 1357 945 1389 Quint.

236 1410 273 1436 et
298 1405 330 1436 in
356 1405 406 1435 his
423 1406 615 1436 Domitiani
642 1412 786 1447 nepotes
817 1408 945 1438 docuit.

237 1457 379 1498 Summe]
397 1459 488 1491 Quia
509 1468 625 1499 parem
645 1466 715 1490 tum
732 1470 797 1491 non
816 1461 945 1500 habuit,

237 1508 293 1540 vel
321 1509 399 1549 quia
424 1510 586 1550 magister
609 1517 773 1552 nepotum
800 1512 945 1544 Domiti-

237 1559 304 1591 ani.
330 1561 412 1591 Rad.

279 1613 299 1641 2
317 1611 441 1650 Gloria,
456 1611 526 1652 Esau]
551 1612 694 1643 Romani
711 1613 838 1654 eloquii
857 1624 944 1644 surn-

234 1670 289 1692 me
312 1660 448 1700 artifex,
470 1663 629 1702 insignite
657 1664 828 1693 senatorio
848 1664 944 1694 clavo

234 1712 512 1753 ornamentisque
542 1713 790 1745 consularibus.
820 1714 942 1746 Juven.

237 1764 268 1792 7.
284 1765 357 1793 190.

278 1816 297 1844 3
327 1814 448 1852 Vivere,
473 1812 540 1852 ἐγὼ]
565 1814 620 1844 Da
645 1814 779 1844 veniam
797 1814 823 1845 si
841 1815 944 1845 etiam

235 1864 269 1893 in
299 1863 394 1893 tenui
430 1873 466 1894 re
498 1873 644 1903 propera
672 1873 771 1894 manu
804 1874 944 1904 carpam

238 1912 361 1953 gaudia
376 1911 540 1952 fugientis
568 1912 669 1950 vitae3
699 1913 726 1942 si
753 1911 821 1943 frui
846 1914 945 1944 velim

235 1964 475 2005 praesentibus,
487 1963 575 2005 quod
588 1964 687 2004 pauci
700 1964 784 1995 adeo
795 1963 942 2009 faciunt,

237 2024 313 2045 cum
338 2024 436 2045 nemo
464 2013 537 2044 fere
561 2014 690 2053 vivere,
718 2014 751 2044 id
775 2021 842 2054 est,
862 2016 945 2046 vitae

236 2063 289 2093 uti
314 2063 498 2094 commodis
525 2068 560 2093 et
586 2063 678 2094 laute
706 2064 821 2095 vivere
845 2065 944 2103 sciat,

236 2124 353 2146 omnes
366 2113 539 2145 differant.
554 2114 662 2154 epigr.
680 2118 731 2145 16.
750 2115 769 2146 Ι.
788 2118 816 2146 1.

280 2169 298 2196 5
334 2165 479 2206 Differat
507 2166 573 2205 hoc,
602 2165 670 2205 Qu]
704 2164 877 2196 Differant
913 2166 944 2196 in

236 2219 320 2258 dies,
351 2228 468 2257 annos,
504 2219 559 2249 vel
590 2224 805 2250 senectutem
837 2220 945 2260 ipsam

236 2270 316 2301 vitae
333 2269 456 2310 gaudia
473 2274 508 2300 et
524 2280 633 2308 usum,
651 2271 773 2311 quibus
791 2282 880 2303 curae
895 2277 946 2304 est

236 2329 308 2351 rem
324 2319 471 2361 patriam
495 2330 621 2360 augere
636 2326 671 2351 et
684 2322 869 2361 splendere
887 2332 945 2354 no-

235 2371 378 2402 bilitatis
417 2371 524 2402 titulis
564 2377 599 2402 et
631 2372 857 2412 imaginibus;
890 2374 945 2404 vel

234 2422 394 2463 Differat,
428 2432 495 2452 non
533 2421 637 2460 vivat,
667 2432 733 2453 non
768 2423 946 2464 indulgeat

237 2473 335 2513 genio
366 2483 425 2504 suo
453 2473 492 2512 is,
519 2473 575 2513 qui
607 2472 709 2503 ditior
741 2478 840 2513 patre
872 2475 945 2506 vult

238 2524 394 2555 evadere.
414 2524 564 2554 Raderus.

279 2577 300 2604 6
323 2574 486 2613 Atriaque,
502 2572 571 2612 Qu]
594 2573 635 2604 In
667 2574 761 2605 atriis
779 2575 941 2607 nobilium

238 2635 310 2666 quae
341 2625 457 2664 prima>
481 2623 605 2655 aedium
632 2630 762 2665 partes,
789 2628 945 2658 ostende-

241 2676 363 2706 bantur
388 2675 554 2715 majorum
584 2675 759 2715 imagines,
789 2677 944 2708 humero-

240 2735 314 2757 rum
342 2731 439 2757 tenus
465 2734 650 2765 expressae,
683 2726 779 2757 lineis
797 2737 815 2758 a
842 2733 944 2760 stem-

709 197 850 228 NOTAE
884 195 1150 228 VARIORUM
1186 197 1236 227 ΙΝ

996 296 1087 322 mate
1105 291 1147 322 ad
1165 292 1224 322 lias
1242 290 1520 322 discurrentibus.

1039 344 1056 372 7
1082 341 1296 382 Nigros,8)⁴c.]
1322 342 1399 373 Non
1423 346 1543 372 aurata
1558 341 1699 382 laquea«

995 391 1057 430 ria,
1073 401 1146 433 quae
1163 402 1205 423 ne
1231 391 1324 422 fumo
1340 396 1602 432 corrumpantur
1618 400 1698 421 cau-

997 443 1044 473 tio
1062 448 1124 473 est.

1038 497 1057 524 8
1089 493 1284 534 Vir-ussons]
1306 493 1698 533 Scaturieus‚perennis,

995 545 1175 575 naturalis.
1221 543 1339 584 Rudis]
1370 545 1512 583 Nativa,
1534 554 1601 575 non
1623 550 1699 575 arte

996 594 1074 625 laesa
1091 600 1127 626 et
1156 596 1303 635 ingenua
1327 596 1438 636 gratia
1456 595 1620 635 spoliata;
1646 595 1697 625 vel

996 646 1149 686 gramina
1185 647 1260 687 ipsa
1290 652 1411 687 sponte
1450 647 1639 685 nascentia,
1665 653 1699 677 ct

996 697 1080 727 vivis
1098 697 1283 737 cespitibus
1315 698 1438 736 innixa,
1456 707 1520 727 non
1537 696 1699 727 ordinatis

996 748 1165 787 myrtetis,
1181 753 1241 779 aut
1257 748 1330 778 aliis
1345 747 1536 787 frondibus,
1551 753 1624 778 arte
1638 747 1699 777 mi-

997 807 1044 835 ra,
1060 798 1161 828 variis
1184 798 1325 829 nexibus
1342 803 1504 829 tortuosa.
1541 798 1699 828 Ramires.

996 846 1173 879 Juvenalis
1189 850 1219 878 2.
1237 850 1288 878 18.

1039 900 1060 928 9
1084 897 1134 929 Sit
1149 908 1221 938 non,
1235 897 1304 938 δῖα]
1327 898 1379 928 Ex
1397 902 1511 929 mente
1525 897 1700 929 Juvenalis

997 950 1028 979 6.
1043 950 1119 979 446.

1042 1001 1081 1028 10
1105 999 1177 1030 Lite
1192 998 1271 1038 dies]
1288 998 1545 1037 Domestica,et
1560 997 1699 1029 forensi.

997 1049 1107 1089 epigr.
1121 1052 1173 1080 57.
1190 1050 1213 1080 l.
1232 1052 1283 1080 12.
1301 1054 1338 1080 et
1359 1049 1469 1089 epigr.
1493 1051 1546 1079 70.
1561 1049 1582 1079 l.
1601 1051 1632 1079 9.

1040 1100 1147 1131 Epic.
1171 1109 1244 1132 xcr.
1281 1101 1333 1131 Ad
1361 1101 1515 1130 Caesarem
1541 1099 1700 1130 Domitia-

997 1151 1084 1191 num]
1108 1150 1204 1182 Petit
1224 1160 1244 1181 a
1260 1150 1527 1190 Domitiauojus
1545 1150 1646 1181 trium
1664 1150 1700 1180 li-

997 1199 1167 1232 berorum.

1042 1256 1056 1283 1
1086 1253 1203 1284 Rerum
1229 1257 1314 1284 certa
1343 1252 1442 1292 salus]
1476 1253 1577 1283 Salvo
1610 1252 1699 1283 enim

997 1303 1149 1339 Caesare,
1165 1305 1279 1335 omnia
1295 1304 1399 1334 salva.

1039 1356 1058 1384 2
1083 1354 1221 1394 Sospite,
1243 1354 1313 1395 ξω]
1338 1355 1432 1386 Quos
1458 1355 1512 1385 vel
1544 1354 1623 1384 hinc
1648 1364 1700 1385 re-

998 1414 1070 1435 rum
1085 1405 1304 1435 humanarum
1315 1405 1494 1435 maximam
1506 1404 1630 1436 habere
1642 1415 1701 1436 cu-

996 1464 1067 1486 ram
1085 1456 1222 1495 scimus,
1251 1455 1340 1497 quod
1365 1460 1400 1486 te
1417 1456 1512 1486 nobis
1528 1456 1636 1487 velint
1651 1456 1700 1486 in-

996 1507 1174 1538 columem.
1219 1507 1270 1537 Ea
1287 1505 1416 1536 locutio
1433 1506 1455 1536 1.
1467 1509 1497 1536 5.
1515 1509 1610 1546 ep.1.
1628 1507 1699 1538 etl.

996 1561 1026 1589 7.
1044 1560 1151 1599 epigr.
1175 1561 1227 1589 60.
1245 1559 1314 1589 etl.
1334 1561 1363 1588 1.
1379 1558 1486 1598 epigr.
1507 1561 1556 1589 13.
1585 1559 1647 1589 Vel
1666 1564 1700 1590 te

997 1610 1126 1650 sospite
1143 1608 1314 1640 credimus
1337 1618 1414 1639 esse
1432 1618 1572 1649 magnos
1586 1609 1698 1648 Deos;

997 1660 1052 1700 qui
1066 1660 1215 1700 alioquin
1232 1660 1296 1689 nisi
1313 1664 1349 1690 tu
1367 1659 1571 1699 Capitolium
1589 1659 1701 1691 dedis-

997 1721 1050 1742 ses
1068 1716 1103 1742 et
1129 1712 1369 1748 instaurasses,
1397 1711 1450 1741 vel
1483 1711 1619 1741 omnino
1650 1711 1698 1741 in-

996 1761 1186 1802 teriissent,
1203 1767 1261 1792 aut
1275 1767 1371 1792 certe
1383 1770 1451 1792 non
1464 1761 1578 1801 magni
1592 1761 1701 1792 habiti

995 1817 1120 1842 essent.

1038 1864 1056 1891 3
1082 1860 1271 1900 Festinatis]
1296 1861 1382 1891 Mihi
1398 1861 1575 1900 scribenti,
1589 1862 1643 1893 vel
1661 1862 1700 1893 ti-

996 1912 1030 1943 bi
1046 1912 1189 1953 legenti.
1233 1913 1267 1943 Si
1285 1912 1436 1942 carmina
1462 1921 1509 1943 sc.
1525 1912 1699 1952 festinata,

996 1968 1193 2003 properata,
1210 1972 1250 1993 ac
1267 1971 1374 2002 prope
1395 1971 1439 1992 ex
1454 1967 1610 2002 tempore
1623 1962 1699 1994 fusa

997 2014 1101 2044 toties
1114 2013 1240 2053 legisti.
1274 2013 1353 2051 Vel,
1374 2012 1401 2042 si
1417 2011 1584 2044 festinatis
1603 2013 1699 2044 libel-

997 2065 1048 2104 lis,
1059 2064 1219 2095 celeriter
1231 2062 1375 2103 legendo
1387 2062 1551 2102 decursis,
1563 2063 1699 2094 eosdem

996 2114 1119 2145 iterum
1137 2124 1176 2145 ac
1193 2113 1297 2145 tertio
1315 2113 1506 2144 revolvisti:
1533 2114 1622 2155 quod
1634 2114 1699 2154 sig-

995 2175 1075 2196 num
1098 2170 1150 2197 est
1176 2165 1366 2205 placuisse3
1398 2173 1474 2194 nam
1490 2174 1566 2205 quae
1582 2164 1698 2206 displi-

996 2221 1087 2256 cent,
1120 2216 1177 2246 vix
1203 2216 1306 2246 semel
1333 2215 1426 2245 lecta
1465 2215 1698 2248 excutiuntur.

997 2267 1080 2299 Rad.
1116 2267 1219 2297 Toties
1236 2267 1423 2304 Detinuere,
1438 2265 1505 2306 Qu]
1529 2267 1629 2299 Quod
1647 2277 1698 2298 ar-

997 2324 1159 2357 gumento
1176 2323 1229 2348 est
1247 2317 1428 2357 placuisse.

1039 2372 1056 2399 5
1085 2369 1326 2408 Quodfortuna,
1342 2368 1408 2409 43⁴0]
1430 2367 1477 2399 Iis
1496 2368 1552 2410 qui
1569 2378 1612 2400 ex
1630 2380 1699 2401 ma-

997 2419 1155 2450 trimonio
1190 2420 1342 2460 legitimo
1376 2424 1446 2450 tres
1483 2419 1608 2451 liberos
1637 2426 1697 2452 aut

996 2470 1111 2510 plures
1135 2470 1378 2510 suscepissent,
1403 2469 1510 2500 multa
1536 2475 1635 2501 erant
1662 2472 1696 2501 in

996 2521 1215 2560 spectaculis,
1232 2520 1413 2552 honoribus
1426 2521 1598 2561 petendis,
1611 2521 1697 2552 divi-

995 2571 1143 2602 sionibus
1170 2571 1316 2611 publicis
1333 2572 1523 2612 privilegia.
1568 2571 1695 2602 Natum

994 2621 1057 2652 hoc
1083 2621 1158 2662 ‘jus
1177 2622 1489 2653 triumliberornni’
1514 2621 1695 2662 atrigemi-

995 2672 1046 2703 nis
1063 2672 1230 2710 Horatiis,
1244 2673 1318 2703 Liv.
1337 2676 1366 2703 1.
1392 2673 1455 2704 hoc
1481 2678 1593 2703 autem
1613 2672 1693 2712 jure

995 2723 1210 2755 donabantur
1239 2733 1257 2753 a
1287 2723 1423 2755 Caesare
1449 2722 1559 2763 multi,
1574 2722 1695 2763 quibus
