1866 3131
231 189 342 230 1192

232 293 309 325 Hoc
325 292 411 324 dicit
436 302 536 333 ergo:
567 292 666 333 Saepe
683 292 834 323 celebret
849 302 926 333 ago-

230 353 307 374 nem
338 343 530 381 Albanum;
567 353 660 383 saepe
686 344 927 383 Capitolinum.

231 394 240 409 ‘
260 393 341 431 Hic,
360 394 484 423 multus
501 393 592 424 eolat
607 393 786 424 Tritonida
803 393 833 423 in
847 403 928 423 auro

230 443 364 474 Albano
374 443 394 482 ;'
407 443 440 474 id
455 448 519 483 est,
533 454 623 485 saepe
635 445 793 475 honorem
806 445 929 475 habent

230 493 375 533 Palladi,
391 493 582 525 distributis
605 495 714 525 aureis
739 495 871 525 coronis
895 495 928 524 in

229 543 377 574 victores
414 545 533 585 agonis
565 544 700 577 Albani.
753 547 760 562 ‘
777 545 929 576 Plurima

231 603 373 634 quereus
389 599 446 626 eat
463 604 523 635 per
533 605 649 626 manus
665 599 800 633 tanta&
817 596 848 626 id
864 601 931 633 est,

231 644 289 675 ille
305 654 422 685 magna
441 655 542 676 manu
567 655 658 685 saepe
686 646 812 676 tribnat
830 656 927 686 quer-

233 705 307 726 cum
325 696 551 736 Capitolinam
569 696 658 726 illius
684 696 801 735 agonis
823 696 928 726 victo-

232 746 334 778 ribus.
379 747 467 778 Vide
487 747 668 778 Diatriben
686 746 727 776 ad
745 747 843 777 Statii
867 747 927 776 Sil—

233 807 291 827 vas
316 807 344 828 e.
360 799 413 828 42.
440 798 577 827 Gronov.
622 797 689 826 Hic
708 797 787 826 colat
799 797 930 834 Albano,

232 847 302 888 Era]
334 848 552 879 Domitianus
580 846 635 876 diu
652 846 804 877 celebret
822 856 931 877 annua

232 899 400 929 Minervae
422 897 536 938 (quam
560 897 795 937 superstitiose
813 897 934 935 coluit>

232 948 462 990 quinquatria,
489 958 564 989 quae
580 948 654 988 ipse
670 948 818 978 instituit
833 949 862 978 in
882 958 932 978 ar-

232 1009 275 1030 vo
301 999 456 1030 Albano:
494 998 572 1029 vide
597 1000 737 1029 Sueton.
761 999 932 1030 Domit.c.

235 1052 267 1080 4.
315 1050 423 1080 Cultus
439 1048 488 1088 in]
514 1049 704 1080 Rediniitus
720 1060 814 1085 auro,
830 1050 881 1080 vel
899 1056 935 1080 et

234 1100 306 1139 ipse
332 1100 428 1130 Deus
457 1109 497 1130 ac
521 1099 697 1137 Dominus,
722 1100 771 1131 sic
794 1100 880 1130 enim
899 1109 934 1130 se

235 1150 433 1182 eolivoluit.
480 1150 550 1181 Alii
575 1151 641 1191 leg.
669 1152 794 1189 multus,
822 1151 853 1181 id
871 1157 936 1191 est,

235 1201 409 1243 frequens,
424 1207 539 1233 totus:
565 1207 671 1233 recte.
707 1203 793 1233 Auru
808 1212 936 1242 quercus

233 1251 299 1291 eut]
323 1252 407 1282 Sunt
423 1252 479 1293 qui
505 1263 578 1283 arro
605 1253 745 1284 malint:
780 1263 841 1293 ego
859 1254 936 1284 reti·

235 1303 364 1333 nuerim
380 1312 469 1340 auro,
485 1304 725 1345 retulerimqne
740 1304 780 1334 ad
799 1315 935 1336 auream

235 1363 404 1391 coronam,
421 1364 484 1394 qna
498 1354 672 1385 redimitus
686 1356 816 1387 Domit.
828 1362 936 1387 certa-

235 1404 382 1434 minibus
394 1404 578 1435 Poetarum
596 1410 630 1436 et
648 1405 846 1444 Oratorum,
864 1417 935 1437 sce-

235 1454 389 1495 nicisque
402 1454 489 1485 ludis
505 1455 725 1495 praesidebat,
741 1463 845 1499 atque
861 1459 936 1489 Vic-

235 1510 326 1536 tores
340 1505 472 1536 ornavit
490 1506 620 1537 coronis
637 1508 771 1547 quernis
786 1519 792 1539 :
818 1509 935 1550 Epigr.

234 1559 285 1586 54.
299 1555 398 1596 infra,
409 1562 443 1587 et
457 1557 573 1597 Epigr.
588 1560 638 1588 82.
651 1558 672 1589 l.
685 1561 714 1589 8.
728 1564 761 1588 et
775 1559 935 1591 Juvenal.

234 1609 265 1636 6.
283 1608 356 1637 386.
376 1607 503 1637 Notum
528 1607 630 1638 etiam
653 1617 811 1648 quernam
839 1619 934 1640 coro-

233 1666 309 1687 nam
331 1657 473 1687 civicam
496 1667 581 1696 esse,
598 1668 695 1699 quam
716 1668 774 1699 per
790 1660 934 1691 adulati-

236 1716 333 1738 onem
347 1708 490 1748 primnm
504 1716 751 1742 concesserunt
768 1711 934 1752 Augusto,

235 1758 326 1798 quod
343 1758 435 1789 cives
452 1759 625 1791 universos
647 1768 825 1793 servasset.
872 1764 934 1794 Est

237 1808 269 1838 in
287 1809 430 1839 nummis
448 1810 519 1849 ejus
547 1820 622 1841 cum
643 1811 864 1853 inscriptione
887 1815 935 1844 in-

237 1863 292 1888 tra
308 1867 466 1888 coronam
495 1859 614 1899 ipsam,
629 1869 675 1891 OB
691 1871 790 1893 crvsss
807 1872 934 1895 semm-

235 1916 312 1947 Tos,
331 1918 427 1949 quam
450 1918 511 1948 pro
524 1908 652 1941 foribus
668 1914 811 1951 positam
830 1913 935 1945 fuisse

236 1958 392 1998 Angusto
419 1959 521 1990 docet
549 1961 651 2000 Dion,
689 1967 725 1993 et
763 1964 865 1995 Ovid.
902 1969 934 1997 2.

236 2009 468 2050 Metamorph.
522 2011 530 2028 ‘
556 2012 716 2044 Postibus
773 2015 935 2055 Augustis

237 2059 356 2090 eadem
385 2060 546 2092 fidissima
571 2069 684 2094 custos
722 2064 813 2095 Ante
845 2065 935 2097 fores

237 2110 342 2141 stabis
366 2111 577 2154 mediamque
595 2115 734 2146 tuebere
751 2119 937 2157 quercum.’

239 2160 339 2192 Quod
354 2161 508 2193 Tiberius
526 2166 710 2204 recusavit,
726 2172 814 2198 teste
830 2168 935 2199 Tran-

237 2212 354 2252 quillo,
374 2223 405 2244 e.
420 2216 472 2244 26.
520 2215 605 2246 Haec
619 2216 785 2248 modestia
802 2219 852 2249 usi
869 2229 934 2250 non

238 2268 316 2294 sunt
347 2265 482 2304 pessimi
508 2266 563 2296 alii
588 2267 759 2306 Caesares;
794 2269 827 2299 in
855 2280 935 2309 quo-

237 2323 309 2344 rum
326 2315 481 2353 nummis,
497 2321 533 2346 ut
555 2316 588 2346 in
612 2317 771 2357 Augusti,
786 2320 936 2350 cernitur

238 2364 310 2395 llaec
327 2375 453 2406 querna
469 2376 606 2399 corona.
634 2368 785 2400 Rumires.

285 2418 305 2445 6
331 2416 447 2446 Illonus
473 2420 588 2457 tantas,
613 2418 683 2458 ξα]
710 2420 797 2452 CaeS.
817 2421 933 2451 Domi-

239 2465 338 2496 tiani:
363 2467 461 2507 cujus
486 2478 620 2499 manum
647 2470 754 2510 epigr.
785 2473 814 2501 8.
847 2470 935 2502 infra

240 2521 353 2552 vocat,
374 2517 383 2532 ‘
400 2517 596 2555 ingentem!

283 2568 300 2596 7
327 2566 391 2597 Hic
407 2568 485 2598 colat
502 2569 714 2610 ingenti‚&c.]
739 2570 870 2602 Domit.
884 2581 936 2603 ce-

240 2616 349 2647 lebret
366 2617 461 2647 ludos
477 2619 659 2659 seculareS,
681 2620 776 2661 (vide
793 2622 936 2654 Sueton.

242 2675 316 2704 cap.
333 2669 364 2697 4.
385 2668 571 2700 Domitian.
597 2674 632 2700 et
654 2670 875 2703 Censorinum
893 2673 936 2704 de

244 2716 308 2745 Die
339 2717 471 2757 Natali)
501 2720 556 2759 qui
586 2722 773 2753 centesimo
803 2733 937 2764 quoquo

245 2775 332 2796 anno
345 2768 618 2802 celebrabantur.
629 2771 687 2811 Et,
704 2772 782 2813 quia
796 2774 936 2805 lustrum

697 198 835 228 NOTAE
871 197 1130 228 VARIOREM
1171 197 1218 227 ΙΝ

980 299 1013 322 et
1059 303 1098 322 sa
1109 292 1231 323 cularis
1271 300 1376 322 annus
1413 291 1683 330 concurrebant5

983 343 1090 373 Poeta
1107 349 1204 374 vocat
1221 344 1229 359 ‘
1242 343 1359 380 ingens
1373 342 1512 372 lustrum
1526 341 1546 372 :²
1565 351 1678 382 quam-

980 405 1079 434 quam
1111 395 1246 435 quintus
1275 403 1408 434 quoque
1432 402 1536 422 annus
1565 402 1626 432 per
1646 403 1679 422 se

980 448 987 461 ‘
1001 455 1140 485 magnus
1153 444 1160 457 '
1177 446 1219 475 sit
1237 444 1441 484 appellatam,
1457 447 1492 473 et
1510 445 1518 459 ‘
1532 442 1681 483 longum’

979 496 1134 535 appellat
1171 493 1360 532 ‘lustrum,’
1385 493 1474 534 quod
1504 493 1680 533 proprium

981 550 1032 575 est
1049 545 1196 586 quinque
1223 554 1407 575 annorum:
1434 543 1573 583 respicit
1596 543 1678 572 item

980 605 1170 634 censuram,
1186 604 1284 635 quam
1313 593 1494 632 assumpsit
1518 593 1580 623 sibi
1611 593 1681 622 Do-

980 646 1150 677 mitianus.
1194 647 1336 676 Sueten.
1363 655 1437 685 cap.
1462 648 1493 675 8.
1523 644 1682 674 Censoris

982 702 1095 726 autem
1110 700 1187 726 erat
1203 696 1351 726 condere
1377 696 1532 725 lustrum.

1024 751 1042 777 8
1069 747 1148 781 Qua*
1175 747 1352 785 Romuleus,
1381 745 1450 785 Cyan]
1478 746 1583 776 Sacra
1605 754 1680 784 quse.

981 795 1110 826 fiebant
1127 796 1166 826 ad
1185 807 1275 826 aram
1294 797 1386 827 Ditis
1404 797 1436 826 in
1451 796 1578 835 Campo
1590 795 1682 824 Mar-

983 847 1044 886 tio,
1057 847 1141 877 ludis
1156 847 1235 887 ipsis
1251 847 1469 878 secularibus.
1487 846 1564 876 Val.
1579 846 1684 875 Mart.

984 900 1006 930 l.
1019 902 1049 930 2.
1065 909 1139 939 cap.
1156 903 1188 930 4.
1212 899 1299 930 Vide
1316 899 1405 940 Ang.
1424 898 1584 929 Politiani
1601 897 1684 927 Mis-

983 950 1106 981 cellan.
1131 960 1161 980 c.
1179 952 1231 981 58.
1270 949 1357 980 Vide
1381 949 1480 990 Epig.
1509 950 1563 979 03.
1592 948 1613 978 l.
1632 950 1683 978 10.

984 1010 1073 1031 vers..
1091 1004 1121 1032 3.
1160 1001 1222 1031 Vel
1240 1001 1324 1032 dicit
1338 1001 1459 1040 Poeta,
1483 1002 1493 1018 ‘
1509 1009 1607 1031 sacra
1622 999 1685 1028 Te·

986 1057 1101 1082 rentus
1115 1051 1240 1091 habet,'
1258 1053 1336 1093 quia
1352 1058 1431 1083 ante
1448 1051 1544 1082 ludos
1557 1051 1685 1082 Teren-

986 1103 1011 1133 ti
1029 1102 1291 1141 sacrificabant3
1325 1102 1401 1134 vide
1430 1102 1489 1133 lib.
1518 1105 1568 1133 10.
1606 1105 1686 1145 Epi-

988 1158 1208 1193 grammatmn
1221 1156 1273 1184 43.
1312 1155 1367 1185 De
1394 1154 1457 1184 hac
1486 1163 1570 1184 voce
1591 1154 1600 1171 ‘
1617 1156 1682 1186 Te-

988 1204 1113 1235 rentus’
1130 1205 1210 1244 (non
1232 1205 1398 1246 Tarentus)
1414 1205 1521 1236 multa
1538 1206 1686 1247 Rutger-

987 1256 1055 1285 sius
1071 1255 1092 1286 l.
1109 1264 1160 1286 iv.
1177 1255 1260 1286 Var.
1278 1258 1328 1286 10.

1028 1308 1048 1335 9
1072 1305 1134 1336 Sed
1163 1306 1268 1337 debita
1292 1305 1402 1345 terris]
1425 1305 1493 1336 Sub
1510 1306 1610 1346 hujus
1625 1306 1683 1336 im-

987 1357 1094 1396 perio,
1119 1357 1175 1397 qui
1193 1366 1258 1387 non
1276 1366 1384 1397 pauca
1400 1356 1524 1387 struxit
1548 1357 1686 1397 templa,

986 1407 1093 1437 multa
1110 1405 1244 1437 refecit.

1031 1462 1070 1490 10
1096 1460 1160 1490 Pro
1182 1462 1269 1489 temto
1285 1468 1364 1499 quoe,
1384 1458 1453 1498 iffa]
1477 1458 1592 1489 Nullae
1610 1468 1686 1499 pre-

987 1519 1041 1540 ces
1055 1511 1302 1551 iniquae‚nullae
1317 1519 1379 1540 non
1395 1509 1592 1550 probandae,
1609 1519 1685 1550 qua>

987 1569 1048 1600 pro
1060 1561 1137 1591 Deo
1150 1565 1184 1590 et
1199 1560 1347 1591 Domino
1361 1564 1476 1590 nostro
1490 1559 1686 1591 Domitiano

984 1611 1227 1652 suscipiuntur.

1028 1663 1132 1692 Eme.
1150 1671 1189 1692 11.
1213 1662 1264 1692 De
1281 1660 1432 1701 Horatio]
1456 1660 1587 1701 Lepida
1609 1671 1683 1692 nar-

984 1713 1174 1744 ratiuncula
1191 1713 1231 1743 de
1247 1712 1394 1743 Horatio
1407 1711 1565 1753 quodam,
1576 1712 1686 1752 publi-

983 1774 1041 1795 cos
1061 1764 1157 1795 ludos
1184 1764 1290 1804 nigris
1319 1763 1463 1794 lacernis
1493 1767 1687 1803 spectante,

985 1825 1087 1856 quum
1118 1815 1310 1854 Imperator
1341 1819 1377 1844 et
1408 1814 1552 1853 populus
1579 1814 1687 1844 omnis

984 1875 1058 1896 cum
1068 1865 1222 1895 candidis
1237 1865 1388 1894 vestibus
1402 1864 1584 1902 assidei-en
1597 1874 1686 1905 narn,

986 1915 1098 1946 subito
1117 1914 1298 1945 decidente
1317 1914 1405 1951 nive,
1421 1913 1526 1951 nigrae
1545 1914 1610 1945 111ae
1638 1915 1686 1944 la-

985 1974 1096 1995 cernae
1113 1965 1200 1994 albae
1219 1963 1318 1994 factae
1336 1968 1427 1993 sunt.
1455 1963 1546 1993 Ham.

1027 2018 1047 2045 2
1088 2014 1203 2053 Nigris
1217 2013 1363 2053 lacernis]
1400 2013 1441 2043 In
1476 2014 1563 2052 togis
1596 2014 1685 2045 enim

986 2065 1204 2105 spectabant,
1226 2073 1290 2094 non
1308 2064 1340 2093 in
1358 2063 1516 2102 lacernis,
1532 2064 1594 2094 nisi
1614 2065 1686 2104 plu-

986 2115 1063 2145 viali
1082 2119 1245 2154 tempore,
1271 2118 1305 2144 et
1321 2119 1391 2144 tum
1410 2113 1496 2153 togis
1518 2113 1684 2153 lacernas,

985 2167 1138 2207 penulas,
1156 2166 1307 2206 aliasque
1327 2170 1439 2196 vestes
1462 2175 1603 2203 crassas,
1630 2167 1685 2196 vel

986 2218 1107 2257 pluviae
1136 2218 1188 2247 vel
1219 2216 1354 2256 frigoris
1383 2216 1520 2247 arcendi
1553 2226 1685 2255 caussa,

984 2266 1310 2308 superinducebant.
1354 2266 1559 2306 IlIunus‚{5·c.]
1584 2268 1685 2298 Forte

985 2318 1212 2356 naumachias,
1240 2327 1321 2358 quas
1338 2317 1429 2348 inter
1445 2318 1608 2349 maximos
1624 2319 1683 2349 irn-

985 2369 1060 2399 bres
1099 2368 1253 2398 exhibuit
1287 2369 1517 2408 Domitianus,
1553 2379 1627 2409 cap.
1651 2374 1683 2401 4.

983 2419 1078 2449 Suet.
1125 2419 1251 2449 Verum
1284 2419 1418 2458 quidem
1447 2424 1497 2451 est
1522 2421 1683 2451 ‘munus'

985 2471 1094 2510 accipi
1119 2479 1180 2510 pro
1205 2470 1292 2501 omni
1320 2479 1443 2510 genere
1471 2473 1685 2512 spectaculo-

986 2531 1078 2558 rum;
1102 2522 1304 2561 saepiuscule
1322 2527 1435 2553 autem
1457 2531 1518 2563 pro
1544 2532 1682 2553 munere

986 2571 1210 2610 gladiatorio;
1235 2571 1332 2610 cnjus
1354 2571 1477 2611 editor,
1506 2574 1514 2589 ‘
1529 2582 1683 2603 munera—

986 2622 1071 2651 rius'
1088 2621 1228 2653 (licitur.
1255 2622 1322 2652 Hic
1338 2626 1449 2653 tamen
1467 2622 1681 2654 naumachias

986 2673 1158 2712 iutelligit.

1030 2727 1048 2754 3
1087 2724 1194 2754 Minor
1218 2722 1307 2762 ordo]
1339 2724 1526 2765 EquestriS.

985 2773 1123 2815 musque]
1145 2774 1355 2807 Senatorius.

1572 2724 1682 2754 Mami-
