1866 3131
361 201 406 229 M.
442 201 500 229 VA
514 200 551 228 1..

132 292 326 334 I'olyltz'levis
350 296 468 334 expuls.
494 294 580 325 Vide
604 293 720 334 Epigr.
735 296 790 325 72.
806 294 825 326 l.

129 346 159 373 7.
177 344 340 384 Sinistris]
356 345 473 385 Epigr.
485 347 538 376 72.
554 345 652 375 lib.7.
669 347 815 375 vers.ll.

171 396 190 424 2
210 394 349 433 Rustico,
364 396 454 426 redde
470 395 581 435 pilam]
599 395 665 427 Qui
695 398 825 425 tantum

134 445 296 483 paganica
315 445 432 475 ludere
461 446 569 477 nosti:
594 445 660 483 vel,
685 445 776 476 rudis
791 449 826 476 et

130 494 265 525 indocte
282 495 372 535 pilae.
396 496 452 526 Sic
472 495 573 534 infra,
589 496 760 536 Epigram.
774 498 826 526 58.

129 547 258 576 (Jra’cav
272 547 393 587 linguae
407 547 521 578 rudem
537 552 636 578 vocat
649 548 825 579 rusticum.

172 597 276 627 Eric.
315 606 427 628 XLvn.
464 600 484 628 2
517 598 603 628 Folle
628 599 726 636 decet,
755 596 824 637 ᾅ-ο.]

131 646 217 678 Vide
236 648 351 688 Epigr.
377 651 426 679 19.
443 648 502 680 lib.
524 651 553 680 4.
575 654 610 679 et
625 649 679 680 lib.
695 651 746 680 12.
762 649 826 688 Ep.

127 700 179 728 83.
207 698 264 729 sed
288 699 425 738 minore,
446 700 500 740 qui
529 704 630 730 vento
659 699 826 731 distentus

128 749 276 783 agitatur
290 747 383 779 facili
396 759 508 781 manu.

171 799 275 829 Erro.
307 808 437 831 xxxin.
484 804 498 831 l
529 801 637 831 Anloei
676 799 826 840 araneus]

128 848 352 889 Palma-nes,
365 851 533 882 studiosus
552 852 733 892 palaestrae,
760 861 827 893 qna

125 899 244 930 vlaruit
273 900 426 932 Antaeus.
457 902 572 943 Epigr.
602 904 656 934 48.
686 902 745 933 lib.
776 905 827 934 14.

130 960 216 981 vers.
233 954 265 981 2.
311 952 359 982 At
372 953 546 984 Turnebus
560 953 617 984 lib.
631 956 661 983 9.
679 962 754 993 cap.
772 955 825 984 23.

125 1010 222 1030 sensu
240 1002 345 1031 minus
362 1003 553 1033 verecundo
570 1002 717 1041 intelligi
744 1003 826 1041 vult,

126 1054 226 1090 atque
262 1052 406 1082 alterum
441 1051 577 1083 distichi
610 1061 743 1081 versum
782 1051 824 1082 ad

126 1101 269 1132 eundem
301 1101 463 1132 draucum
503 1102 623 1142 refert,
646 1102 714 1142 qui,
749 1112 824 1133 cum

126 1152 233 1181 mollis
260 1152 318 1190 sit,
347 1152 445 1182 fortis
478 1152 584 1182 videri
611 1153 716 1192 cupit,
739 1162 824 1183 vano

126 1202 239 1232 labore
268 1202 380 1232 Anteri
406 1203 558 1233 cervices
575 1212 709 1242 a‘quare
726 1212 826 1233 cona-

126 1257 196 1282 tus:
223 1258 258 1282 nt
272 1254 344 1284 Sat.
362 1256 392 1284 3.
407 1254 487 1284 Juv.
505 1262 590 1283 vers.
604 1256 654 1283 58.
686 1252 753 1283 Sed
766 1262 823 1293 po-

125 1302 204 1332 teris
230 1304 238 1319 ‘
253 1312 372 1333 vanum
389 1302 396 1314 '
420 1312 603 1343 exponere,
621 1313 699 1341 agro
724 1303 823 1334 inuti-

125 1354 415 1395 lem,utseqnent.
430 1353 546 1394 Epigr.
567 1354 662 1385 Fur-n.
697 1353 822 1384 Mirum

123 1404 175 1434 liic
192 1409 348 1444 satagere
374 1403 464 1434 viros
486 1403 619 1442 doctos,
642 1408 677 1434 et
692 1413 757 1434 non
775 1403 822 1434 vi-

125 1455 217 1493 dere,
236 1454 396 1485 draucuni
424 1454 573 1484 velocem
598 1454 670 1484 haec
701 1462 820 1493 rapere

125 1505 155 1534 in
174 1505 311 1544 pulvere
329 1504 453 1543 Ant-421,
470 1503 715 1543 accipiendum.
740 1504 819 1534 Pul-

125 1554 173 1584 vis
191 1553 317 1592 Antaei,
333 1554 503 1593 palaestra.
535 1553 622 1584 Vide
640 1554 819 1584 Diatriben

127 1604 167 1634 ad
183 1605 342 1643 Statium,
358 1614 431 1644 cap.
450 1607 502 1635 24.
531 1605 629 1634 Gron.

168 1655 271 1686 Erro.
285 1663 383 1685 xmx.
408 1653 568 1693 Halteres]
585 1655 689 1684 Erant
703 1663 820 1685 massae

125 1716 142 1736 e
161 1706 310 1746 plumbo,
331 1705 434 1743 ferro,
447 1706 499 1736 vel
515 1705 640 1744 lapide,
653 1705 772 1746 quibus
787 1705 820 1735 in

123 1757 209 1787 saltu
225 1756 406 1794 librabant,
430 1755 471 1786 ab
489 1754 630 1793 ἅλλομαι.
676 1756 821 1786 Videtur

126 1813 161 1837 et
176 1807 290 1837 horum
307 1816 384 1836 usus
401 1804 503 1836 fuisse
517 1806 548 1836 in
566 1804 692 1835 balneis
710 1805 749 1835 ad
768 1815 821 1835 su-

126 1857 251 1887 dorem.
274 1856 428 1887 Juvenal.
465 1856 538 1886 Sat.
567 1858 598 1886 6.
630 1865 714 1886 vers.
745 1858 819 1886 422.

128 1908 210 1938 Tum
243 1907 351 1938 Poeta
380 1907 520 1937 stultum
545 1906 675 1937 haltera
702 1912 819 1945 vocat;

125 1959 214 1999 qiiod
234 1959 305 1989 sine
334 1967 446 1997 operae
463 1959 575 1997 pretio
590 1956 690 1988 fieret
706 1967 746 1987 ea
763 1967 820 1988 ex-

124 2007 293 2047 ercitatio,
331 2012 368 2038 et
405 2007 478 2047 plus
518 2013 660 2038 noceret
684 2007 819 2047 corpori

123 2069 221 2100 quam
241 2058 428 2099 prodesset.

170 2111 275 2141 Eric.
291 2118 321 2140 L.
346 2112 359 2139 1
389 2108 482 2140 Lucet
505 2109 708 2149 immundum]
736 2110 819 2140 Luto

127 2161 290 2201 inquinet.
331 2160 471 2200 Nitidos]
494 2161 676 2199 Unguento
693 2160 821 2192 delibu-

126 2217 189 2242 tos.
235 2212 361 2242 ceroma
377 2211 519 2252 capillos]
541 2211 658 2252 Epigr.
685 2214 737 2243 57.
763 2212 820 2243 lib.

131 2264 161 2292 3.
180 2270 264 2291 vers.
281 2264 333 2292 25.

171 2314 185 2341 l
215 2311 286 2341 Hac
301 2312 376 2350 pelle
390 2311 504 2350 comas]
527 2311 655 2343 Galero
680 2321 698 2342 e
721 2312 822 2352 pelle,

127 2367 164 2392 ut
196 2362 366 2402 Epigram.
395 2364 447 2392 115.
478 2362 536 2392 lib.
568 2365 619 2393 12.
650 2373 699 2394 vs.
726 2366 754 2392 1.

168 2413 273 2443 Epic.
289 2421 334 2442 u.
362 2415 376 2442 l
402 2412 574 2451 Pergamus
585 2414 638 2444 has
650 2413 753 2453 misit]
768 2413 821 2443 ln-

127 2469 237 2494 ventae
262 2462 348 2494 forte
365 2463 396 2493 iu
415 2463 597 2502 Pergamo,
626 2462 716 2493 Asiae
740 2472 820 2503 opp.

130 2515 182 2544 vel
200 2514 276 2545 inde
303 2514 415 2544 allatae
441 2518 519 2544 sunt
544 2513 701 2553 strigiles·
749 2513 821 2544 Dis-

125 2563 371 2603 tringereserro]
389 2563 630 2604 Imperativum
641 2563 820 2602 passivum.

125 2614 280 2654 Strigiles
310 2614 396 2644 enim
423 2624 440 2644 a
471 2613 665 2654 stringendo
689 2617 818 2653 tergen-

130 2665 214 2695 ‹love
231 2674 373 2704 corpore
388 2663 502 2694 dictae.

170 2718 189 2745 2
215 2715 286 2746 Non
300 2718 365 2746 lam
380 2724 470 2754 slepe,
484 2713 549 2753 ssa]
563 2714 675 2744 Minus
691 2713 819 2754 indige-

131 2764 179 2796 bis
199 2774 302 2806 opera
323 2763 456 2796 fullonis
473 2764 513 2797 ad
537 2764 679 2796 eluenda
701 2764 819 2803 lintea,

584 198 858 228 MAR'rtALlS
893 198 1050 229 EPIGR.
1088 200 1181 229 Llss.
1218 201 1319 230 XlV.

1456 191 1578 232 1413Α

876 303 941 334 quo
964 294 1070 334 magis
1097 294 1212 326 sordes
1229 295 1440 326 distrinxeris
1457 298 1568 337 strigi-

877 344 961 375 libus
978 345 1009 374 in
1024 345 1162 376 balneis.

919 394 1023 424 Eme.
1042 403 1105 426 ιιι.
1130 399 1145 426 l
1168 396 1324 436 Gestavit,
1339 396 1408 437 ὅπη]
1424 397 1566 428 Ecornu

875 444 968 475 bovis
988 449 1041 476 est
1062 445 1117 476 hic
1141 451 1270 487 guttus,
1293 447 1348 488 qui
1372 446 1506 478 videtur
1519 453 1567 479 ta-

875 505 951 526 men
967 506 984 527 e
1007 505 1086 527 naso
1114 497 1332 528 rhinocerotis
1357 498 1480 537 factus,
1500 508 1566 539 quo

875 546 908 576 in
926 546 1053 577 balneis
1081 552 1222 578 utuntur
1237 549 1397 580 lautiores
1422 549 1497 580 oleo
1514 559 1565 579 su-

876 595 1113 635 perfundendi.
1146 598 1155 614 ‘
1170 598 1295 637 Magno
1322 609 1398 630 cum
1417 600 1567 630 rhinoce—

876 650 948 676 rote
971 646 1077 677 lavari
1102 647 1168 679 Qui
1194 648 1303 688 solet,'
1319 649 1477 680 Juvenal.
1496 650 1568 680 Sat.

875 698 905 727 7.
940 706 1027 728 vers.
1061 699 1133 729 129.
1177 698 1302 729 Dictus
1325 703 1377 729 est
1407 709 1426 729 a
1452 699 1570 738 guttis,

875 746 965 787 quod
979 747 1104 784 vinum,
1117 758 1250 790 aquam,
1261 758 1320 780 seu
1332 748 1442 780 oleum
1460 753 1570 790 gutta-

876 799 934 829 tim
950 797 1122 831 funderet.

920 849 1026 881 Eme.
1050 859 1129 881 uu.
1153 853 1168 881 1
1197 851 1316 891 Nuper,
1342 850 1411 891 εμπ]
1441 850 1569 882 Guttus

876 900 929 931 hic
946 907 999 932 est
1014 911 1032 932 e
1044 911 1147 932 cornu
1164 911 1223 933 seu
1235 912 1316 933 naso
1333 903 1568 941 rhinocerotis,

875 952 1007 992 qualem
1023 951 1167 983 vidimus
1181 962 1289 993 nuper
1301 953 1334 983 in
1347 951 1567 993 Amphithea-

876 1007 928 1033 tro
960 1004 1153 1043 jactantem
1193 1009 1308 1035 tauros
1350 1005 1443 1046 quasi
1472 1005 1568 1045 pilas.

875 1053 994 1093 Epigr.
1010 1056 1040 1083 9.
1056 1053 1114 1084 lib.
1134 1053 1255 1094 Spect.

917 1103 1021 1134 Epio.
1036 1112 1108 1134 mv.
1133 1107 1148 1134 1
1174 1104 1320 1134 Plorator
1348 1104 1474 1134 vernula
1494 1113 1568 1143 pen·-

873 1152 940 1192 det]
954 1153 1105 1191 Puellus,
1114 1154 1208 1194 cujus
1219 1152 1334 1184 fletum
1346 1154 1464 1185 sedare
1475 1154 1568 1184 velis.

918 1205 937 1233 2
971 1202 1091 1243 Sislra]
1130 1204 1272 1234 Sistrum
1305 1205 1565 1235 instrumentum

874 1257 946 1282 erat
965 1252 1157 1293 AEgyptiurn
1175 1263 1192 1283 e
1206 1255 1344 1284 metallo
1356 1260 1490 1293 argum,
1501 1264 1566 1295 quo

872 1302 906 1333 in
919 1302 1018 1333 Isidis
1031 1303 1136 1333 sacris
1152 1303 1347 1342 utebantur,
1359 1304 1400 1334 ab
1412 1304 1567 1343 agitatio-

872 1362 914 1383 ne
932 1362 1052 1384 nomen
1069 1352 1208 1383 babens.
1241 1353 1375 1383 Graecis
1392 1354 1480 1383 enini
1497 1354 1568 1383 σείω

871 1405 962 1435 valet
976 1405 1062 1435 idem
1075 1405 1177 1446 quod,
1187 1414 1316 1444 moveo,
1330 1405 1466 1445 quatio:
1491 1415 1567 1435 nam

870 1455 1036 1495 agitatum
1053 1460 1089 1486 et
1101 1464 1301 1485 concussum
1313 1455 1453 1487 tinnitus
1470 1466 1567 1496 argu-

871 1510 923 1535 tos
940 1505 1077 1536 edebat.
1116 1505 1324 1546 Epigramm.
1346 1508 1398 1536 29.
1428 1506 1483 1537 lib.
1518 1509 1567 1538 12.

871 1564 959 1585 vers.
975 1558 1026 1586 19.

916 1606 1087 1636 ΕΡιο.ω·.
1113 1608 1127 1636 1
1147 1606 1298 1647 Proficies
1307 1606 1477 1647 nileil‚25·c.]
1488 1607 1568 1647 Seg-

871 1665 929 1686 nes
946 1656 1033 1686 enim
1050 1660 1085 1686 et
1100 1655 1294 1696 tardipedes
1311 1661 1399 1694 sunt,
1414 1666 1475 1687 nec
1488 1658 1568 1687 assi-

872 1706 938 1736 duo
955 1704 1088 1746 flagello
1101 1712 1331 1746 provocantur
1348 1705 1424 1746 equi
1442 1716 1565 1746 purpu-

873 1765 939 1787 reae
966 1755 1124 1787 factionis
1141 1767 1150 1794 ;
1174 1756 1262 1797 quod
1280 1756 1322 1787 de
1338 1757 1480 1787 Venetis
1497 1757 1566 1787 dix-

873 1807 911 1847 it,
931 1807 1048 1847 Epigr.
1063 1807 1152 1838 46.1.
1170 1810 1201 1838 6.

915 1858 1020 1887 Erm-
1050 1865 1119 1887 Lvr.
1146 1860 1160 1887 1
1188 1856 1273 1892 Quid
1294 1866 1409 1887 mecum
1434 1856 1568 1895 esttibi,

871 1907 940 1947 Sym]
966 1906 1082 1936 Pulvis
1104 1906 1158 1936 hic
1175 1905 1365 1936 candefacit
1381 1906 1566 1945 puellarum

872 1958 1003 1988 nativos
1033 1956 1152 1987 dentes
1177 1967 1185 1988 :
1213 1965 1278 1986 non
1313 1956 1500 1986 vetularum
1531 1961 1567 1986 et

871 2007 1105 2038 edentularum
1119 2006 1307 2037 adscititios
1320 2015 1362 2037 ex
1385 2007 1501 2038 ebore.

916 2058 1020 2089 E1’1G.
1045 2066 1135 2088 Lvu.
1159 2059 1175 2087 l
1202 2057 1291 2092 Quod
1319 2066 1371 2087 nec
1406 2057 1569 2095 Virgilius,

872 2107 942 2146 Esou]
964 2107 1004 2137 In
1020 2116 1099 2137 voce
1129 2106 1388 2146 ‘myrobalano'
1412 2111 1465 2137 tot
1489 2116 1567 2137 con-

871 2161 1011 2188 currunt
1027 2155 1165 2196 syllabae
1189 2156 1320 2194 breves,
1343 2161 1379 2187 ut
1396 2155 1500 2196 (quod
1524 2155 1565 2186 de

873 2208 1059 2249 Equotutio
1072 2207 1159 2238 dixit
1175 2206 1358 2247 Horatius)
1380 2208 1388 2224 ‘
1404 2217 1500 2237 versu
1515 2207 1565 2237 di-

873 2268 951 2291 cere
964 2268 1030 2290 non
1041 2258 1085 2289 sit
1097 2257 1117 2289 :'
1136 2258 1201 2289 imo
1217 2257 1276 2299 (ad
1293 2257 1381 2299 quod
1395 2259 1564 2299 respicere

874 2309 1008 2340 videtur
1030 2308 1142 2340 Poeta
1166 2313 1295 2347 noster,
1317 2313 1353 2338 et
1370 2308 1459 2348 quod
1477 2309 1565 2338 idem

873 2360 1029 2392 observat
1042 2359 1082 2390 ad
1099 2359 1197 2391 Iliad.
1219 2361 1253 2398 ψ.
1278 2359 1488 2397 Eustathins)
1503 2369 1565 2390 nec

873 2411 905 2442 in
923 2416 994 2441 toto
1009 2419 1110 2449 opere
1135 2419 1250 2440 vocem
1274 2409 1366 2450 gripor
1392 2411 1566 2450 usurpavit

874 2461 1056 2498 Homerus,
1072 2461 1120 2491 uti
1134 2469 1197 2491 nec
1220 2460 1463 2500 ‘unguentum‘
1487 2460 1566 2491 Vir-

873 2512 981 2550 gilius.
1025 2511 1087 2541 Est
1120 2520 1200 2541 vero
1226 2510 1480 2551 Myrobalanum
1505 2520 1564 2541 un·-

872 2565 1033 2601 guentum
1060 2570 1078 2591 e
1107 2559 1228 2600 glande
1254 2559 1382 2591 arboris
1410 2560 1566 2601 Myroba-

872 2611 949 2642 lani.

913 2662 1019 2692 EP1G.
1050 2669 1154 2691 Lv111.
1200 2663 1215 2691 1
1254 2661 1400 2693 Rusticus
1429 2672 1472 2702 es,
1495 2664 1565 2704 fisa]

870 2712 1002 2744 Graecae
1012 2710 1135 2751 linguae
1146 2711 1249 2743 rudis.
1260 2712 1379 2752 Supra,
1388 2713 1502 2755 Epigr.
1513 2717 1565 2746 46.

913 2765 932 2793 2
955 2761 1070 2802 Spuma
1083 2761 1175 2802 nitri]
1194 2761 1304 2801 Ἀφρὸς
1325 2762 1437 2803 νίτρου.
