1866 3131
212 183 325 225 1194

210 294 279 321 tem
293 288 342 320 illi
357 288 440 320 odor
451 288 491 320 ab
506 288 658 320 excubiis
672 288 914 320 castrensibus.

209 341 302 372 Lassi
329 340 502 371 Bardaicus
528 339 609 379 quod
628 338 762 379 evocati]
785 339 840 370 Sic
868 339 914 370 le-

211 391 358 433 gendum
373 395 492 422 censet
507 391 689 422 Salmasius
706 403 712 420 :
740 400 816 421 nam
830 391 913 421 Bm·-

209 443 317 473 daicus
344 451 364 472 a
380 441 556 481 Bardaeus,
572 446 609 472 ut
629 442 639 458 ‘
655 441 829 472 arcliaicus
842 440 850 453 '
872 441 914 472 ab

209 492 347 533 ἀρχαῖος,
379 494 445 523 δια.
469 491 608 523 Bardaei
638 491 755 532 populi
778 496 855 522 sunt
870 491 915 521 Il-

209 543 318 583 lyrici,
342 552 361 573 a
390 541 511 583 quibus
527 542 584 573 isti
600 542 758 572 Bardaici
777 541 916 572 cuculli.

209 593 344 624 Horum
370 592 498 624 Glossae
522 591 730 623 mentionem
761 591 886 621 habent
906 601 913 620 z

209 643 362 683 Bardaei,
380 641 523 683 Ἰλλύριοι
537 642 650 683 δοῦλοι,
673 642 700 672 οἱ
717 641 748 672 δὲ
764 639 915 680 ἀγωνισά-

208 706 291 732 μενοι
313 693 387 734 ύπὲρ
410 695 470 730 τῆς
487 693 622 724 Ἰταλίας
641 692 722 723 κατὰ
739 692 847 723 Κίννου
865 691 917 722 καὶ

212 745 329 786 Μαρίου
349 743 622 785 στρατευσάμενοι,
643 746 706 776 &c.
723 744 916 774 Ptolemaeo

210 796 375 828 dicuntur
391 795 564 835 Οὐαρδαῖοι.
609 795 749 832 Verum,
775 803 850 824 cum
868 793 916 823 in-

209 851 263 877 ter
280 856 334 877 res
348 846 436 877 male
452 846 584 877 olentes
599 843 805 876 Bardaicum
832 843 918 874 mili-

210 897 255 928 tis
272 897 443 929 Martialis
462 900 579 937 ponat,
597 895 777 934 incertum,
802 899 915 925 utrum

210 948 254 979 de
270 948 388 979 calceo
416 947 601 987 intelligat,
624 955 666 977 an
693 945 736 976 de
763 945 917 976 cucullo?

211 1008 331 1030 verum
347 998 502 1030 cucullos
518 998 622 1029 etiam
639 996 764 1038 pedum
780 996 917 1028 invenio

210 1049 414 1090 appellatos,
447 1049 506 1089 qui
546 1047 850 1088 cucullopedones,
882 1051 918 1078 et

210 1099 424 1141 pedocuculli
440 1098 652 1131 dicebantur.
699 1099 831 1129 Horum
862 1098 916 1129 ha-

210 1150 313 1181 betur
327 1150 455 1181 mentio
472 1149 506 1180 in
530 1149 632 1181 Notis
647 1149 780 1180 Tironis
798 1155 833 1180 et
858 1150 918 1180 se-

209 1211 317 1233 necae.
361 1201 416 1233 Sic
442 1201 574 1232 Graecis
603 1202 693 1231 πῖλος
728 1206 764 1231 et
794 1200 918 1241 pedum

209 1257 247 1284 et
262 1252 385 1293 capitis
402 1251 551 1283 dicitur:
570 1256 606 1282 et
625 1250 715 1291 apud
732 1251 917 1282 Hesiodum

209 1303 297 1332 πῖλοι
322 1303 424 1333 etiam
449 1307 528 1334 sunt
555 1301 709 1342 pedules.
756 1302 920 1332 Similiter

209 1352 342 1384 Latinis
375 1352 504 1385 ‘cudo’
540 1358 720 1394 utrumque
749 1352 919 1393 siguifica-

211 1403 285 1442 bat,
309 1408 345 1435 et
374 1405 527 1445 galerum
557 1404 609 1434 vel
641 1404 780 1444 pileum,
807 1411 841 1434 et
860 1413 917 1444 pe-

210 1454 312 1485 dule:
343 1464 420 1486 nam
445 1454 576 1485 ‘cudo’
613 1460 666 1485 est
690 1455 793 1494 πῖλος,
817 1464 836 1485 a
859 1464 917 1485 cu-

210 1504 344 1536 dendo:
369 1506 378 1521 ‘
394 1505 537 1536 cudere'
560 1509 676 1536 autem
688 1510 740 1536 est
759 1504 862 1536 ferire
882 1510 918 1537 et

211 1557 371 1588 tundere.
422 1556 526 1593 Hinc,
554 1557 644 1598 quod
677 1556 853 1588 tundendo
884 1562 919 1588 et

209 1606 368 1638 feriendo
383 1616 425 1637 ex
442 1607 520 1647 pilis
534 1607 663 1638 coactis
679 1612 714 1638 et
730 1608 917 1638 conciliatis

212 1657 309 1698 quasi
352 1657 574 1696 cuderentur,
620 1657 707 1689 dicti
756 1658 919 1690 cudones.

211 1709 220 1725 ‘
238 1707 397 1738 Udones'
429 1712 543 1738 tamen
572 1717 633 1748 pro
661 1707 851 1739 cudonibus
875 1708 918 1740 de

213 1758 394 1798 pedulibus
423 1758 567 1789 dixere:
597 1758 658 1790 sed
676 1759 742 1790 udo
767 1765 801 1790 et
831 1759 919 1790 cudo

211 1809 313 1840 idem.
334 1810 514 1840 Salmasius.
539 1809 689 1841 Turneb.
706 1809 762 1840 lib.
776 1812 918 1850 25.cap.

213 1862 269 1892 24.
314 1859 462 1899 Evocati]
481 1859 646 1890 Veterani
664 1864 699 1890 et
712 1859 847 1890 emeriti
861 1860 920 1890 mi-

213 1912 295 1952 litis,
322 1912 392 1954 qui,
418 1911 567 1951 expletis
599 1910 790 1951 stipendiis,
809 1910 920 1951 gratia

213 1968 328 1994 tamen
361 1962 415 1993 vel
445 1961 608 1993 mercede
638 1961 845 1993 evocabatur
876 1961 919 1992 ad

215 2012 385 2044 militiam,

258 2066 278 2093 ὃ
303 2064 365 2094 Bis
394 2063 523 2102 murice,
548 2063 616 2103 Esau]
632 2063 775 2094 ‘vestes
791 2062 918 2093 murice

213 2114 345 2146 olidas’
383 2114 518 2145 dixerat
550 2114 650 2154 Epig.
678 2117 728 2144 50.
762 2112 821 2145 lib.
849 2116 878 2144 1.
900 2123 919 2143 a

214 2166 298 2198 lotio
317 2165 465 2197 fortasse
483 2174 548 2206 quo
566 2163 827 2204 temperabatur
843 2173 920 2204 pur-

216 2226 313 2258 pura,
338 2216 430 2257 quod
456 2216 598 2246 inuuere
624 2214 761 2245 videtur
789 2214 920 2245 Plinius

219 2270 280 2300 lib.
294 2272 326 2300 9.
343 2278 416 2308 cap.
435 2270 487 2298 34.
508 2272 543 2297 et
566 2267 628 2296 lioe
645 2266 778 2296 nomine
795 2265 918 2296 Phila>-

217 2321 285 2351 nim
318 2319 498 2360 purpureis
533 2318 739 2348 delectatam
768 2317 920 2348 vestibus

218 2370 330 2405 amun
356 2370 377 2399 l.
393 2372 425 2401 9.
452 2368 634 2408 Epigr.09.
660 2368 732 2398 vitii
746 2377 811 2398 non
834 2367 920 2398 absi-

217 2422 306 2452 milis
319 2421 420 2459 illius,
431 2418 519 2460 qttod
533 2419 664 2449 ssoetico
676 2417 792 2458 objicit
803 2418 920 2458 Epigr.

217 2476 273 2504 76.
291 2471 397 2502 lib.3.
422 2470 509 2501 Vide
538 2475 573 2501 et
594 2469 750 2501 Turneb.
777 2468 921 2500 Advers.

217 2523 341 2554 lib.1x.
365 2532 438 2561 cap.
454 2525 485 2551 5.

262 2576 280 2603 7
304 2573 431 2611 ιΙιζῘιιηὲα
450 2571 697 2601 sabbam-iorum
724 2570 923 2608 DIoeslorum,

218 2624 284 2664 aya]
306 2623 419 2656 Judaei
436 2622 578 2653 sabbata
592 2621 845 2661 religiosissime
868 2629 922 2651 co-

219 2675 347 2711 lebant,
369 2678 404 2704 ct
431 2673 502 2704 (lies
530 2673 730 2712 septimanae
746 2682 765 2702 a
781 2671 923 2702 sabbato

221 2723 456 2756 numerabant.
504 2725 699 2755 ‘foetentes
714 2722 721 2733 '
739 2732 795 2753 cos
809 2722 924 2763 appel·

679 192 821 222 NOTAE
855 192 1120 223 VARIORUM
1157 191 1210 222 IN

967 289 1016 319 lat
1030 287 1106 318 Am.
1125 286 1348 318 Marcellinus
1359 285 1457 318 lib.2.
1476 286 1519 317 ob
1531 286 1676 327 jejunia,

969 348 1043 379 quae
1062 337 1198 378 quidem
1211 336 1400 376 religiosius
1411 335 1643 367 observabant
1657 348 1667 375 3

961 389 1090 430 jejunis
1114 393 1227 419 autem
1255 397 1319 418 non
1336 396 1412 417 raro
1436 386 1536 418 foetet
1552 387 1674 427 anima,

967 444 1004 470 ut
1022 443 1057 469 et
1074 438 1193 479 quibus
1210 447 1292 469 cura
1308 441 1345 468 et
1361 437 1578 468 solicitudine
1597 448 1676 469 avo.

967 494 1066 521 catur
1086 488 1251 520 stomachi
1275 488 1379 528 calor,
1403 497 1470 529 quo
1486 488 1596 519 minus
1618 498 1674 521 co·

971 545 1096 582 quatur
1119 540 1228 571 cibus.

1007 595 1029 623 9
1058 593 1200 623 Moriens
1228 589 1369 629 lucerna]
1392 589 1481 620 Dum
1499 587 1673 628 extingui-

969 648 1026 675 tur
1050 649 1109 675 aut
1138 642 1297 674 moritur.
1327 642 1394 673 The
1417 639 1515 681 snuff.
1562 640 1673 680 Ledae]

967 693 1024 725 Al.
1051 695 1151 725 ledoe:
1174 693 1264 734 quod
1290 702 1358 723 non
1386 691 1515 733 probo:
1541 690 1675 722 retineo

966 743 1072 783 Ledae,
1104 742 1140 774 id
1166 748 1233 782 est,
1259 742 1464 780 meretricis,
1492 746 1530 772 ut
1557 741 1616 772 lib.
1642 744 1675 773 3.

968 794 1086 834 Epigr.
1107 796 1159 825 81.
1186 792 1400 824 Prostabant
1425 795 1541 822 autem
1569 801 1678 822 mere-

968 844 1071 875 trices
1084 843 1126 874 ad
1143 843 1314 874 lucernas.
1335 843 1458 874 Horat.
1473 842 1542 872 Sat.
1559 844 1592 873 7.
1616 841 1676 873 lib.

967 901 999 929 2.
1014 896 1174 930 Juvenal.
1192 896 1262 927 Sat.
1275 898 1306 926 6.
1334 905 1423 926 vers.
1440 897 1515 925 132.

1012 951 1052 979 10
1085 948 1249 978 Ceromata
1267 945 1363 985 soece,
1386 944 1458 985 Sym]
1492 945 1677 985 Unguenta

968 1008 1010 1030 ex
1023 999 1093 1029 luto
1110 1003 1145 1029 et
1161 998 1251 1036 oleo,
1278 1007 1345 1038 quo
1373 997 1544 1028 luctantes
1568 1005 1673 1035 unge-

969 1048 1111 1087 bantur;
1135 1048 1254 1088 Epigr.
1283 1049 1335 1078 57.
1373 1046 1430 1077 lib.
1448 1049 1478 1078 3.
1502 1054 1591 1077 vers,
1621 1048 1675 1077 25.

969 1110 1028 1131 seu
1042 1107 1178 1130 amurca
1192 1098 1257 1129 olei
1272 1096 1402 1137 Sabini,
1418 1106 1495 1138 quae
1507 1095 1593 1127 male
1608 1096 1674 1127 ole-

970 1152 1065 1183 bant.

1016 1204 1053 1232 11
1097 1201 1205 1241 Vulpis
1233 1198 1335 1239 fuga]
1371 1199 1441 1229 Per
1477 1198 1672 1238 Metonym.

971 1251 1042 1282 Pro
1065 1251 1149 1281 lotio
1177 1261 1196 1281 a
1222 1251 1324 1290 vulpe
1345 1248 1501 1289 fugiente
1525 1250 1560 1279 in
1576 1258 1678 1280 canes

970 1307 1134 1343 urgentes
1151 1300 1240 1333 fuso.
1280 1300 1405 1340 Cubile]
1423 1299 1523 1333 Quod
1539 1304 1575 1331 et
1591 1301 1679 1331 male

971 1353 1053 1384 olet.

1015 1409 1055 1437 12
1093 1406 1236 1443 Mallem,
1262 1414 1352 1444 quam
1382 1404 1474 1444 quod,
1496 1402 1564 1443 ὅρα]
1589 1403 1678 1434 Coli-

972 1465 1065 1487 naeus
1096 1455 1192 1495 legit,
1215 1455 1341 1493 Malles,
1366 1453 1426 1484 sed
1443 1454 1552 1484 minus
1570 1459 1677 1485 recte.

976 1508 1078 1543 Quam
1094 1507 1174 1547 quod
1196 1506 1268 1543 oles,
1283 1504 1352 1545 θα]
1366 1504 1430 1535 Illa
1446 1503 1559 1534 omnia
1570 1513 1589 1534 a
1605 1513 1678 1534 cor-

973 1558 1147 1598 ruptione,
1178 1561 1214 1587 tu
1241 1556 1284 1586 ab
1312 1556 1446 1586 interno
1476 1564 1540 1585 nec
1572 1554 1678 1585 nomi-

973 1608 1086 1639 nando
1111 1607 1194 1639 vitio
1215 1606 1483 1647 graveolentiam
1500 1606 1585 1637 hanc
1599 1615 1679 1637 con-

973 1657 1120 1689 traxisti.
1167 1658 1211 1688 Et
1235 1667 1302 1688 non
1325 1661 1457 1688 tantum
1484 1656 1580 1696 dicit,
1607 1667 1681 1696 gra-

972 1709 1047 1739 vius
1081 1709 1175 1740 illum
1206 1709 1312 1746 olere,
1346 1707 1397 1738 his
1425 1707 1579 1738 omnibus
1604 1717 1678 1748 quae

975 1759 1206 1790 enumeravit:
1232 1758 1292 1789 sed
1307 1757 1395 1799 quod
1411 1767 1452 1788 ea
1465 1757 1540 1798 ipsa
1561 1758 1681 1789 mallet

972 1810 1079 1847 olere,
1095 1818 1193 1849 quam
1208 1807 1296 1849 quod
1315 1808 1397 1839 olet.

1014 1860 1121 1890 EP1G.
1139 1868 1171 1889 v.
1193 1862 1209 1889 1
1240 1858 1297 1889 Vir
1310 1858 1405 1888 bonus
1419 1862 1449 1888 et
1465 1868 1594 1898 pauper,
1609 1857 1681 1898 ἅμ]

975 1909 1098 1940 Brevis
1125 1913 1241 1949 satyra
1267 1912 1320 1939 est
1347 1907 1409 1938 hoc
1448 1908 1679 1948 Epigramma,

973 1969 1039 2000 quo
1066 1958 1182 2000 lepido
1199 1958 1361 1999 figmento
1378 1959 1490 1998 carpit
1510 1958 1678 1989 Romano-

973 2019 1046 2041 rum
1076 2018 1207 2040 mores:
1247 2008 1345 2048 fingit
1374 2007 1462 2039 enim
1493 2008 1679 2039 Fabianum

974 2071 1176 2103 pauperem,
1200 2061 1322 2092 bonum
1353 2065 1389 2091 et
1417 2060 1607 2101 simplicem
1632 2060 1682 2092 vi-

972 2123 1058 2152 rum,
1083 2114 1225 2144 Romam
1252 2118 1394 2153 petere;
1430 2112 1487 2143 ubi
1514 2123 1580 2143 non
1604 2118 1679 2145 erat

972 2164 1066 2195 locus
1097 2163 1286 2204 hujusmodi
1313 2163 1478 2203 moribus,
1503 2163 1680 2203 praedicit·

973 2225 1038 2256 que
1068 2215 1101 2246 ei
1132 2213 1218 2254 fore,
1247 2218 1285 2245 ut
1314 2223 1488 2254 nunquam
1516 2214 1612 2245 dives
1634 2214 1680 2246 sit

973 2265 1117 2296 futurus.
1141 2266 1236 2296 Ram.
1281 2264 1370 2295 Vide
1385 2265 1449 2304 Ep.
1463 2265 1558 2295 38.1.
1575 2266 1606 2296 3.

1015 2319 1034 2346 3
1062 2317 1126 2351 Qui
1141 2326 1194 2345 uec
1209 2314 1291 2354 Imm]
1308 2314 1373 2346 Qui
1391 2324 1454 2344 nec
1470 2314 1678 2355 prostituere

974 2377 1088 2398 servos
1111 2375 1295 2406 servasque
1312 2365 1352 2396 ad
1371 2370 1536 2406 quaestum
1566 2370 1680 2404 potes,

973 2419 1037 2448 ἃς.
1074 2417 1264 2447 Comissator
1293 2416 1413 2456 haberi]
1448 2416 1539 2447 Gulo
1565 2416 1680 2446 inuno-

974 2467 1070 2498 dicns
1088 2472 1123 2499 et
1141 2467 1278 2508 popino.

1016 2522 1035 2550 4
1062 2519 1129 2550 Nec
1148 2518 1287 2558 pat-idos,
1309 2516 1376 2557 ‹ij-tn]
1398 2518 1471 2550 Nec
1489 2516 1587 2557 fungi
1604 2515 1676 2548 offi-

974 2569 1027 2600 cio
1044 2578 1253 2609 praeconum,
1270 2569 1326 2609 qui
1344 2567 1416 2598 fere
1435 2578 1575 2598 scurrae.

1017 2623 1037 2650 6
1057 2619 1206 2656 Arrigere
1220 2620 1260 2649 ad
1272 2618 1405 2658 vetulas]
1421 2619 1507 2650 Qum
1529 2620 1538 2634 ⁴
1552 2618 1679 2658 optima

975 2671 1095 2701 stuumi
1114 2670 1212 2701 Nunc
1232 2667 1502 2708 viuprocessus,’
1529 2669 1590 2698 fite.
1615 2667 1675 2698 Ju-

978 2721 1086 2751 vcnal.
1107 2719 1222 2759 Smyr.
1251 2722 1277 2749 l.
1294 2728 1379 2749 vers.
1397 2720 1449 2748 39.
1473 2716 1678 2756 ‘Algentes'
