1866 3131
390 199 436 226 M.
474 199 580 227 x'AL.

135 288 285 326 sabatur,
300 297 464 330 usurpata
480 297 540 322 est.
580 290 713 321 Salmas.

180 341 218 369 lb·
241 338 354 379 Scorpo
362 341 501 380 fuerint]
527 342 645 380 Epigr.
659 344 711 371 50.
724 346 759 370 et
773 343 824 370 53.

134 387 192 417 lib.
212 392 261 419 10.
289 390 438 430 Incitato]
456 391 573 430 Epigr.
590 394 642 421 76.
658 390 715 421 lib.
734 393 783 420 10.

180 442 281 472 Eme.
299 451 339 472 11.
364 445 377 472 l
406 443 506 472 Triste
530 441 734 481 supercilium,
759 439 827 480 Esou]

136 491 275 529 Procul,
292 501 310 521 ο
327 493 441 531 procul
465 497 548 529 este,
563 490 721 521 facessite
741 491 830 527 hinc,

135 547 300 582 quotquot
318 542 440 573 adestis
453 543 559 573 tristis
571 547 672 582 atque
686 542 829 571 censorii

134 593 318 632 supercilii,
339 593 449 633 gravis
471 593 669 632 tetricaeque
694 591 827 630 frontis,

134 647 169 672 et
186 643 358 681 compositi
376 643 498 673 vultus.

178 694 197 721 2
225 692 305 722 Filia
323 692 476 731 Fabricii]
500 692 630 723 Pudica
646 696 681 723 et
697 693 793 732 dura,
810 702 829 722 a

136 747 233 782 patre
249 742 344 773 duro.

178 794 196 821 3
224 792 341 829 Regula
356 791 488 831 morum]
505 792 829 831 Censura,censoria

135 842 258 882 regula,
276 841 481 882 praefectura
497 852 638 872 morum.

176 895 195 923 4
223 892 392 932 Quidquid,
418 892 484 932 δα]
509 893 667 931 Casinas,
693 896 728 923 et
754 893 828 923 luce

137 941 288 981 gaudens
318 942 494 982 pudicitia.
550 942 626 972 Nox
655 943 742 972 enim
771 952 828 982 pu-

137 990 218 1021 dore
234 996 344 1022 vacat.
369 991 507 1022 ()vid.1.
524 995 551 1022 1.
566 992 681 1024 Amor.
693 993 828 1032 Eleg.6.

178 1044 195 1070 5
223 1041 365 1071 Clamant
382 1051 446 1071 ecce
468 1041 539 1080 mei,
554 1042 620 1081 ὃμκ]
642 1041 681 1072 In
708 1043 829 1083 quibus

135 1089 276 1121 libertas
306 1097 341 1121 et
371 1091 529 1131 loquendi
566 1092 712 1122 licentia.
756 1092 830 1122 Ma-

134 1140 229 1172 erob.
274 1140 445 1172 saturnal.
469 1140 528 1171 lib.
555 1144 582 1170 1.
605 1151 681 1180 cap.
705 1144 754 1172 10.
780 1144 832 1172 11.

136 1191 230 1231 pueri
258 1196 370 1222 antem
394 1191 596 1230 plaudentes
624 1192 830 1231 clamabant,

134 1245 142 1257 ‘
170 1241 207 1271 10
236 1241 451 1272 Saturnalia.’
510 1241 658 1271 Dioclet.
690 1241 746 1272 lib.
776 1245 829 1272 58.

134 1293 142 1307 ‘
156 1291 351 1322 Saturnalia
365 1291 486 1331 optimi
502 1290 655 1322 dierum.'
693 1292 818 1323 Catull.

175 1344 197 1371 ὃ
220 1341 285 1372 Sub
300 1344 330 1372 tc
355 1343 500 1382 praeside,
515 1342 584 1382 δῖα]
617 1342 694 1374 Quo
720 1341 831 1383 Impe-

137 1396 250 1422 ratore
270 1401 349 1422 vera
364 1391 506 1422 fruimur
522 1392 693 1423 libertate.

176 1444 195 1471 7
219 1441 424 1480 salebrosum,
447 1441 516 1480 ξω]
554 1442 659 1472 Duris
684 1443 831 1473 numeris

137 1491 367 1531 philosophica
378 1491 583 1522 scribentem
594 1493 757 1533 consulta,
769 1502 832 1524 nec

136 1541 228 1572 molli
244 1540 403 1572 fluentem
420 1542 587 1572 Carmine.

178 1595 198 1623 8
222 1593 314 1622 Meus
327 1592 388 1632 est]
414 1592 546 1623 Mollis:
565 1593 664 1623 immo
678 1593 834 1634 lascivus,

138 1653 179 1675 ne
195 1644 305 1675 dicam
322 1644 454 1684 impius.
486 1642 580 1674 Infra
597 1644 712 1684 Epigr.
727 1647 777 1674 16.

180 1696 286 1726 EP1G.
306 1704 362 1725 111.
388 1695 469 1734 Legi
492 1704 527 1724 se
550 1694 684 1735 quidem
709 1694 833 1735 ubique

137 1747 287 1787 gentium
313 1746 419 1783 dicit;
442 1744 501 1776 sed
525 1745 604 1775 nihil
628 1755 665 1775 se
688 1745 766 1776 inde
788 1747 834 1776 ie-

138 1806 229 1837 gere.
273 1796 443 1836 Majorem
469 1804 505 1825 se
533 1799 641 1826 vatem
667 1794 834 1835 futurum,

138 1846 195 1877 ubi
209 1845 354 1885 majores
371 1844 496 1876 fuerint
513 1844 732 1875 Maecenates.

182 1899 198 1926 1
228 1895 364 1934 Urbana,
383 1893 449 1933 esau]
474 1895 569 1925 Rom.
594 1894 685 1925 cives
716 1894 832 1926 ociosi.

140 1947 311 1987 Pimpleide
319 1944 471 1985 gaudent]
510 1944 723 1975 Carminibus
738 1945 834 1982 meis,

140 2000 250 2037 Musa,
276 2010 293 2029 a
318 1998 410 2029 fonte
433 1997 648 2029 Macedoniae
673 2007 732 2029 seu
755 1997 832 2029 Pie-

141 2049 200 2080 riae
217 2049 322 2080 dicta.

180 2104 199 2132 8
225 2100 360 2138 Geticis,
381 2099 449 2139 isc]
471 2100 568 2130 Duas
591 2098 624 2130 in
647 2099 759 2129 Dacos
777 2108 834 2128 ex-

138 2151 328 2192 peditiones
344 2150 494 2191 suscepit
507 2150 632 2181 Caesar.
669 2149 833 2190 xiphilin.

140 2202 174 2232 iu
190 2202 320 2233 Nerva.

182 2254 203 2281 6
227 2251 334 2282 Nescit
355 2251 502 2290 sacculus,
525 2249 593 2290 ἐγω]
616 2249 671 2281 Illi
699 2249 834 2291 quidem

142 2302 260 2339 legunt
284 2301 440 2331 Carmina
471 2310 557 2339 mea,
580 2299 639 2330 sed
665 2309 726 2339 ego
753 2299 834 2329 nihil

142 2351 222 2382 inde
238 2352 313 2390 lego
329 2350 465 2380 nummi.

183 2404 203 2432 7
233 2401 378 2432 Victurus
452 2401 574 2440 praelia,
598 2399 666 2439 ἔγω]
698 2399 835 2431 Grande

145 2460 227 2492 epos
243 2456 278 2481 et
292 2451 473 2488 victurum,
493 2460 559 2491 quo
576 2450 666 2480 bella
689 2455 724 2480 et
740 2455 835 2490 gesta

146 2501 290 2534 Caesaris
305 2510 471 2532 canerem.

186 2555 206 2583 9
231 2553 309 2582 Cum
321 2552 468 2591 pia,&c.]
502 2550 537 2581 Si
554 2550 633 2581 mihi
659 2550 766 2581 Roma
790 2550 836 2580 al-

145 2607 253 2634 terum
270 2602 367 2632 daret
388 2601 625 2639 Maecenatem,
640 2605 676 2631 ut
700 2600 758 2631 Dii
779 2600 838 2630 de—

144 2652 267 2683 derunt
289 2652 404 2682 Romae
428 2651 570 2682 aiterum
587 2649 776 2691 Augustum
803 2650 835 2680 in

146 2704 275 2735 Nerva.

616 198 886 227 MARTIAMS
921 198 1078 227 EPIGR.
1114 198 1205 227 [AB.
1237 198 1308 227 XI.

1460 185 1570 226 1387

921 290 1022 319 Epic..
1039 299 1091 320 iv.
1103 292 1118 320 l
1138 289 1251 330 Sacra]
1268 290 1387 328 Vitta‘,
1400 289 1513 320 Vestze
1526 291 1574 330 ig-

876 338 925 368 nis
937 338 1086 378 ἅσβεστε,
1096 345 1236 378 aeterne,
1246 345 1308 372 ἃς.
1329 341 1495 380 Lare-sque,
1503 341 1571 379 Sym]

876 389 1043 426 Minerva,
1059 389 1209 430 Jupiter,
1221 391 1331 422 Juno:
1357 400 1439 431 quos
1454 400 1571 420 recen-

878 444 930 470 set
946 440 1090 470 disticho
1111 450 1180 481 seq.
1199 441 1253 481 qui
1280 447 1347 472 tres
1373 440 1458 471 aeris
1483 442 1570 480 regi-

877 499 957 520 ones
974 488 1136 529 referant,
1149 490 1235 520 unde
1253 495 1286 520 et
1301 493 1309 507 ‘
1329 496 1467 530 penates
1480 490 1488 504 '
1504 490 1572 521 dic-

878 540 918 578 ti,
936 549 996 580 per
1022 549 1103 580 quos
1127 541 1260 580 penitus
1284 541 1459 580 spiramus.
1483 541 1571 571 Vade

878 591 986 621 Macr.
1002 591 1112 621 Satur.
1130 590 1187 620 lib.
1205 594 1236 621 3.
1252 600 1329 630 cap.
1342 594 1373 621 4.
1399 592 1496 630 Tquoe
1511 592 1572 621 hoe-

878 642 941 682 res]
965 641 1097 673 AEneaS.
1114 641 1202 672 Vide
1230 641 1350 672 [Elian.
1368 642 1426 672 lib.
1443 645 1474 673 3.
1490 643 1570 673 Var.

879 692 971 723 Hist.
989 702 1062 732 cap.
1078 694 1131 722 22.
1158 691 1225 722 Alii
1248 691 1363 731 legunt
1386 692 1492 722 heros:
1516 692 1572 722 he-

881 743 955 774 roes
972 743 1060 774 enim
1077 742 1160 774 dieti
1182 746 1259 773 sunt
1284 742 1413 782 priscis,
1430 742 1491 772 viri
1508 741 1573 772 for·

881 797 931 823 tes
949 798 983 824 et
999 793 1148 824 semidei.

921 846 941 874 2
964 842 1181 873 Laomedontis
1221 841 1305 882 opes]
1339 841 1370 872 T
1374 842 1519 882 rojanas,
1555 852 1573 872 a

881 892 1112 923 Laomedonte
1127 891 1253 922 Priami
1270 896 1376 931 patre.

921 946 939 972 3
965 943 1120 983 Scriptus,
1149 943 1218 983 8543]
1253 941 1408 981 Effictus,
1435 942 1575 982 inscrip-

880 997 946 1033 tus,
962 994 1141 1033 insignitus
1157 1002 1259 1024 aurea
1275 993 1433 1033 imagine.

923 1047 942 1074 4
967 1043 1078 1083 Soror]
1112 1043 1213 1075 Juno.
1256 1042 1340 1073 Filia
1367 1045 1432 1072 tota
1458 1042 1573 1081 patris]

880 1094 1047 1132 Minerva,
1062 1092 1195 1133 ἀμήτωρ,
1212 1102 1229 1122 e
1244 1092 1340 1124 Jovis
1355 1090 1495 1122 cerebro
1518 1100 1576 1120 na-

881 1149 927 1183 ta,
943 1145 1088 1185 patrima
1104 1144 1210 1183 virgo.

923 1198 941 1224 5
968 1194 1044 1232 Qui,
1072 1192 1141 1233 ἐξα]
1185 1191 1273 1223 Jane
1305 1195 1418 1222 custos
1458 1191 1575 1221 Fasto-

882 1253 967 1283 rum,
983 1244 1015 1273 in
1033 1252 1114 1283 quos
1137 1240 1329 1272 referuntur
1352 1240 1482 1271 nomina
1500 1249 1577 1271 con-

882 1295 1002 1333 sulum,
1022 1293 1174 1333 adeoque
1198 1292 1335 1329 Nervae,
1357 1290 1414 1330 qui
1436 1290 1576 1329 Imperii

882 1353 968 1375 anno
992 1343 1095 1383 gessit
1111 1341 1247 1373 tertium
1271 1341 1480 1371 consulatum
1502 1349 1576 1370 cum

881 1393 1001 1434 virgil.
1021 1391 1122 1424 Rufo.
1139 1391 1260 1424 Junius
1277 1389 1319 1420 de
1343 1390 1445 1420 tertio
1460 1399 1580 1420 consu-

880 1445 952 1476 latu
980 1444 1118 1484 Ulpian.
1159 1442 1282 1472 Nervae
1310 1440 1449 1480 'frajani
1479 1441 1578 1471 iutel-

883 1495 974 1534 ligit.
1018 1490 1361 1532 Purpureisjam,85c.]
1389 1490 1505 1530 Epigr.
1527 1493 1578 1521 26.

881 1544 943 1575 lib.
959 1547 1009 1575 12.
1026 1553 1115 1574 vers.
1131 1545 1162 1573 3.

926 1597 945 1624 8
970 1592 1049 1632 Hic]
1083 1593 1239 1624 Senatus.
1273 1590 1332 1622 Ille
1359 1590 1438 1630 suis]
1462 1590 1579 1622 Nerva

883 1644 1009 1683 Imper.

927 1695 1081 1725 Emmv.
1111 1696 1130 1723 2
1154 1691 1215 1722 Sed
1246 1692 1363 1729 Numa,
1389 1690 1456 1730 850]
1501 1691 1578 1721 Non

885 1744 998 1785 itaque
1015 1747 1084 1773 tam
1101 1741 1255 1772 miranda
1277 1745 1379 1781 atque
1401 1740 1503 1770 ardua
1527 1750 1579 1770 res

884 1794 918 1824 in
943 1796 1149 1834 paupertate
1173 1796 1247 1822 erat
1269 1791 1379 1831 pietas
1402 1795 1437 1821 et
1457 1792 1580 1821 sancti·

884 1849 946 1874 taS.

927 1896 945 1924 3
973 1893 1100 1933 Opibus,
1123 1890 1192 1932 ὅπη]
1217 1891 1295 1921 Non
1319 1889 1431 1921 efferri
1456 1895 1489 1920 et
1506 1900 1578 1921 eor-

884 1945 992 1985 rumpi
1009 1955 1028 1975 a
1043 1943 1182 1975 divitiis.
1228 1943 1304 1973 Non
1319 1941 1455 1972 tradunt
1471 1951 1579 1973 mores

885 1995 1015 2035 opibuS‚
1029 1994 1086 2034 qui
1102 1992 1219 2032 adepti
1235 1992 1414 2031 imperium
1431 1997 1465 2022 et
1487 2002 1581 2032 opes,

885 2055 950 2077 non
963 2045 1150 2076 abutuntur
1173 2042 1212 2073 iis
1230 2041 1272 2072 ad
1289 2040 1425 2081 fastum,
1440 2042 1579 2073 aliorum

885 2095 1139 2137 oppressionem
1154 2098 1190 2124 et
1211 2092 1389 2132 injuriam:
1416 2092 1470 2132 qui
1488 2091 1580 2122 deni-

886 2157 951 2187 que
993 2145 1083 2176 idem
1122 2148 1173 2174 est
1208 2142 1318 2181 dives,
1358 2141 1415 2182 qui
1449 2150 1580 2181 pauper

885 2202 972 2228 erat.

928 2249 947 2278 4
974 2247 1093 2276 Croesos
1121 2241 1245 2281 viceris]
1304 2240 1437 2271 Divites
1471 2248 1583 2279 reges,

886 2297 1097 2330 Decebalum
1136 2294 1317 2328 Dacorum,
1346 2296 1381 2321 et
1409 2289 1581 2321 Armeniae

887 2348 1101 2385 Parthiaeque
1117 2352 1224 2382 reges.
1268 2340 1433 2380 xiphilin.
1447 2340 1582 2380 Trajan.

888 2395 1037 2434 Numam]
1061 2395 1237 2430 Sanctum,
1250 2400 1393 2431 aequum,
1410 2390 1583 2420 continen-

887 2454 967 2487 tem,
983 2446 1090 2488 qualis
1105 2444 1170 2474 fuit
1193 2443 1306 2474 Numa
1325 2440 1489 2471 secundus
1516 2440 1581 2471 Ro.

886 2507 1013 2529 manor.
1031 2504 1101 2526 rex.

929 2552 947 2578 5
971 2547 1008 2576 Si
1033 2546 1160 2575 redeant
1187 2545 1315 2579 veteres,
1339 2540 1405 2580 δῖοι]
1432 2540 1468 2570 Si
1494 2541 1581 2571 revi-

886 2599 1017 2629 viscant
1040 2595 1082 2625 ab
1098 2593 1212 2624 inferis
1236 2592 1362 2622 reversi
1386 2591 1515 2632 antiqui
1532 2592 1582 2622 ini

887 2648 1036 2687 clarique
1053 2643 1204 2676 Romani.
1242 2642 1354 2682 Atque
1367 2642 1444 2671 hinc
1458 2651 1580 2673 novum

887 2697 1061 2729 ordiuntur
1073 2692 1174 2735 aliqui
1190 2692 1407 2733 Epigramma
1419 2701 1438 2722 a
1453 2701 1580 2732 praece-
