1866 3131
214 494 771 560 RECENSUS
824 500 1461 565 EDITIONUM

408 702 491 751 M.
533 704 715 753 VAL.
751 706 1256 774 MMVFIALIS,

211 894 503 943 FABI'HCIANO
531 912 750 954 AUCTIOR,
774 914 831 945 ET
855 915 906 946 IN
932 917 972 948 V.
998 917 1181 949 AETATES
1209 917 1449 949 DIGESTUS.

560 1144 637 1184 [Ex
660 1145 740 1175 ED.
764 1144 956 1175 BIPONT.
985 1146 1094 1186 mr]

306 1323 453 1362 AETAS
484 1325 512 1360 Ι.
536 1324 1017 1364 AUTOGRAPHARIA
1054 1333 1331 1371 1470—1501.

107 1396 259 1457 ORTA
294 1430 315 1454 a
344 1419 493 1455 duabus
534 1419 785 1468 principibus,
833 1421 951 1458 altera
985 1423 1145 1470 Veneta,
1180 1425 1350 1475 Georgio
1390 1428 1541 1466 Merula

106 1489 336 1526 correctore,
368 1482 484 1519 altera
519 1483 760 1530 Ferrariensi,
781 1497 802 1520 a
833 1485 973 1533 quibus
1008 1487 1181 1536 proxima
1211 1495 1271 1526 est
1301 1490 1474 1528 Romana
1507 1502 1538 1528 1.

103 1548 207 1584 Tum
242 1546 370 1584 statim
406 1559 600 1584 accessere
633 1554 969 1594 commentatores,
998 1551 1114 1588 Dom.
1146 1551 1369 1590 Calderinus
1394 1554 1442 1591 ab
1473 1567 1538 1591 an.

107 1617 221 1654 1474.
256 1609 448 1659 Georgius
482 1611 634 1647 Merula
664 1611 712 1647 ab
749 1624 811 1648 au.
839 1617 952 1650 1482.
973 1626 1134 1662 quorum
1162 1616 1426 1654 commentarii
1458 1618 1537 1656 fere

102 1686 233 1711 omnes
268 1673 354 1711 dein
382 1673 470 1710 edd.
505 1674 708 1713 obsident:
751 1675 884 1712 Petrus
909 1677 1063 1714 Marsus
1098 1678 1147 1714 ab
1169 1692 1229 1715 an.
1256 1684 1366 1723 1492.
1387 1686 1427 1718 et
1447 1682 1535 1720 Nic.

100 1737 292 1782 Perottus,
310 1737 376 1787 qui
396 1738 712 1786 Spectaculorum
732 1738 868 1775 librum
889 1752 1056 1789 eumque
1073 1741 1236 1790 primum
1252 1742 1339 1780 latis
1359 1742 1530 1793 disputa-

98 1801 267 1838 tionibus
301 1800 529 1840 illustratum
551 1800 673 1838 edidit
694 1802 742 1838 ab
763 1813 823 1839 an.
846 1808 948 1839 certe
970 1802 1084 1847 1496.
1105 1804 1244 1854 saepius
1276 1804 1365 1843 dein
1395 1808 1531 1856 repeti-

97 1871 195 1902 tum.

151 1927 335 1977 Princeps
358 1937 387 1964 1.
409 1926 657 1972 veneta,f01.
680 1927 760 1965 sine
777 1933 867 1965 nota
883 1929 985 1975 anni,
1011 1942 1079 1979 per
1098 1929 1344 1968 Vindelinum
1374 1932 1533 1982 Spiren-

96 2005 186 2035 sem,
209 1991 309 2028 circa
324 2003 387 2027 an.
419 1996 531 2033 1470.
551 1989 669 2035 faeta,
691 1990 862 2040 Georgio
893 1993 1155 2031 Alexandrino
1188 2002 1417 2041 correctore,
1440 2009 1527 2034 cum

95 2056 380 2104 epigrammate,
401 2054 509 2103 cujus
529 2054 672 2103 primus
692 2067 821 2091 versus
841 2055 988 2105 syllaba
1009 2056 1129 2106 prima
1146 2057 1320 2095 abundat
1341 2058 1417 2096 sive
1440 2072 1531 2108 pro-

95 2119 274 2167 ceplialus
295 2124 366 2155 est.
423 2122 433 2138 ‘
452 2117 624 2168 Raphael
653 2117 917 2155 Zovenzonius
939 2119 1035 2156 Ister
1061 2120 1264 2158 Vindelino
1283 2121 1453 2170 Spirensi
1476 2122 1526 2159 ob

96 2182 181 2231 ejus
204 2181 465 2219 incredibilem
487 2181 729 2230 imprimendi
751 2181 940 2219 solertiam
964 2184 1011 2219 1).
1034 2185 1085 2221 D.

304 2244 703 2283 Consummatissimus
724 2244 784 2281 ille
805 2245 988 2283 Martialis

304 2309 516 2357 Impressus
535 2307 661 2356 digitis
681 2307 916 2346 Vindelianis

299 2372 373 2408 Hic
393 2379 472 2408 est:
503 2370 563 2408 hic
584 2371 730 2420 lepidus
751 2371 976 2410 facetiarum

304 2435 489 2484 Princeps
509 2440 547 2472 et
566 2435 654 2472 salis
675 2436 792 2473 Attici
807 2438 1021 2487 Latinique.

302 2499 428 2543 Hunc,
451 2499 550 2536 hunc
570 2499 692 2536 lector
710 2513 829 2545 emas,
847 2502 914 2538 tibi
935 2502 1102 2539 futurum

299 2563 526 2599 Praeclarum
547 2563 726 2601 comitem
745 2563 851 2602 domi
868 2565 1033 2615 forisque

301 2626 385 2664 Istri
410 2626 568 2664 consilio
589 2627 642 2664 tui
663 2627 814 2665 Poetaess
