1866 3131
258 168 368 210 1378

299 278 316 304 5
342 274 435 305 Nunc
465 274 678 313 resalutantes,
703 274 772 314 fisa]
807 274 951 314 Vesperi

257 325 445 356 resalutant
458 324 689 355 discedentem
704 325 849 364 patroni,
862 324 953 355 mihi-

257 385 322 415 que
345 378 353 391 ‘
368 375 466 405 Vale'
483 374 612 413 dicunt,
630 374 750 416 quibus
764 384 825 414 ego
841 383 950 411 mane,

256 427 264 443 ‘
280 426 377 458 Ave.'

299 480 318 507 6
343 477 494 508 Gratulor
507 481 537 508 et
552 477 670 517 multis]
693 477 853 518 Nuptias,
874 477 954 508 libe·

256 538 310 559 ros
327 535 437 567 natos,
462 528 692 568 haereditates,
711 529 866 568 honores,
888 531 951 559 Sec.

256 579 358 619 Mihi]
382 579 476 611 Nihil
493 579 657 620 ejusmodi
674 579 810 619 adepto.

298 633 317 660 7
340 630 392 661 Aa
404 630 576 670 luciferam,
591 629 658 670 ὅγε]
674 630 825 669 Rogatus
838 630 952 660 annuli

254 681 322 711 mei
338 690 468 721 gemma
483 681 578 721 signo
602 685 806 712 testamenta
822 690 879 711 seu
903 685 953 711 ta-

255 730 362 761 bellas
379 730 460 761 alias
487 731 519 761 in
544 735 657 762 monte
683 729 868 768 Aventino,
894 730 951 762 ubi

256 780 386 812 Lucina
402 781 660 821 parturientium
678 790 804 821 praeses
819 781 952 814 colitur.

298 834 317 861 S
341 831 454 862 Prima
468 831 539 871 sibi,
566 842 646 863 nunc
662 831 738 872 sibi]
769 832 952 864 Salutatio-

256 890 334 911 num
357 882 458 913 hora:
485 883 604 923 Epigr.
632 885 663 914 8.
680 883 738 913 lib.
755 886 785 913 4.
813 893 898 914 vers.
923 887 950 914 1.

258 932 376 967 Quinta
390 933 489 973 rapit]
526 933 795 973 Occupationes,
809 943 950 975 quarum

254 983 371 1023 quinta
387 989 439 1014 est
454 984 548 1022 hora,
574 983 752 1014 undecima
775 984 864 1025 apud
880 993 950 1015 nos.

257 1032 376 1073 Epigr.
393 1036 423 1064 8.
440 1034 499 1064 lib.
512 1037 544 1064 4.
562 1043 649 1065 vers.
667 1037 697 1066 3.

295 1085 316 1113 9
341 1083 463 1123 Consul,
475 1088 629 1124 praetorve
642 1084 740 1124 tenet]
762 1084 900 1116 Judicia
916 1088 952 1115 et

253 1141 382 1164 caussae
393 1133 686 1175 forenses‚quibus
697 1140 848 1175 praesunt
857 1135 952 1167 Coss.

254 1188 289 1213 et
317 1183 463 1214 Praetor.
511 1184 707 1225 Reducesque
732 1185 863 1225 choreae]
888 1186 952 1217 Re-

252 1232 494 1264 ducentiumne
522 1235 702 1274 patronos?
726 1235 780 1265 An
797 1234 955 1266 sacerdo-

254 1287 325 1315 tum
341 1284 453 1323 Isidis,
479 1290 516 1316 ut
540 1295 653 1326 supra,
673 1286 790 1326 Epigr.
806 1288 859 1317 48.
894 1285 950 1317 An

252 1335 451 1366 histrionum
467 1336 520 1366 vel
537 1337 844 1368 saltatricularum?

297 1389 337 1417 10
360 1386 458 1417 Po‘e'ta
472 1385 537 1426 die]
560 1387 723 1417 Recitans
749 1396 870 1417 novum
895 1395 948 1417 su-

254 1447 309 1468 um
325 1447 473 1468 carmen.

297 1490 334 1518 11
355 1488 545 1527 Caussidico,
557 1488 674 1527 rhetor,
687 1489 948 1528 grammaticusve

251 1537 376 1578 rogent]
411 1538 567 1579 Namque
594 1543 629 1569 et
653 1544 803 1570 oratores
827 1539 949 1570 recita-

252 1587 353 1618 bant:
378 1588 467 1618 Plin.
485 1588 543 1618 lib.
560 1592 591 1618 5.
620 1589 730 1630 Epist.
754 1594 791 1620 ut
807 1594 842 1621 et
859 1589 949 1621 Rhe·

253 1642 344 1668 tores
361 1642 396 1668 et
409 1638 645 1670 Grammatici.

296 1690 334 1718 13
361 1688 488 1727 Balnea,
500 1688 569 1728 ἂι]
594 1689 805 1731 Cumitaque
816 1699 877 1730 per
889 1690 949 1721 has

254 1738 494 1777 occupationes
511 1748 584 1769 sero
607 1743 642 1769 et
662 1745 738 1779 post
751 1742 865 1771 horam
880 1746 948 1771 sta·

251 1791 360 1818 tutam
371 1788 480 1819 lavem
493 1798 690 1830 coenemque
701 1796 844 1831 accepta
856 1801 949 1831 spor-

251 1838 333 1876 tula,
349 1838 420 1878 quis
444 1848 557 1879 quaeso
582 1840 675 1870 locus
702 1840 789 1871 libro
811 1851 948 1882 compo-

253 1888 386 1918 nendo?

293 1939 397 1970 Eme.
419 1948 520 1970 Lxxr.
545 1940 701 1971 Rabirius
715 1940 770 1972 hic
786 1941 948 1972 architec-

251 1992 303 2018 tus
331 1993 403 2019 erat
430 1989 628 2021 Domitiani.
673 1990 739 2021 Hic
768 1995 947 2031 parentum

254 2038 324 2078 ojus
352 2037 453 2069 funus
479 2039 656 2078 describit,
683 2044 720 2070 et
745 2040 872 2071 Rabirii
888 2050 946 2071 seu

250 2097 347 2119 veras
363 2097 421 2119 seu
437 2087 535 2120 fictas
549 2090 723 2130 lacrymas.

293 2141 309 2168 l
337 2138 496 2179 Quisquis,
511 2140 582 2180 ira}
602 2139 710 2171 Poeta
726 2140 886 2171 viatorem
899 2141 947 2171 al·

249 2189 419 2230 loquitur:
444 2189 603 2231 Quisquis
630 2195 742 2230 optaS,
771 2195 808 2221 ut
824 2190 872 2221 tui
890 2200 945 2231 pa-

249 2243 363 2270 rentes
391 2239 447 2270 diu
470 2239 599 2278 vivant,
624 2244 660 2271 et
684 2240 831 2271 feliciter
858 2240 946 2271 diem

249 2298 345 2320 suum
361 2289 499 2329 obeant,
518 2295 556 2321 ut
573 2295 732 2330 parentes
759 2291 855 2331 hujus
880 2292 945 2322 Ra·

247 2338 338 2379 birii,
355 2341 428 2381 lege
451 2341 514 2372 hoc
538 2341 767 2382 Epitaphium.
791 2342 945 2373 Raaerus.

292 2393 311 2421 ³
336 2391 497 2432 Rabirius]
521 2392 637 2432 Epigr.
653 2395 707 2423 56.
730 2391 788 2422 lib.
809 2394 840 2423 7.
871 2392 945 2423 Um*

248 2438 333 2479 bras]
355 2440 541 2481 Utriusque
556 2442 704 2482 parentis
720 2442 783 2472 sui.

291 2493 310 2522 4
337 2491 524 2522 Candidiore
539 2491 636 2531 senes]
661 2492 839 2522 Feliciore.

291 2544 309 2570 5
334 2541 407 2580 Bis,
427 2542 495 2582 δῖα]
519 2542 634 2573 Annos
658 2545 710 2573 60.
754 2542 860 2583 Mitis,
881 2542 949 2589 ὅπη]

247 2594 323 2626 Qua
338 2599 480 2635 uterque
496 2594 620 2636 initiet
643 2599 776 2625 maturo
802 2592 875 2624 fato
890 2593 946 2624 de-

250 2643 386 2676 functus
398 2650 462 2676 est.

291 2699 308 2725 7
337 2697 380 2727 Ut
403 2697 521 2737 primis,
536 2697 605 2736 Era]
628 2697 722 2729 Quos
746 2701 859 2728 tamen
876 2696 942 2727 Ra-

247 2746 346 2776 birius
365 2746 515 2784 deflevit,
539 2747 678 2787 perinde
700 2757 738 2779 ac
757 2748 936 2778 immaturo

708 180 848 210 NO'I‘AE
882 179 1143 210 VARIORUM
1182 181 1228 209 ΙΝ

1003 274 1075 304 fato
1093 278 1294 314 praereptos.
1337 274 1392 304 Sic
1420 273 1625 314 Epigramm.
1642 276 1695 303 40.

1003 323 1058 355 lib.
1075 326 1104 353 7.
1123 333 1207 354 vers.
1224 327 1253 353 7.
1271 323 1358 363 quod
1374 322 1462 352 vide.

1046 377 1064 403 f<
1089 374 1152 403 His
1170 373 1314 412 fletibus,
1336 373 1404 412 ira]
1427 373 1557 405 Quibus
1586 382 1696 413 prose-

1002 428 1116 468 quitur
1140 432 1297 466 parentes
1320 427 1417 465 longa
1446 425 1604 465 felicique
1630 425 1698 456 vita

1002 476 1296 517 functOS,jamque
1313 482 1442 508 maturo
1455 477 1546 507 letho
1559 474 1696 506 defunc-

1003 533 1067 567 tos,
1084 537 1148 558 non
1175 529 1289 568 itaque
1307 532 1433 558 tantum
1451 526 1589 557 flendos.
1633 526 1696 555 Vel

1003 579 1059 618 qui
1075 578 1181 618 ipsam
1207 577 1407 609 felicitatem
1433 577 1566 607 videtur
1582 577 1696 616 deplo-

1002 639 1090 668 rare,
1106 639 1206 670 quum
1223 635 1256 659 et
1273 639 1369 659 senes
1386 633 1419 659 et
1443 628 1529 659 bono
1554 627 1624 658 fato
1640 627 1697 658 de-

1002 679 1136 711 functos
1153 679 1314 710 amiserit.

1044 730 1150 761 Eme..
1166 738 1281 760 Lxxn.
1327 730 1510 760 Blanditur
1535 728 1698 768 ijano,

1002 779 1080 811 dum
1098 781 1224 811 nullum
1251 781 1422 811 blanditiis
1449 781 1536 820 apud
1556 789 1631 811 eum
1651 779 1699 810 ait

1002 839 1074 860 esse
1092 830 1224 867 locum;
1248 831 1357 870 simul,
1381 840 1422 861 ex
1446 830 1698 871 vituperatione

1003 880 1136 920 prioris,
1151 887 1355 920 praesentem
1367 881 1613 921 Imperatorem
1627 882 1697 911 lau-

1003 931 1077 968 dat;
1104 931 1192 972 quod
1209 936 1244 962 et
1267 932 1398 962 Plinius
1424 932 1456 962 in
1484 932 1697 973 Panegyr1co

1002 980 1095 1012 feeit.

1044 1034 1064 1062 2
1087 1033 1233 1068 Attritis,
1265 1031 1336 1072 fisa]
1378 1032 1620 1070 Blanditiisne,
1657 1041 1698 1062 an

1002 1083 1222 1114 adoratione?
1268 1085 1330 1115 His
1346 1094 1427 1124 ergo
1443 1085 1554 1115 verbis
1572 1085 1699 1115 diutur-

1001 1144 1076 1165 nam
1093 1134 1260 1166 hominum
1286 1135 1514 1166 adulationem
1538 1135 1699 1174 tempori—

1001 1184 1063 1215 bus
1079 1185 1262 1216 Domitiani
1279 1185 1434 1216 declarat
1449 1195 1457 1222 ;
1482 1185 1577 1226 quasi
1594 1184 1698 1215 horni-

1000 1244 1059 1265 nes
1075 1235 1273 1266 attriverint
1298 1235 1401 1274 labra,
1425 1235 1513 1265 illius
1532 1235 1634 1275 pedes
1650 1244 1699 1265 so-

999 1284 1137 1326 lumque
1153 1284 1325 1316 basiaudo.

1042 1338 1060 1366 3
1086 1334 1493 1375 Dicturusdominum,mu]
1510 1335 1585 1366 Non
1603 1335 1696 1366 blan-

1000 1385 1131 1417 diturus
1148 1387 1310 1426 Trajan0‚
1333 1391 1368 1416 ut
1383 1386 1579 1417 Domitiano
1594 1395 1697 1426 quon-

1000 1436 1087 1467 dam.
1120 1435 1207 1467 vide
1222 1436 1441 1475 Epigramma
1453 1438 1483 1466 8.
1496 1435 1551 1465 lib.
1563 1439 1594 1466 5.
1606 1445 1654 1466 vs.
1667 1439 1696 1466 l.

1043 1491 1061 1518 5
1086 1488 1136 1518 Ad
1152 1486 1303 1526 Parthos]
1331 1488 1420 1519 Nam
1448 1486 1613 1527 ejusmodi
1639 1496 1696 1527 ap-

999 1538 1200 1578 pellationes
1217 1538 1306 1577 apud
1322 1547 1379 1568 eos
1402 1538 1569 1568 solennes.
1613 1537 1697 1568 Par-

1000 1587 1049 1618 thi
1078 1588 1166 1618 enim
1203 1588 1371 1619 serviliter
1399 1596 1513 1628 regem
1543 1587 1698 1627 adorant,

999 1638 1106 1679 pedes
1122 1639 1211 1669 illius
1234 1638 1390 1668 osculati.
1438 1637 1590 1678 Pileatos]
1613 1638 1697 1669 Cum

1000 1694 1135 1720 caeterae
1159 1694 1278 1728 gentes
1303 1688 1400 1728 pileis
1416 1697 1491 1718 raro
1507 1693 1698 1719 uterentur.

999 1739 1119 1770 Parthi
1150 1744 1185 1769 et
1213 1739 1327 1769 Persae
1359 1738 1541 1778 gestabant
1571 1739 1698 1778 mitras,

999 1790 1116 1828 tiaras,
1131 1789 1287 1830 cydares,
1303 1798 1360 1820 seu
1374 1789 1482 1829 pileos
1494 1788 1696 1828 turbinatos,

996 1845 1034 1871 ut
1051 1840 1152 1871 hodie
1170 1841 1302 1871 Turcae.

1040 1893 1058 1921 7
1083 1891 1260 1931 Pictorum]
1283 1890 1383 1921 Picta
1400 1894 1492 1920 veste
1518 1899 1576 1920 sen
1591 1890 1697 1921 soccis

998 1939 1099 1981 pictis
1124 1941 1300 1972 utentium.
1352 1940 1441 1980 Solu]
1476 1941 1602 1979 Soleas,
1632 1941 1697 1971 cal-

998 2000 1086 2029 ceos,
1100 2001 1226 2022 soccos
1252 1992 1434 2031 Epigr.74.
1454 1991 1511 2022 lib.
1524 1994 1555 2022 9.
1574 1995 1694 2023 vers.2.

998 2041 1085 2071 Haec
1117 2042 1221 2072 etiam
1259 2041 1468 2072 cousuetudo
1506 2046 1649 2072 notatur
1677 2052 1696 2072 a

997 2093 1128 2123 Seneca
1158 2093 1217 2124 lib.
1247 2096 1278 2123 2.
1310 2092 1353 2123 de
1384 2091 1504 2123 Benef.
1534 2103 1609 2133 cap.
1643 2096 1694 2124 12.

997 2143 1162 2176 Quaedam
1189 2142 1398 2183 exemplaria
1422 2143 1547 2173 liabent
1573 2143 1634 2183 [sc.
1661 2144 1694 2174 in

996 2194 1072 2224 loco
1087 2194 1143 2234 qni
1160 2193 1221 2224 sub
1244 2192 1346 2224 finem
1366 2198 1462 2223 extat
1479 2193 1602 2233 capitis
1618 2194 1691 2234 Jam

997 2243 1123 2284 citati.]
1142 2244 1243 2283 pictos
1256 2253 1368 2283 soccos,
1382 2249 1416 2274 et
1434 2242 1578 2274 fortasse
1593 2244 1692 2276 bene.

997 2294 1098 2325 Unde
1111 2296 1120 2311 ‘
1133 2295 1216 2335 picti
1227 2304 1325 2334 reges
1335 2294 1343 2306 '
1354 2295 1416 2324 hoe
1429 2294 1513 2325 loco.
1531 2295 1595 2325 His
1606 2294 1693 2325 enim

997 2344 1110 2375 verbis
1137 2345 1247 2375 innuit
1269 2344 1436 2375 Martialis
1460 2345 1598 2375 serviles
1615 2345 1694 2376 istas

996 2395 1231 2425 venerationes
1252 2405 1271 2425 a
1301 2395 1436 2426 Parthis
1460 2395 1502 2426 ad
1523 2395 1693 2426 Romanos

998 2454 1161 2476 manasse.
1184 2445 1317 2477 Herald.
1363 2445 1452 2485 Sola]
1477 2446 1612 2476 Lucret.
1627 2446 1635 2462 ‘
1649 2446 1692 2476 A·

999 2495 1052 2525 via
1082 2495 1253 2526 Pieridum
1281 2505 1424 2536 peragro
1455 2496 1543 2534 loca,
1569 2496 1691 2526 nullius

998 2550 1075 2576 ante
1089 2546 1182 2576 Trita
1198 2546 1291 2576 solo!

1041 2598 1078 2628 ll
1104 2595 1204 2626 Siccis
1217 2595 1350 2635 capillis]
1383 2595 1535 2627 lnnnctis
1561 2602 1596 2627 et
1612 2596 1691 2626 deli-

996 2645 1099 2676 butis.

1040 2697 1079 2726 13
1110 2696 1272 2726 Prioribus
1301 2696 1448 2736 loquaris]
1491 2695 1688 2733 Servilium,

998 2746 1207 2785 adulatoriis,
1231 2747 1348 2788 quibus
1372 2757 1478 2787 nuper
1499 2747 1559 2778 sibi
1578 2747 1689 2785 place-
