1866 3131
398 169 443 197 if.
479 169 501 196 V
513 170 536 197 A
550 168 587 196 [a.

178 265 219 293 22
243 263 329 294 Aure
343 261 469 303 supino]
494 264 635 299 Contra,
659 260 749 292 Aure
764 269 838 299 pro-

137 321 189 341 na.
224 314 279 343 Sic
305 313 414 344 Tacit.
437 315 445 329 ‘
465 312 682 344 Obtrectatio
698 316 733 341 ct
750 311 834 341 livor

136 365 250 401 pronis
281 364 414 393 auribus
449 361 682 402 accipiuntur!
729 360 835 393 Quasi

135 413 247 444 dicat:
265 415 327 451 Tu,
343 414 513 454 0ppiane,
525 412 602 442 mihi
620 421 685 442 non
702 410 832 441 auscul-

135 470 222 503 tans,
235 465 396 495 salutaria
411 463 573 500 monenti,
595 461 747 492 morieris
761 460 832 491 illo-

135 519 209 545 tus:
246 525 322 545 nam
340 516 366 545 si
386 522 418 545 te
435 523 498 544 non
523 513 665 553 capiunt
692 512 832 542 thermae

136 565 286 603 Etrusci,
302 566 402 595 nullae
420 565 574 604 capient:
595 563 668 603 jam
684 561 833 592 salubres

135 617 224 647 enim
249 621 339 656 sunt,
354 623 389 647 ut
410 616 475 645 illae
499 615 592 653 solae,
609 613 661 644 vel
678 613 779 643 nullae
797 617 832 643 te

135 676 254 697 curare
280 667 421 707 possint.
461 665 544 697 Rau.
599 663 687 694 vide
714 663 832 704 Epigr.

134 720 187 748 78.
203 718 259 748 lib.
278 721 309 748 5.
327 726 411 748 vers.
426 719 457 748 2.

177 770 217 797 24
244 768 364 804 Illotus,
378 766 447 806 cisa]
471 766 581 805 Supra
597 774 685 796 vers.
701 767 733 795 2.

178 818 282 848 Epic.
300 825 406 847 XL111.
438 816 613 847 Casti-iens
630 816 731 846 Baias
749 813 835 854 peti·

134 873 252 899 verat:
290 868 462 898 Martialis
491 867 549 903 ait,
585 866 648 896 sibi
674 865 835 896 Baiarum

134 918 208 948 loco
225 927 298 948 esse
321 927 414 948 suam
436 917 549 947 villam
572 916 835 955 Nomentanam,

134 969 212 998 dum
243 978 278 998 se
318 969 453 1008 penitus
478 977 496 998 a
527 966 643 998 morbo
682 971 833 997 recreet:

134 1027 261 1056 aegrum
279 1018 367 1048 enim
392 1017 506 1055 fuisse,
522 1027 540 1047 e
558 1017 662 1048 verbo
687 1017 696 1032 ‘
710 1017 832 1048 confir-

135 1068 239 1099 mant’
255 1069 438 1107 intelligas.
463 1069 617 1099 Roderns.

177 1122 191 1149 l
230 1119 348 1149 Felices
376 1119 550 1157 indulgent,
578 1118 646 1158 3512]
692 1117 834 1150 Nobiles

134 1169 240 1209 aquis,
252 1178 403 1208 amoenae,
416 1170 578 1200 salubres.

173 1222 193 1250 2
219 1221 374 1260 Canaque,
405 1221 472 1260 &cd
508 1220 598 1252 Quia
631 1220 833 1260 sulphurea:

132 1273 185 1303 vel
201 1273 243 1303 ob
257 1273 483 1303 reverentiam
501 1272 644 1302 numinis
660 1282 833 1313 aquarum.

174 1326 193 1354 3
219 1323 408 1354 Nomentani
421 1323 486 1354 otia
500 1322 600 1363 ruris]
631 1324 834 1354 Secessusin

133 1374 382 1405 Nomentanam
399 1374 510 1404 villam
535 1383 660 1405 meam:
697 1374 740 1405 de
757 1383 834 1414 qua,

132 1424 248 1465 Epigr.
265 1427 317 1455 38.
335 1425 433 1455 lib.2.
469 1424 681 1466 Confirmant]
707 1425 836 1455 Amor-

132 1474 175 1506 bo
191 1481 362 1506 recreant.

175 1529 193 1555 4
220 1525 482 1564 Casajageribus‚
498 1524 565 1565 ξω]
599 1526 690 1557 Villa
705 1535 770 1556 non
786 1527 834 1556 nl-

133 1580 187 1605 tra
201 1575 335 1606 modum
361 1581 395 1607 et
421 1576 586 1607 rationem
609 1577 682 1617 agri
710 1577 834 1608 exaedi-

133 1625 247 1656 ficata.

175 1681 193 1707 5
219 1678 287 1707 Hic
300 1677 376 1708 miln'
393 1678 510 1709 Baiani
529 1678 619 1718 soles]
644 1679 722 1710 Non
745 1680 835 1710 ultra

133 1729 386 1759 Nomentanum
404 1737 518 1768 agrum
535 1739 649 1770 quaero
665 1729 787 1761 balnea
800 1737 835 1764 et

134 1778 273 1809 delicias
298 1778 455 1819 (legerim
483 1780 599 1820 itaque
623 1781 742 1811 deliciae
772 1791 834 1821 pro

132 1831 252 1860 divitia>
269 1831 301 1860 in
319 1840 389 1870 seq.
409 1831 524 1869 versu)
540 1840 622 1871 quas
639 1831 718 1862 olim
742 1832 833 1862 Baiis

133 1886 168 1910 et
184 1880 216 1910 in
234 1881 308 1911 lacu
326 1881 471 1911 Lucrino
488 1891 642 1921 quaerere
657 1881 818 1912 solebam.

175 1933 193 1960 7
220 1931 475 1972 Loudatas,85·c.]
507 1932 618 1962 Baias.
650 1932 832 1962 Lucrinum

131 1980 255 2020 lacum,
284 1982 512 2021 Tiburtinam,
551 1982 729 2022 Martiam,
766 1985 832 2014 &c.

134 2031 342 2071 Epigramm.
358 2035 411 2062 60.
429 2032 489 2063 lib.
506 2034 538 2064 4.

173 2084 193 2112 9
207 2082 297 2112 Nunc
310 2081 380 2112 urbi
390 2082 627 2123 vicinajuvant]
653 2082 713 2113 Me
729 2087 832 2113 aetate

132 2133 395 2172 provectiorem,
418 2133 616 2173 invalidum,
638 2138 674 2164 et
697 2134 832 2174 pigrum

124 2183 249 2222 juvant
280 2183 403 2214 vicina.
462 2184 641 2224 Focilesque
681 2184 832 2225 recessus]

132 2233 334 2272 Suburbani,
346 2239 381 2265 et
397 2235 492 2274 quasi
502 2234 544 2265 ad
558 2244 704 2265 manum.

176 2283 281 2314 Eme.
299 2292 397 2314 xmv.
431 2288 450 2314 2
474 2283 561 2324 Sale]
586 2285 832 2325 Leporum,jo-

134 2344 262 2365 corum.

175 2388 194 2414 4
217 2383 271 2414 Sic
284 2386 314 2414 te
328 2384 499 2423 convivam,
523 2384 593 2424 thu]
618 2384 664 2416 Et
680 2384 832 2417 dicteriis

132 2434 320 2464 instructus
361 2438 520 2474 tanquam
556 2434 687 2466 facetus
716 2445 832 2466 scurra

132 2494 263 2515 mensas
279 2484 405 2514 alienas
423 2485 524 2524 petis,

176 2538 194 2564 5
220 2537 263 2565 Αι
278 2535 306 2564 si
322 2544 390 2574 ego,
404 2534 471 2573 ἔγω]
495 2534 543 2565 At
559 2535 585 2565 si
603 2545 668 2576 ego
688 2546 755 2567 non
769 2537 832 2568 sal-

131 2594 180 2624 se,
204 2585 263 2615 sed
291 2594 370 2615 vere
400 2584 519 2615 dixero
549 2589 582 2616 te
609 2596 684 2617 esse
711 2587 831 2627 impuri

132 2637 198 2668 oris
225 2634 444 2675 φοινικίζυντα,
473 2645 571 2666 nemo
595 2641 630 2666 te
657 2637 698 2667 ad
730 2647 832 2677 pocu—

133 2686 200 2716 lum
215 2696 310 2717 suum
335 2685 507 2726 invitabit,
535 2686 610 2717 vide
636 2688 754 2729 Epigr.
780 2691 832 2719 15.

134 2735 191 2766 lib.
209 2739 240 2768 2.

624 164 897 197 MARTlALlS
935 166 1090 195 Epicu.
1129 167 1218 197 [ΑΒ.
1257 167 1316 195 Vl.

1473 157 1584 199 1263

928 259 1030 290 Eme.
1062 268 1146 291 xcv.
1194 263 1209 291 1
1234 260 1381 299 Lasciuis,
1413 261 1492 291 satis
1525 261 1585 301 est]

862 325 871 332 ν
886 309 1083 340 Coucubine
1102 316 1137 340 et
1154 311 1293 341 moecha.

926 364 947 390 2
971 362 1128 392 Permissa
1153 365 1209 399 est,
1231 361 1298 401 Esau]
1340 362 1349 378 ⁴
1368 362 1484 393 Verba
1513 362 1585 393 liaec

884 412 989 443 edicti
1013 413 1096 453 legis
1112 412 1248 444 Julian?
1285 422 1385 453 supra
1409 413 1527 454 Epigr.
1556 416 1588 445 7.

884 472 974 494 vers.
992 465 1022 494 1.

925 517 944 544 3
967 512 1127 553 Lectoria]
1150 514 1295 545 Moeclia.
1339 514 1464 555 Lygdo]
1498 514 1586 546 Con-

883 564 1017 595 cubino.
1062 564 1235 604 Epigram.
1251 567 1303 595 39.
1319 575 1420 604 supra
1434 575 1523 595 vers.
1540 568 1575 596 7.

926 618 946 645 4
973 614 1105 654 Turpior
1121 624 1200 644 uxor
1213 615 1285 653 erit,
1309 615 1378 654 esa]
1415 615 1586 646 Nubendo

883 664 970 696 enim
988 664 1105 696 fateris
1122 669 1302 695 tuumcum
1316 667 1477 696 catamito
1495 665 1589 696 adul-

884 715 1017 745 terium.
1040 714 1127 746 vide
1144 715 1261 756 Epigr.
1275 717 1328 745 22.
1346 725 1457 755 supra.

928 766 1036 796 Eme.
1059 774 1161 796 XLVI.
1200 766 1253 796 Ex
1281 770 1426 806 quatuor
1454 766 1586 807 auriga-

885 825 958 846 rum
985 815 1192 847 factionibus
1222 817 1358 847 Veneta
1389 817 1587 848 Domitiano

885 874 960 899 erat
975 868 1093 898 invisa.
1142 867 1275 909 Aurigae
1301 869 1417 909 itaque
1443 869 1588 900 Venetae

887 917 1046 949 factionis
1069 919 1211 950 insultat
1227 919 1351 958 Poeta,
1369 919 1498 950 ironice
1521 921 1589 951 col-

886 967 1025 999 laudans
1052 979 1128 1000 eum
1145 969 1235 1010 quod
1260 969 1395 1000 assiduo
1411 971 1589 1001 conamine

886 1019 1076 1058 moliretur,
1090 1029 1155 1050 nec
1179 1024 1291 1050 tamen
1318 1025 1444 1050 metam
1460 1021 1590 1052 contin·

1162 1070 1326 1101 Lucillius
1339 1070 1397 1101 lib.
1414 1074 1446 1101 2.
1460 1070 1589 1102 Antho-

885 1121 950 1159 log.
968 1130 1043 1160 cap.
1058 1123 1114 1152 23.
1130 1121 1261 1161 pigrum
1274 1121 1449 1161 cujusdam
1466 1131 1588 1163 equum

885 1175 1062 1210 comparat
1075 1171 1229 1202 Durateo
1245 1172 1294 1202 illi
1306 1172 1465 1213 Trojano.

930 1224 946 1252 1
978 1221 1102 1261 Veneti]
1132 1222 1362 1262 Aurigatoris‚
1385 1232 1444 1254 seu
1461 1223 1587 1264 aurigae

886 1271 942 1311 qui
959 1271 991 1301 in
1005 1271 1105 1302 Circo
1118 1270 1283 1302 flectebat
1301 1277 1418 1304 metas.

928 1324 948 1352 2
983 1322 1137 1361 IlIognam
1165 1331 1230 1352 rem
1252 1322 1353 1363 facit]
1413 1322 1587 1364 Εἰρωνικῶς.

885 1372 1034 1412 Nempe,
1049 1372 1105 1414 qui
1131 1382 1206 1404 cum
1228 1377 1410 1414 tantopere
1440 1376 1590 1415 vapulet,

885 1433 951 1454 non
967 1428 1083 1454 currat
1099 1428 1224 1455 tamen.

927 1474 1030 1505 Emo-
1061 1483 1177 1505 XLvn.
1220 1474 1273 1505 Ad
1308 1475 1456 1506 Ianthida
1488 1476 1590 1517 Nym-

884 1524 991 1564 phom]
1028 1525 1257 1556 Occasionem
1285 1531 1402 1566 captat
1427 1525 1589 1557 laudandi

886 1573 990 1604 fontis
1020 1574 1149 1607 Stellae.
1193 1575 1296 1616 AEger
1324 1577 1435 1608 Poeta
1471 1576 1587 1609 furtim

885 1625 1045 1656 hauserat
1061 1636 1181 1667 aquam
1199 1636 1242 1657 ex
1260 1627 1354 1658 fonte
1369 1628 1499 1668 Stellae,
1511 1639 1587 1670 quae

887 1679 924 1705 ut
954 1675 1017 1706 sibi
1046 1685 1112 1706 non
1139 1682 1291 1716 noceret,
1317 1678 1409 1709 vovit
1433 1678 1590 1710 Hiantidi

886 1733 1038 1764 porcam.
1083 1726 1150 1757 Hic
1172 1736 1207 1757 se
1223 1732 1340 1758 votum
1367 1728 1415 1758 ait
1443 1729 1589 1768 solvere,

886 1784 1053 1816 porroque
1071 1781 1180 1816 rogat,
1195 1782 1233 1807 ut
1254 1787 1391 1808 securus
1408 1777 1537 1810 fontem
1551 1780 1589 1809 il-

886 1825 953 1855 lum
973 1825 1156 1857 Hiantidos
1172 1826 1280 1858 bibat.
1322 1827 1486 1859 Hiantida
1499 1829 1588 1859 enim

884 1881 984 1907 vocat
999 1887 1120 1918 aquam
1138 1877 1180 1909 ab
1199 1887 1303 1909 uxore
1319 1878 1448 1910 Stellae.
1473 1879 1558 1911 Rad.

926 1927 981 1958 lta
994 1929 1174 1968 nympham
1188 1938 1284 1970 aqnae
1305 1935 1405 1960 vocat
1426 1929 1470 1961 ab
1484 1939 1588 1962 uxore

882 1977 1022 2009 Stellae:
1047 1979 1165 2019 Epigr.
1182 1982 1235 2010 21.
1254 1989 1357 2020 supra
1368 1989 1455 2012 vers,
1468 1983 1497 2012 1.
1509 1986 1545 2012 et
1557 1985 1589 2012 2.

927 2031 942 2059 1
969 2029 1131 2070 Nympha]
1174 2030 1308 2060 Numen
1347 2029 1463 2070 fontis,
1487 2031 1587 2072 Lym-

883 2080 962 2121 pha,
987 2090 1085 2121 aqua.
1130 2080 1326 2122 Domestica]
1359 2081 1457 2112 Intra
1477 2082 1587 2122 parie-

884 2135 948 2162 tes.

925 2185 945 2214 2
969 2182 1113 2222 Domini]
1155 2183 1284 2214 Stenae.
1333 2183 1478 2214 Gemmea
1506 2186 1587 2222 lecta

881 2232 979 2272 subis]
1002 2233 1030 2263 E
1044 2233 1137 2263 vario
1153 2243 1318 2264 marmore
1336 2234 1493 2274 nitentia,
1507 2243 1545 2265 ac
1558 2236 1587 2266 si

884 2293 1037 2325 gemmea
1051 2283 1178 2315 forent.

927 2337 945 2365 3
971 2334 1046 2364 Sit-e
1063 2334 1178 2365 Numae
1193 2335 1321 2375 conjux]
1346 2335 1426 2365 Sive
1440 2344 1457 2365 e
1480 2344 1586 2376 specu

883 2384 1052 2424 Nymphae
1074 2384 1206 2424 Egeriae
1228 2384 1383 2424 conjugis
1409 2383 1531 2415 Numae
1551 2385 1585 2414 in

883 2435 971 2466 valle
998 2434 1116 2465 Dianae
1139 2433 1299 2473 Aricinae,
1326 2434 1398 2464 sive
1424 2443 1466 2464 ex
1490 2433 1586 2465 fonte

883 2486 1070 2524 Musarum,
1092 2484 1212 2526 quibus
1237 2484 1346 2515 amica
1371 2484 1509 2524 Egeria,
1532 2485 1586 2514 vel

882 2536 936 2577 (ut
965 2535 1102 2576 quidam
1146 2534 1279 2576 volunt)
1317 2544 1381 2565 nna
1412 2544 1430 2565 e
1462 2535 1584 2567 Musis.

884 2586 988 2618 Ovid.
1005 2589 1034 2616 3.
1052 2587 1142 2616 Fast.

925 2641 942 2667 5
968 2636 1038 2667 Tibi
1050 2636 1185 2675 virgine,
1198 2635 1267 2676 ᾃικ]
1296 2635 1464 2676 Nympliae
1481 2645 1582 2678 quam

883 2687 969 2718 clam
985 2687 1159 2726 hauserat,
1186 2686 1271 2717 furti
1297 2686 1480 2726 piaculum,
1507 2696 1584 2727 por·-

883 2747 956 2770 cam
987 2737 1139 2770 immolat
1164 2737 1343 2774 Martialis,
1377 2741 1415 2769 ut
1447 2738 1582 2770 hoedum

885 1074 979 1108 geret
996 1070 1116 1101 victor.
