1866 3131
246 154 358 194 1402

242 257 440 290 Judaeorum
483 260 715 300 juramentum
764 265 942 297 contendo.

244 311 298 339 D&
317 312 405 342 enim
423 313 580 344 Hebraeis
593 319 691 346 sonat
706 316 715 332 ‘
734 317 786 347 Si’
803 318 943 358 injura—

241 362 365 392 mentis
384 363 560 402 usitatum,
578 369 615 395 ut
630 374 705 406 cap.
722 370 753 398 5.
768 368 840 399 Jer.
856 378 941 400 vers.

239 416 270 444 2.
290 416 375 443 rna-D
390 417 430 443 ’Π
447 417 515 445 Dm
530 417 539 433 ‘
554 422 590 448 et
607 417 634 448 si
653 418 737 450 vivit
754 421 941 460 Domiuus‚'

240 468 340 504 atque
357 465 437 496 alibi
455 467 583 506 pluries
600 468 633 498 in
649 468 684 500 S.
700 469 826 510 Script.
851 472 940 504 Quin

239 522 275 547 et
306 518 358 546 ΒΝ
388 518 541 550 absolute
567 520 714 560 positum
742 523 773 552 in
792 524 940 563 jurando

237 574 354 608 negat,
372 569 465 600 Psal.
481 573 534 601 89.
559 580 646 602 vers.
668 574 720 602 36.
741 578 775 603 et
800 576 829 603 1.
856 574 939 613 Reg-

238 627 316 658 cap.
333 621 383 650 17.
403 629 487 650 vers.
503 623 534 651 1.
567 622 677 654 Quum
698 622 813 662 itaque
829 623 939 654 Poe'ta

236 680 278 701 ex
291 674 566 711 pronuntiatione
579 675 635 704 τοῦ
649 660 728 703 175&
747 677 787 703 ’Π
811 677 863 704 0ss
881 679 889 695 ‘
903 679 938 709 Si

237 721 321 752 vivit
347 723 458 753 Deus'
481 724 685 755 advertisset
716 726 856 757 sud-aeos
883 728 937 767 ju-

235 780 339 811 rasse,
364 773 515 804 Hebraea
542 785 606 805 uon
629 776 838 816 intelligens,
866 789 937 810 esse

234 821 293 852 has
311 822 488 854 distinctas
504 835 602 856 voces
621 827 719 856 unius
739 827 801 858 Dei
817 838 936 860 nomeu

234 871 392 911 credidit,
409 879 511 915 atque
539 875 586 906 ita
611 878 788 917 usurpavit
811 886 936 911 mame

233 922 316 952 chin
333 934 352 953 n
374 934 468 955 verso
487 925 528 955 ad
556 926 697 958 Graecas
717 933 751 958 et
767 929 936 962 Romanas

233 972 409 1004 literarum
427 975 657 1015 dispositionis
675 979 780 1017 leges.

275 1024 383 1055 EP1G.
403 1033 484 1056 XCV.
510 1029 529 1057 2
553 1027 652 1069 Solio]
678 1031 792 1070 Epigr.
805 1035 858 1062 42.
878 1033 934 1065 lib.

231 1075 261 1102 2.
279 1082 366 1104 vers.
386 1077 414 1105 l.
441 1076 521 1106 Puto
536 1080 566 1108 te
583 1088 731 1120 mergere,
744 1082 812 1121 ἐξα]
846 1083 934 1115 Vide

232 1123 347 1164 Epigr.
366 1128 419 1156 50.
434 1126 493 1157 lib.
509 1130 540 1158 8.

273 1175 380 1206 Epic..
407 1185 504 1208 xcvr.
530 1181 545 1208 1
572 1180 707 1219 Martia,
727 1182 796 1222 &eq
835 1184 933 1224 Haee,

229 1234 248 1255 o
262 1225 444 1265 Germane,
463 1233 517 1258 est
542 1238 559 1259 e
585 1236 701 1260 nostra
726 1232 854 1263 Martia
872 1234 932 1275 (de

229 1285 293 1315 qua
311 1277 430 1317 Epigr.
445 1281 497 1308 42.
527 1279 584 1310 lib.
607 1283 638 1311 6.
663 1290 752 1311 vers.
773 1282 840 1323 18.)
863 1294 929 1315 uon

228 1335 269 1356 ex
291 1331 348 1358 tuo
364 1328 481 1359 Rheno
499 1329 648 1361 deducta
671 1342 784 1372 aqua3
807 1339 843 1365 ut
859 1335 931 1375 ejus

228 1381 311 1416 potu
329 1378 514 1409 interdicas
531 1381 676 1419 ingenuo
694 1383 770 1413 civi.

269 1430 289 1457 4
315 1428 493 1468 Captivam]
530 1431 591 1460 Tui
619 1432 759 1470 captivi.
805 1434 930 1465 Victrix

226 1478 306 1508 unda
330 1479 430 1510 levare
451 1480 554 1520 sitim]
593 1481 734 1521 Martia,
764 1483 866 1515 ducta
896 1486 927 1516 in

226 1527 342 1558 urbem
359 1529 499 1560 Romam
517 1530 709 1562 Germaniae
729 1533 917 1566 victricem.

268 1579 374 1610 Eme.
392 1588 504 1610 xcvn.
518 1581 635 1620 Epigr.
649 1584 702 1612 33.
717 1587 752 1613 et
763 1585 817 1613 75.
829 1584 886 1615 lib.
897 1588 928 1616 3.

268 1630 372 1660 Epic.
393 1639 523 1660 xcvnt.
564 1634 578 1661 1
609 1631 761 1672 Effugere
783 1643 843 1665 non
868 1637 929 1677 est]

227 1680 303 1710 Non
338 1680 418 1710 iicet
453 1679 620 1720 effugere,
658 1683 750 1712 nulla
782 1685 927 1724 ratione,

224 1729 363 1760 consilio
378 1731 467 1760 nullo
486 1731 612 1771 poteris
629 1730 788 1772 effugere.
811 1734 927 1766 Basia-

223 1779 320 1819 tores]
357 1781 472 1820 Epigr.
500 1784 552 1812 24.
584 1781 643 1812 lib.
671 1785 702 1814 7.
728 1793 814 1815 vers,
835 1788 926 1817 2.,θῑ

224 1831 342 1870 Epigr.
359 1834 411 1861 10.
430 1830 489 1861 lib.
506 1834 537 1862 2.

263 1882 283 1909 4
310 1881 380 1910 Non
395 1881 480 1911 ulcus
501 1891 581 1921 acre,
604 1882 673 1922 &ej
709 1883 848 1914 Nullum
867 1895 924 1925 ge-

222 1937 283 1959 nus
301 1930 419 1968 morbi,
438 1931 573 1970 ulceris,
588 1938 646 1962 aut
664 1934 824 1974 contagii.

264 1982 281 2009 5
310 1979 410 2010 Triste
426 1981 574 2020 mentum]
604 1982 796 2022 Mentagra.
814 1984 923 2024 Supra

222 2029 337 2069 Epigr.
353 2032 404 2061 95,
418 2040 506 2061 vers,
523 2035 553 2062 5.
568 2037 602 2062 et
621 2033 736 2072 Epigr.
752 2036 803 2066 79.
817 2035 875 2065 lib.
891 2039 921 2067 1.

220 2079 383 2120 Lichenes]
417 2080 484 2112 Qui
505 2090 522 2110 e
542 2091 666 2121 genere
683 2085 809 2115 cancri.

262 2132 282 2160 6
304 2130 407 2160 Labra
426 2132 552 2171 pingui,
577 2133 646 2172 fige]
676 2134 847 2166 Delibuta
863 2146 921 2166 un-

220 2185 347 2220 guento
363 2191 381 2212 e
399 2190 476 2212 cera
491 2192 548 2213 seu
566 2192 702 2214 cerussa
725 2184 768 2214 ad
784 2184 920 2218 fissuras

219 2235 254 2262 et
269 2231 395 2262 ulcera.

260 2283 278 2311 7
306 2282 484 2322 Congelatz',
502 2283 573 2323 Cym]
603 2283 721 2324 Epigr.
746 2288 795 2316 36.
813 2285 873 2317 lib.
887 2289 917 2317 7.

218 2340 303 2362 vers.
324 2336 355 2364 5.

259 2385 279 2412 9
304 2383 469 2422 Nuptiale,
493 2383 562 2423 ac]
591 2384 692 2416 Quod
720 2385 836 2416 clauso
859 2395 917 2417 ore

217 2438 370 2463 reservat
408 2443 551 2473 sponsus
591 2444 723 2474 sponsae
760 2445 829 2467 suae
861 2445 916 2468 ac-

216 2488 366 2523 ceptum.

260 2535 298 2562 ll
326 2533 407 2563 Tuta
418 2533 508 2573 pelle,
530 2535 667 2575 veloque]
696 2535 844 2568 Lecticae
863 2547 916 2568 au-

217 2588 285 2613 tem
316 2583 459 2623 pellibus
486 2584 637 2625 velisque
665 2586 914 2619 muniebantur.

217 2632 309 2671 Lips.
327 2633 437 2664 Elect.
454 2633 512 2664 lib.
532 2637 560 2665 1.
578 2644 653 2674 cap.
672 2638 721 2666 19.

260 2684 297 2711 15
324 2682 444 2722 Fasces,
464 2683 532 2722 ἐξα]
566 2684 707 2716 Praelati
732 2686 870 2726 praetori
895 2697 914 2718 a

217 2731 401 2763 lictoribus.

710 169 849 201 NoTAE
888 171 1106 204 VARIORU
1119 172 1149 203 M
1188 174 1237 205 {N

1040 270 1078 298 23
1104 268 1238 299 Bastar-e
1253 279 1339 309 quem
1355 270 1450 311 nolis]
1482 272 1543 303 Cui
1568 274 1691 316 absque

995 316 1125 348 offensa
1145 328 1271 360 negare
1287 322 1406 361 possis.
1439 323 1612 363 Epigram.
1639 329 1692 356 23.

995 368 1053 400 lib.
1070 372 1099 400 2.

1038 419 1143 450 Epio.
1171 429 1270 452 xclx.
1306 425 1325 453 2
1350 423 1514 454 Poedicant
1536 426 1692 466 miseram,

992 468 1061 508 ὅκκ]
1085 469 1228 501 Haerent
1245 471 1307 502 tibi
1324 472 1400 503 imae
1416 474 1552 505 tunieae.

1034 520 1053 548 6
1080 519 1122 549 Et
1150 520 1279 561 Minyas
1302 522 1436 562 intrant,
1461 524 1528 564 ὅπη]
1555 526 1691 557 'Punicae

992 572 1059 598 tuae
1077 570 1369 611 constringuntur,
1387 583 1451 604 non
1469 584 1566 606 secns
1584 586 1622 607 ac
1637 587 1692 608 co-

991 617 1105 648 lumba
1129 620 1182 649 vel
1199 621 1315 652 clavus
1331 623 1425 653 navis
1443 624 1554 663 Argus
1573 626 1605 655 iu
1621 627 1691 657 001-

990 667 1109 699 lisione
1127 670 1337 710 Cyanearum
1351 682 1410 704 seu
1427 675 1689 715 Symplegadum

989 718 1183 756 insularum,
1198 731 1281 762 quas
1306 725 1523 756 transmisere
1549 727 1689 768 Minyiae

989 769 1151 808 Thessali,
1163 773 1346 814 caeterique
1359 775 1578 816 Argonautae.
1600 778 1689 809 vide

990 829 1064 859 quae
1082 820 1123 850 ad
1143 821 1281 854 Senecae
1298 824 1403 856 Herc.
1420 826 1481 857 Fu.
1493 836 1579 858 vers.
1593 830 1688 858 1212.

989 874 1025 899 et
1041 871 1212 912 Medeam,
1232 883 1318 905 vers·
1343 878 1417 907 233.
1445 882 1480 908 et
1502 887 1604 918 supra
1629 879 1685 910 lib.

987 923 1017 951 7.
1042 921 1215 962 Epigram.
1234 927 1284 955 18.
1303 935 1391 958 vers,
1407 929 1439 957 3.

1030 972 1133 1004 EPIG.
1159 982 1204 1005 cl.
1229 977 1248 1005 2
1276 976 1322 1006 Tu
1341 981 1428 1016 puto,
1443 977 1513 1017 iffa]
1548 979 1684 1010 Summa

986 1030 1065 1052 saue
1102 1033 1137 1052 es
1175 1025 1349 1056 oculorum
1385 1028 1597 1068 perspicacia
1629 1031 1685 1069 qui

987 1076 1052 1102 tam
1070 1074 1190 1105 exilem
1208 1075 1425 1116 deprendere
1443 1087 1567 1118 posses.
1596 1079 1685 1110 Vide

985 1122 1158 1163 Epigram.
1176 1127 1343 1165 superius.

1029 1173 1129 1204 Eme..
1148 1183 1211 1207 C11.
1233 1178 1251 1205 3
1271 1177 1329 1207 Est
1344 1177 1480 1219 ita,25·c.]
1506 1179 1683 1210 Commen-

983 1220 1041 1252 dat
1057 1227 1089 1252 te
1105 1228 1276 1255 tacentem
1290 1228 1376 1257 cutis
1390 1229 1546 1267 pulchra:
1573 1229 1630 1260 sed
1643 1240 1683 1260 ea

981 1277 1031 1302 est
1043 1274 1110 1304 oris
1126 1274 1186 1313 tui,
1199 1277 1330 1316 quoties
1344 1277 1681 1319 loqueris,iuelegan-

983 1323 1028 1353 tia
1055 1330 1090 1354 et
1118 1324 1321 1367 invenustas,
1343 1338 1417 1369 quae
1441 1331 1594 1370 corporis
1618 1331 1684 1361 sor·

980 1383 1067 1404 mam
1085 1374 1260 1415 deturpet.

1021 1426 1039 1454 7
1064 1424 1196 1464 Audiat,
1219 1427 1286 1467 aaz]
1314 1427 1430 1459 AEdilis
1455 1429 1582 1470 quippe
1607 1436 1682 1462 erat

979 1482 1096 1504 curare
1121 1482 1282 1515 portenta
1308 1478 1425 1519 (quale
1453 1485 1507 1511 est
1530 1481 1557 1511 si
1581 1482 1681 1512 sudet

979 1524 1181 1565 loquaturve
1207 1528 1333 1569 imago)
1357 1530 1524 1570 expianda
1551 1536 1586 1563 et
1617 1532 1678 1563 tol-

979 1575 1092 1607 lenda.

1021 1631 1040 1658 8
1065 1629 1250 1661 Portentum
1263 1635 1320 1672 est,
1334 1631 1404 1672 Esca]
1429 1633 1558 1673 Corpus
1575 1634 1678 1666 habes

977 1681 1172 1711 marmoreis
1200 1682 1353 1712 Dearum
1378 1684 1580 1723 imaginibus
1611 1695 1677 1716 non

978 1730 1122 1769 cedens3
1147 1731 1317 1772 loquentis
1342 1743 1423 1764 vero
1448 1740 1580 1774 gestum
1600 1745 1676 1776 por-

978 1784 1159 1811 tentosum.

1019 1830 1124 1860 Eme.
1155 1839 1233 1862 cur.
1266 1834 1286 1862 2
1317 1832 1359 1862 Ut
1387 1833 1493 1872 mirer,
1520 1834 1590 1874 ξι]
1627 1835 1676 1866 Ut

974 1880 1076 1910 mirer
1092 1886 1124 1911 te
1142 1882 1194 1911 vel
1211 1892 1286 1912 cum
1305 1893 1410 1914 uxore
1423 1893 1493 1914 rem
1506 1885 1674 1917 habuisse.

1019 1932 1125 1961 Epic..
1144 1940 1203 1962 cv.
1227 1935 1246 1963 2
1271 1933 1392 1964 Saltem
1417 1935 1588 1976 semissem,
1607 1937 1677 1977 θα]

973 1981 1099 2011 Saltem
1111 1982 1281 2020 gradatim
1294 1988 1329 2013 et
1341 1993 1402 2023 per
1412 1985 1523 2015 media
1535 1985 1670 2016 descen-

973 2031 1080 2062 disses
1105 2032 1146 2062 ad
1175 2032 1238 2062 hoc
1265 2033 1389 2064 imum:
1418 2039 1453 2065 ut
1477 2036 1595 2076 Epigr.
1618 2039 1671 2068 71.

973 2075 1058 2113 libro
1075 2084 1105 2112 8.

1014 2132 1121 2163 Eme.
1139 2141 1212 2164 erl.
1237 2136 1252 2163 1
1271 2133 1442 2166 Sit-acabit
1455 2135 1545 2176 Ιιονα]
1571 2137 1673 2178 Opti-

969 2182 1013 2212 mi
1031 2181 1130 2212 codd.
1147 2183 1174 2212 εἰ
1186 2193 1275 2213 ‘cacas
1286 2184 1413 2215 habere.-
1426 2185 1531 2225 proba
1546 2187 1668 2218 lectio:

967 2232 976 2248 ‘
990 2231 1133 2262 habere’
1157 2233 1244 2264 euim
1263 2239 1361 2265 notat
1383 2236 1532 2268 ‘averez’
1553 2237 1669 2278 aitque

968 2282 994 2312 si
1012 2287 1109 2322 potes
1127 2280 1231 2321 ferre,
1248 2288 1285 2314 ut
1299 2289 1333 2315 te
1350 2285 1439 2316 inter
1451 2291 1572 2326 postve
1587 2287 1670 2318 alios

967 2333 1123 2363 salutem.
1158 2333 1216 2363 Sic
1233 2333 1289 2365 lib.
1304 2337 1331 2365 1.
1347 2335 1412 2375 Ep.
1425 2339 1478 2366 54.
1503 2338 1511 2352 ‘
1523 2336 1556 2367 Si
1572 2337 1668 2378 quid,

967 2383 1084 2422 Fuste,
1107 2392 1205 2413 vacas
1223 2383 1331 2416 adbuc
1348 2385 1477 2416 amari)
1502 2387 1668 2419 Gruterus.

966 2434 1040 2474 Ego
1057 2444 1135 2465 vero
1152 2445 1274 2466 censeo
1297 2436 1526 2477 scribendum,
1549 2438 1668 2471 haberi.

965 2485 1125 2516 Habetur
1142 2486 1198 2526 qui
1215 2486 1256 2516 ab
1275 2487 1384 2527 aliquo
1401 2487 1588 2528 detinetur,
1607 2491 1665 2531 qui

965 2535 1063 2566 alicui
1092 2535 1151 2566 dat
1177 2546 1328 2576 operam.
1381 2537 1437 2568 Sic
1461 2539 1663 2571 Terentius:

961 2588 971 2603 ‘
989 2588 1073 2619 Quis
1095 2588 1165 2618 heri
1189 2588 1309 2620 habuit
1331 2589 1554 2630 Chrysidem!
1581 2592 1662 2622 Gro-

963 2649 1032 2669 που.

1007 2691 1025 2719 4
1049 2688 1184 2729 Supisti]
1207 2689 1274 2721 Qui
1302 2694 1336 2720 ct
1361 2690 1424 2722 hoc
1448 2691 1510 2723 tibi
1534 2691 1658 2723 laboris

964 2739 1088 2778 parcis,
1110 2738 1283 2770 fastidioso
1301 2740 1432 2772 lectori.
