1866 3131
221 182 335 222 1:232
676 193 817 224 NOTAE

223 291 289 326 rat,
303 291 340 319 ut
366 288 483 319 scribit
508 288 648 320 Sueton.
696 288 797 320 Unde
811 288 922 329 judex

221 347 350 368 morum
368 348 386 368 a
400 338 567 370 Juvenale
593 338 786 379 appellatur
814 338 923 379 εἰρωνι-

221 389 292 419 κῶς.
338 388 406 419 1)ὶο
433 388 551 419 scribit
575 394 719 420 caeteros
735 389 922 429 Imperato-

220 449 275 470 res
296 439 362 470 suis
378 439 587 480 temporibus
604 439 647 470 ab
664 440 727 471 hoc
743 441 922 480 magistra-

226 496 262 521 tu
287 491 502 522 abstinuisse.
542 491 704 522 Caussam
720 491 828 530 addit,
845 492 923 532 quia

224 541 350 582 absque
367 542 502 573 nomine
517 541 555 572 τὸ
576 541 666 582 ἔργον
690 543 746 580 τῆς
769 543 924 581 τιμητείας

219 590 316 631 εἶχον.
342 593 475 624 IIeruld.

261 647 282 674 4
301 643 473 683 Oceanum]
496 644 760 684 Designatorem
775 644 923 675 theatra-

219 694 296 724 lem.
344 693 468 725 Certior
483 696 574 725 amlet
591 695 696 735 eques]
731 695 763 726 N
768 705 810 726 on
833 695 924 736 plebi

220 744 399 784 immistus,
415 749 453 776 ut
469 751 560 777 ante.

263 799 282 826 5
310 797 404 828 Cocco
420 795 629 836 murice,&c.]
652 795 842 836 Purpurea,
860 798 924 837 pis·

219 846 268 877 cis
295 847 433 879 muricis
455 848 618 886 sanguine
640 857 697 878 seu
714 846 809 886 flore,
824 857 923 888 quem

219 906 277 928 ore
292 897 394 929 habet
407 898 621 937 moriensque
647 898 780 938 expuit,
795 899 922 938 tincta3

219 948 276 978 vel
302 957 417 988 cocco,
455 948 629 978 coclaineal:
666 958 773 988 grano
811 950 922 989 scapis

221 997 392 1038 aquifoliae
419 998 505 1029 ilicis
527 997 658 1029 deraso.
695 999 783 1030 Plin.
797 1001 856 1031 lib.
872 1004 922 1034 16.

220 1060 298 1090 cap.
313 1053 345 1081 8.

261 1103 282 1131 6
315 1101 360 1131 Et
387 1103 428 1140 te,
458 1100 526 1141 tta]
572 1101 618 1131 Et
645 1105 740 1132 veste
763 1099 922 1141 ‘equitem

220 1151 368 1190 mentiri,
395 1156 497 1192 atque
524 1151 776 1191 designatorem
805 1150 922 1182 fallere

220 1202 345 1234 credis.

260 1256 279 1284 7
305 1253 626 1292 Quadringentorum,
653 1253 723 1294 fisa]
758 1253 835 1284 Non
865 1253 922 1294 qui

218 1304 324 1335 habet
354 1305 524 1335 lacernam
564 1314 784 1344 purpuream,
819 1304 922 1336 habet

218 1355 319 1385 etiam
337 1365 473 1385 censum
496 1362 710 1395 equestrem:
747 1355 922 1396 Epigram-

217 1410 308 1436 mate
324 1409 377 1437 67.
395 1406 498 1437 lib.4.
516 1416 602 1436 vers.
622 1410 651 1438 1.
696 1407 771 1437 Hac
788 1407 921 1438 ratione

220 1456 351 1487 Codrus
377 1466 508 1497 pauper
536 1456 626 1488 foret
651 1467 765 1498 eques,
785 1467 863 1489 nam
885 1462 919 1489 et

216 1507 264 1537 illi
283 1517 454 1547 purpurea
471 1508 586 1539 vestis.

261 1558 366 1589 Eum.
379 1567 488 1588 xxrv.
510 1558 622 1588 Variis
637 1559 816 1598 praeconiis
833 1558 919 1590 Her-

216 1613 341 1639 metem
361 1608 600 1649 gladiatorem,
631 1609 663 1638 in
691 1610 780 1640 omni
797 1619 920 1649 genere

217 1669 382 1690 armorum
401 1659 604 1699 principem,
620 1658 747 1691 laudat.
778 1660 823 1690 Et
839 1670 920 1691 vere

219 1715 271 1741 ter
285 1712 478 1749 maximnm,
500 1715 538 1741 ut
562 1710 760 1740 Hermetem
776 1710 921 1742 Trisme·

216 1761 339 1800 gistum
353 1762 386 1792 in
402 1761 635 1801 philosopliia3
659 1760 707 1790 sic
718 1760 919 1792 Hermetem

214 1813 305 1842 hunc
319 1812 352 1842 in
367 1821 470 1842 arena
486 1811 661 1851 praedicat.
688 1812 768 1841 Rau.

260 1864 275 1891 l
302 1862 439 1899 Martia,
453 1860 521 1900 dxx]
546 1861 621 1891 AEvi
636 1861 732 1900 hujus
750 1866 785 1891 et
803 1861 918 1891 Roma}

216 1911 354 1942 Martiae
381 1910 515 1941 deliciae
557 1915 592 1940 et
625 1910 745 1949 gloria,
778 1915 919 1949 propter

215 1961 440 1992 eruditionem
451 1960 484 1991 in
496 1960 586 1991 omni
596 1969 722 2000 genere
733 1970 916 1992 armorum:

217 2018 253 2042 ut
269 2022 358 2042 mox.

259 2065 278 2093 3
305 2063 348 2093 Et
362 2061 615 2101 gladiutor,&c.]
654 2062 698 2092 Et
723 2061 795 2101 ipse
811 2061 917 2101 gladi-

217 2118 292 2144 ator
309 2119 342 2144 et
358 2113 584 2153 gladiatorum
610 2112 784 2152 magister,
803 2112 834 2142 id
852 2117 917 2150 est,

213 2165 347 2195 lanista.

255 2218 275 2246 4
293 2215 410 2254 Turba,
426 2215 494 2255 cisen]
518 2216 606 2253 Quo,
624 2224 717 2245 arma
731 2218 917 2253 tractante,

216 2272 289 2298 tota
305 2266 433 2297 familia
458 2266 682 2307 gladiatorum
709 2264 866 2296 turbatur
883 2271 917 2296 et

214 2318 322 2350 timet.

256 2374 275 2400 5
303 2371 401 2406 Quem
426 2369 529 2408 timet,
557 2368 626 2409 Sym]
666 2368 776 2400 Quem
808 2367 915 2398 solum

216 2420 335 2452 nobilis
354 2421 522 2461 gladiator
539 2420 659 2451 Helius
677 2419 789 2449 timet.

256 2474 276 2502 6
302 2472 363 2502 Cui
379 2472 476 2509 cadit,
488 2469 558 2511 fisa]
595 2469 626 2501 A
642 2479 707 2510 quo
723 2468 791 2499 solo
810 2469 913 2500 vinci-

215 2527 269 2554 tur
288 2523 411 2553 Advol.
424 2522 545 2553 nobilis
560 2521 650 2562 glad.

257 2577 275 2604 7
317 2573 384 2603 Nec
421 2572 526 2610 ferire
552 2570 674 2610 doctus]
720 2569 916 2601 Premendo

213 2628 248 2655 et
265 2623 470 2655 involvendo
487 2624 622 2653 vincere
638 2623 710 2653 sine
733 2623 826 2653 ictu:
859 2622 913 2653 vel

215 2677 409 2708 adversario
445 2685 598 2716 parcere,
636 2675 693 2705 nbi
721 2679 835 2715 posset
866 2672 915 2704 fe-

213 2728 291 2758 rire.
545 2727 547 2730 ’

257 2782 275 2807 >5
299 2777 518 2817 Supposititius
534 2778 592 2807 sibi
609 2776 684 2816 ipsi]
726 2776 912 2816 Pugnando

852 194 1074 226 VARIORU
1086 196 1117 224 M
1153 195 1203 225 IN

973 299 1039 320 nou
1069 289 1292 331 defatigatus,
1317 290 1377 321 sed
1402 291 1545 331 perinde
1570 302 1609 324 ac
1627 303 1677 325 re-

974 349 1054 371 cens
1072 341 1316 381 gladiatoribus
1333 341 1428 371 novis
1450 343 1680 390 congreditur,

972 401 1036 422 nec
1052 391 1183 430 indiget
1212 398 1249 422 ut
1276 391 1341 421 sibi
1372 391 1456 421 alius
1477 391 1678 424 sufficiatur.

973 442 1051 473 vid.
1062 442 1153 482 Lips.
1165 443 1337 473 Saturnal.
1363 441 1576 473 Gladiatores
1589 444 1677 475 enim

972 493 1184 533 suppositicii
1202 498 1314 530 erant,
1331 493 1387 533 qui
1404 491 1500 523 fessis
1517 498 1552 524 et
1579 494 1678 525 victis

973 543 1216 583 gladiatoribus
1239 542 1506 584 sufficiebantur,
1529 545 1679 586 quicum

974 596 1104 627 victore
1126 596 1388 635 contenderent,
1411 606 1494 637 quos
1514 602 1550 628 et
1567 597 1679 629 subdi-

975 646 1086 686 ticios,
1115 647 1230 678 Graeci
1260 646 1402 687 ἐφέδρους
1436 647 1653 679 nominabant
1668 659 1677 679 :

974 696 1271 728 substituebantur
1307 703 1421 727 autem
1455 707 1551 738 unus,
1579 699 1678 738 alter,

974 747 1077 778 etiam
1097 748 1231 787 tertius,
1248 753 1340 780 sorte
1359 754 1485 789 tamen,
1498 759 1565 780 non
1583 759 1677 781 casu.

974 796 1058 827 Rad.

1016 849 1037 877 9
1046 847 1386 888 Diritioelocarz'orum]
1398 849 1497 880 Unde
1509 855 1678 890 quaestum

974 895 1116 936 faciant,
1134 899 1190 938 qui
1208 900 1281 929 loca
1307 898 1432 938 populo
1449 898 1482 928 in
1499 903 1677 939 spectacu-

973 947 1012 977 lis
1029 947 1211 987 designant
1227 949 1418 989 locantque.
1464 949 1588 989 Etjam
1601 950 1610 966 ‘
1627 950 1677 980 lu-

973 997 1049 1028 car'
1074 998 1216 1038 dictum,
1234 999 1324 1040 quod
1350 999 1464 1039 prius‘
1481 999 1607 1031 locar:'
1632 1011 1677 1031 aes

973 1048 1128 1079 nimirum
1146 1059 1189 1080 ex
1215 1050 1296 1080 locis
1322 1049 1392 1080 sive
1418 1049 1556 1081 sedibus
1585 1051 1676 1081 thea-

975 1099 1117 1130 tralibus
1134 1100 1332 1131 collectum.

1015 1153 1055 1180 10
1081 1150 1260 1191 Cm·a‚8)·c.]
1296 1152 1405 1182 Quem
1432 1151 1534 1182 ludiae
1559 1162 1676 1184 omnes

971 1199 1021 1241 (id
1040 1206 1102 1240 est,
1124 1201 1347 1240 gladiatorum
1365 1210 1487 1232 uxores
1506 1201 1678 1242 amicaeve,

972 1250 1023 1281 vel
1037 1251 1139 1281 etiam
1156 1251 1232 1281 aliae
1256 1261 1330 1291 quae
1357 1251 1605 1291 gladiatoribus
1627 1252 1678 1283 fa-

972 1300 1069 1342 vent)
1085 1302 1243 1332 certatim
1258 1306 1383 1341 amant,
1406 1307 1440 1333 et
1463 1303 1593 1334 salvum
1619 1313 1677 1334 cu-

971 1352 1079 1393 piunt.

1016 1407 1053 1434 11
1079 1404 1242 1443 Belligera
1258 1403 1404 1445 superbus
1419 1404 1523 1444 hasta]
1555 1405 1674 1436 Gladi-

972 1455 1077 1486 atoris
1107 1455 1269 1486 Samnitis
1298 1465 1390 1485 more
1420 1456 1533 1486 valide
1564 1456 1677 1487 vibrat

971 1507 1113 1538 hastam.
1160 1507 1201 1538 In
1219 1507 1422 1548 praelusione
1444 1508 1516 1538 scil.
1535 1517 1570 1537 se
1589 1507 1677 1537 miri-

971 1558 1035 1590 fice
1052 1563 1242 1599 ostentans,
1258 1564 1293 1589 et
1316 1559 1365 1589 ita
1381 1559 1510 1589 hastam
1528 1558 1677 1598 vibrans,

971 1616 1009 1642 ut
1027 1611 1179 1650 plausum
1197 1610 1274 1641 inde
1292 1611 1410 1650 populi
1428 1609 1547 1641 ferret.

1015 1665 1054 1692 12
1078 1662 1231 1701 AE'quoreo
1248 1661 1357 1692 minax
1371 1660 1523 1701 tridente]
1559 1660 1675 1691 Retia-

971 1712 1011 1742 rii
1027 1722 1119 1742 more
1138 1717 1250 1743 movet
1269 1711 1433 1742 fuscinam
1459 1711 1624 1742 directam
1642 1711 1675 1741 in

970 1762 1224 1793 Mirmillonem.
1285 1761 1374 1792 Vide
1406 1771 1481 1802 quae
1514 1761 1554 1791 ad
1587 1770 1674 1794 vers.

970 1815 1044 1843 143.
1068 1813 1140 1843 Sat.
1156 1816 1187 1844 2.
1215 1812 1338 1844 Juven.
1361 1816 1397 1842 et
1424 1811 1517 1852 Lips.
1539 1811 1673 1842 Saturn-

969 1862 1025 1894 lib.
1042 1865 1074 1892 2.
1091 1872 1121 1892 c.
1139 1866 1169 1893 8.

1012 1915 1050 1943 13
1091 1911 1234 1951 Casside]
1278 1911 1538 1943 Andabalarum
1578 1922 1673 1944 more

969 1967 1111 2001 pugnat.
1158 1963 1204 1992 Hi
1236 1967 1350 1992 autem
1382 1973 1423 1993 ex
1451 1962 1545 2003 equis
1577 1963 1674 2002 galea

968 2012 1112 2043 frontem
1141 2013 1325 2053 oculosque
1355 2014 1436 2044 tecti
1463 2013 1672 2053 pugnabant.

970 2063 1062 2102 Lips.
1077 2063 1146 2093 Sat.
1174 2062 1234 2094 lib.
1251 2065 1283 2094 2.
1300 2073 1375 2104 cap.
1394 2067 1444 2094 12.
1491 2063 1673 2103 Languida]

970 2113 1054 2145 Quae
1069 2112 1224 2143 tenebras
1238 2118 1273 2144 et
1286 2113 1478 2153 languidam
1493 2114 1673 2154 caliginem

968 2163 1110 2194 inducit.
1144 2163 1245 2194 Unde
1262 2168 1298 2194 et
1314 2169 1427 2194 natum
1443 2170 1495 2194 est
1512 2165 1671 2196 verbum:

969 2215 978 2230 ‘
991 2213 1246 2244 Andabatarum
1260 2223 1352 2245 more
1370 2215 1547 2255 pugnare,’
1557 2215 1591 2246 id
1609 2221 1673 2256 cst,

969 2275 1147 2296 caecorum.

1012 2319 1051 2348 14
1077 2318 1189 2348 Gloria
1216 2318 1336 2349 Martis
1357 2318 1508 2359 unit-ersi]
1545 2319 1591 2350 Ut
1618 2329 1670 2349 su-

967 2377 1029 2408 pra
1047 2377 1133 2399 vers.
1150 2371 1180 2399 l.

1012 2421 1049 2449 15
1077 2419 1190 2449 Omnia
1213 2420 1304 2456 solus,
1327 2420 1398 2460 250]
1430 2419 1570 2460 Colligit
1595 2428 1670 2460 quae

966 2469 1099 2502 dixerat
1115 2471 1156 2502 de
1174 2472 1353 2510 Hermete‚
1370 2471 1521 2502 versibus
1540 2474 1568 2502 1.
1591 2473 1623 2502 4.
1637 2475 1668 2501 5.

965 2524 995 2553 7,
1013 2525 1062 2552 10.
1089 2525 1140 2553 ll.
1168 2526 1217 2554 12.
1241 2528 1276 2554 et
1305 2528 1418 2563 potest
1445 2522 1596 2554 allusisse
1625 2521 1668 2551 ad

966 2573 1164 2603 Hermetem
1180 2574 1454 2614 Trismegistum,
1471 2573 1567 2613 cujus
1583 2583 1670 2603 sum-

964 2632 1051 2653 mam
1069 2623 1245 2654 scientiam
1270 2625 1302 2654 in
1320 2624 1539 2665 Philosophia
1555 2628 1669 2664 aequat

964 2673 1063 2713 liujus
1081 2673 1113 2703 in
1132 2683 1247 2705 arena.

1008 2724 1112 2755 Epic..
1133 2733 1220 2755 xxv.
1255 2725 1418 2757 Quen-itur
1434 2724 1544 2755 Po'eta
1563 2724 1667 2764 Equi-

965 2782 1026 2815 tes,
1043 2775 1193 2816 quamvis
1211 2776 1373 2817 Equitum
1391 2779 1466 2806 satu
1484 2784 1563 2805 vcro
1582 2774 1665 2815 pris·
