1866 3131
416 196 461 223 M.
498 195 608 224 vAh.
642 191 916 223 MARTIALIS
950 192 1109 222 EPIGR.

215 288 318 318 Eric.
335 296 424 318 cvn-
449 291 464 318 1
482 286 766 328 E.tplicit111n‚l5·c.]
782 288 866 318 Evo-

172 338 279 369 lutum
303 338 344 368 ad
366 338 557 369 umbilicum
581 348 700 378 usque,
724 337 864 378 perinde

170 399 209 419 ae
232 389 378 428 legisses,
402 389 518 429 Epigr.
539 391 592 419 67.
615 389 635 419 1.
657 391 684 419 l.
708 398 796 418 vers.
814 389 863 418 10.

169 438 271 468 Turn.
291 439 309 468 1.
325 441 377 468 22.
394 448 424 468 c.
443 441 492 468 10.

212 491 230 519 -1
255 488 308 519 Sic
331 498 386 527 ego
412 489 545 528 quinque
569 487 650 527 tuos]
678 487 865 527 Explicitos

168 539 298 570 scilicet
312 539 416 570 oculis
432 539 603 577 lusti-atos,
618 548 657 569 ac
673 547 802 569 rursum
818 538 865 568 in-

1146 193 1237 221 12113.
1274 191 1363 220 xil.
1503 181 1615 221 1403

920 286 1066 324 volutos,
1078 290 1115 316 nt
1128 289 1161 316 tu
1175 295 1276 317 meos,

964 336 1067 367 Eme.
1084 344 1189 367 cvm.
1221 339 1239 367 3
1264 336 1368 376 Lupus
1383 336 1520 375 usuram]
1544 335 1616 365 Foe-

920 391 1070 417 nerator.
1114 387 1228 416 Diaria
1239 386 1382 426 poscunt]
1399 386 1566 416 Demensa
1582 389 1617 415 et

919 436 1046 466 cibaria
1061 436 1163 465 servis
1180 435 1413 466 distribuenda
1429 435 1461 465 in
1479 435 1582 465 diein.

961 488 981 516 4
1009 485 1112 523 Taces,
1132 485 1203 525 ἐξα]
1228 486 1344 526 Epigr.
1372 488 1421 516 16.
1446 494 1534 517 verS.
1561 487 1614 516 14.

919 540 956 567 et
971 535 1090 576 Epigr.
1102 538 1156 566 26.
1173 545 1258 567 vers.
1277 539 1327 566 ll.
1346 535 1404 566 lib.
1421 540 1451 566 5.

414 850 953 900 EPIGRAMMA'l'U
964 851 1025 898 M
1067 850 1208 897 LIB.
1241 850 1371 897 XII.

210 985 331 1016 ΕΡιετ.
349 986 417 1016 Scio
429 995 475 1015 me
490 986 787 1026 ραενοεὶηίιιιη,8)·ε.]
803 987 862 1016 Sat

164 1036 236 1065 scio
250 1036 328 1066 milii
341 1046 425 1076 opus
439 1047 511 1067 esse
529 1037 734 1068 validissima
747 1036 862 1067 defen—

165 1086 346 1126 sione‚qua
361 1096 519 1117 excusem
531 1088 697 1118 silentium
711 1097 820 1118 meum
828 1092 863 1118 et

164 1136 336 1166 scribendi
362 1137 724 1173 intermissionem,cui
746 1142 863 1168 contu-

163 1186 305 1217 maciter
316 1188 462 1226 tresjam
476 1197 577 1218 annos
586 1187 701 1218 vacavi
716 1188 864 1218 :crimen

164 1237 263 1266 venia
279 1237 366 1267 hand
385 1247 550 1278 quaquam
567 1237 705 1276 dignuin
722 1237 773 1267 vel
803 1247 862 1276 per

162 1288 405 1326 occupationes
431 1288 534 1323 urbis,
563 1288 667 1318 multo
693 1288 802 1318 minus
826 1288 860 1318 in

162 1337 226 1368 hoc
244 1339 443 1378 provinciali
460 1341 530 1371 otio
544 1346 579 1371 et
592 1349 738 1372 secessu.

207 1389 366 1428 Civitatis,
381 1390 451 1430 δῖα]
474 1391 658 1430 Elegantes
682 1398 718 1422 et
743 1396 859 1423 acutos

163 1438 345 1477 auditores,
357 1441 473 1480 quales
486 1441 566 1471 milii
577 1441 692 1472 Romae
707 1443 857 1483 contige-

161 1494 254 1527 runt,
283 1490 456 1521 desidero:
493 1491 545 1522 hie
573 1502 691 1532 parum
720 1493 858 1524 idoneos

163 1542 345 1580 comperio.

205 1591 352 1630 Auditor,
365 1592 432 1632 Syn]
456 1592 484 1623 Α
501 1593 595 1632 cujus
609 1593 757 1633 ingenio,
771 1593 856 1632 judi-

161 1641 226 1680 cio,
245 1642 436 1681 virtutibus,
452 1643 557 1681 vitiis,
584 1652 647 1673 nec
665 1652 731 1674 non
748 1643 789 1673 ab
804 1653 856 1674 ur-

159 1691 208 1722 bis
234 1692 418 1732 magnificis
442 1693 593 1723 aedificiis
609 1693 762 1734 ludisque
780 1694 858 1724 mihi

159 1745 233 1772 erat
248 1751 341 1781 seges
354 1747 390 1773 et
402 1743 545 1773 materia
562 1743 856 1783 Epigrammaton:

159 1792 258 1832 idque
275 1793 361 1822 citi-a
380 1793 529 1829 taedium,
550 1793 615 1823 imo
632 1802 708 1823 cum
727 1794 858 1824 Venere

159 1841 300 1881 quadam
319 1848 353 1872 et
368 1842 598 1872 delectatione
613 1843 728 1873 studii.

202 1892 455 1931 Municipalium]
480 1893 690 1932 Municipum
708 1903 856 1924 meorum

155 1942 431 1973 Bilbilitanornm
455 1944 579 1973 invidia
597 1949 631 1974 et
649 1945 855 1974 malevolen-

158 1993 218 2030 tia,
247 1993 303 2033 qni
328 1992 463 2033 quidem
492 1993 603 2032 pauci,
629 1993 687 2023 sed
713 2003 772 2033 pro
790 1994 855 2024 loci

157 2043 311 2073 exilitate
328 2043 438 2081 multi,
461 2053 514 2074 me
540 2049 697 2083 carpunt,
721 2044 856 2075 obtrec-

156 2097 242 2130 tant,
263 2092 430 2122 mordent.

200 2144 251 2174 Ne
266 2143 389 2174 mireris
402 2144 517 2183 igitur,
529 2143 598 2183 Esca]
623 2143 676 2174 Ne
693 2144 737 2175 sit
753 2144 857 2184 igitur

157 2194 278 2224 mirum
295 2194 323 2224 si
348 2204 409 2234 per
432 2195 696 2234 indignationem
712 2195 856 2235 deposn-

157 2245 241 2275 erim
267 2250 302 2275 et
329 2245 514 2285 abjecerim
540 2244 655 2275 studia
680 2245 751 2284 illa,
778 2255 853 2286 qnae

156 2296 236 2326 mihi
252 2301 353 2327 antea
370 2296 464 2326 cordi
481 2296 631 2327 fuerunt.

202 2346 262 2376 Cui
273 2356 331 2376 non
343 2346 453 2383 refero,
463 2345 533 2384 dra]
550 2346 705 2377 Rotunde
717 2356 855 2386 expres-

159 2397 203 2427 sit
226 2396 308 2426 illud
341 2395 516 2426 Ciceronis
543 2396 654 2436 Epist.
680 2399 711 2428 8.
741 2397 799 2429 lib.
823 2401 855 2428 4.

157 2448 250 2478 Fam.
264 2446 372 2486 Epist.
386 2446 394 2462 ‘
410 2446 589 2486 Reliquum
603 2455 665 2486 est,
682 2452 718 2478 ut
729 2448 772 2478 ad
788 2457 856 2478 om-

157 2498 215 2528 nia
230 2507 304 2539 quae
323 2497 372 2528 tui
390 2497 496 2527 velint
512 2497 560 2527 ita
576 2497 634 2527 sim
653 2503 794 2537 praesto,
819 2503 856 2529 ut

156 2558 210 2579 me
222 2557 287 2578 non
296 2548 401 2577 solum
413 2548 522 2577 omnia
535 2547 659 2578 debere
671 2553 728 2578 tua
744 2558 856 2584 causa,

157 2608 232 2640 quae
251 2607 398 2638 possum,
415 2597 474 2627 sed
493 2607 533 2628 ea
549 2608 682 2638 quoque
699 2609 771 2639 quae
790 2609 855 2630 non

157 2659 304 2690 possum,
328 2648 472 2688 putent.'
517 2649 526 2665 ‘
547 2648 651 2679 Proui
667 2649 791 2687 studii‚’
806 2650 856 2679 in-

158 2701 229 2740 quit
245 2700 321 2730 Val.
338 2700 432 2730 Max.
451 2699 504 2729 lib.
522 2701 551 2729 1.
568 2708 642 2739 cap.
659 2702 688 2730 8.
710 2701 718 2715 ⁶
731 2700 855 2730 certius

160 2755 212 2781 est
229 2750 389 2781 indicium
415 2759 516 2789 snpra
544 2749 631 2780 vires
655 2750 729 2789 niti,
755 2759 853 2790 quam

916 984 1044 1015 viribus
1061 994 1102 1015 ex
1116 984 1207 1015 facili
1224 985 1292 1015 uti:
1322 984 1408 1014 alter
1424 983 1511 1013 enirn
1526 980 1613 1023 quod

917 1042 1044 1076 potest,
1081 1039 1223 1075 praestat
1241 1046 1248 1066 ε
1288 1035 1376 1065 aller
1407 1033 1508 1064 etiam
1539 1033 1613 1072 plns

917 1096 1016 1127 quam
1043 1086 1180 1126 potest!
1203 1085 1238 1115 Εἰ
1263 1086 1317 1116 καί
1336 1097 1367 1114 τι
1390 1086 1451 1114 τῶν
1464 1081 1616 1114 ἀδυνάτων

919 1135 985 1166 ἐστὶ
999 1136 1114 1176 μεῖζον.
1138 1136 1293 1167 Phalaris
1307 1136 1417 1175 Epist.
1433 1137 1485 1165 31.

961 1187 1115 1226 Imperavi
1130 1187 1217 1226 mihi,
1231 1187 1300 1227 δμκ]
1326 1188 1396 1226 Ego
1419 1186 1534 1226 itaque
1560 1195 1615 1215 ex-

916 1236 1032 1266 citabo
1056 1237 1230 1276 ingenium
1256 1245 1366 1266 meum
1392 1241 1428 1266 et
1453 1235 1614 1272 studium,

917 1295 991 1325 qnae.
1008 1286 1087 1316 olim
1104 1296 1169 1317 me.
1215 1287 1293 1324 Alii,
1310 1286 1493 1326 impetravi:
1519 1285 1613 1326 qrrasi

913 1336 1026 1367 dicat:
1051 1336 1188 1367 Extorsi
1206 1347 1294 1367 ame
1311 1337 1450 1367 nolente
1468 1337 1613 1366 volente.

955 1386 1078 1426 Statua]
1102 1386 1184 1425 Alii,
1199 1387 1314 1418 studui.

955 1438 1146 1467 Adcentorz'a
1160 1447 1227 1473 sua,
1242 1436 1312 1477 ζα]
1332 1437 1432 1468 Libro
1447 1436 1523 1475 hoc,
1541 1442 1611 1466 tan-

913 1497 1010 1527 quam
1027 1487 1226 1518 adventoria
1242 1496 1351 1525 ccena,
1368 1497 1434 1527 qua
1450 1487 1612 1526 excipere

913 1538 1039 1568 amicos
1071 1546 1215 1577 peregre
1243 1537 1391 1568 advenas
1420 1537 1519 1568 moris
1549 1541 1613 1567 est.

911 1589 1014 1618 Turn.
1033 1589 1089 1618 lib.
1107 1591 1160 1620 30.
1177 1598 1254 1628 cap.
1269 1591 1323 1620 26.

955 1638 1086 1668 Tantum
1101 1640 1193 1677 apud,
1208 1638 1277 1678 &ej
1301 1639 1380 1669 Non
1397 1639 1503 1669 solum
1521 1638 1610 1679 apud

913 1691 947 1718 te
970 1688 1025 1718 cui
1046 1688 1117 1718 lraec
1137 1689 1258 1727 scribo,
1281 1688 1340 1718 sed
1362 1694 1396 1718 et
1414 1689 1504 1728 apud
1523 1689 1607 1719 alios

913 1738 1034 1779 quibus
1057 1743 1200 1778 propter
1217 1743 1251 1769 te
1269 1739 1497 1769 innotescent.
1534 1738 1611 1776 Vel,

912 1798 978 1818 non
997 1794 1128 1819 tantum
1147 1788 1272 1828 judicii
1299 1792 1335 1818 et
1353 1798 1504 1818 censurae
1522 1788 1610 1828 peri-

911 1840 1019 1869 culum
1035 1838 1124 1879 apud
1146 1844 1192 1877 te,
1216 1838 1310 1879 cujus
1334 1838 1482 1869 candore
1505 1837 1611 1868 fretus

910 1899 994 1927 snm,
1007 1889 1151 1927 inibunt,
1163 1894 1326 1929 quantum
1340 1889 1429 1928 apud
1447 1888 1531 1919 alios
1545 1898 1611 1918 non

911 1950 1006 1980 aeqne
1023 1949 1135 1980 aequos
1152 1946 1188 1970 et
1203 1939 1375 1971 candidos.

954 1991 1043 2025 Quod
1068 1990 1126 2020 tibi
1153 1991 1378 2031 difficillimum,
1402 1989 1472 2029 Cyan]
1504 1989 1610 2021 Solita

910 2041 1149 2072 benevolentia
1176 2047 1211 2071 et
1242 2041 1358 2071 innata
1387 2040 1610 2078 humanitate,

912 2091 1032 2132 quibus
1056 2101 1109 2121 me
1138 2091 1360 2131 pertinaciter
1384 2090 1612 2131 prosequeris,

911 2141 953 2171 ad
971 2146 1106 2180 tempus
1128 2141 1308 2181 depositiS,
1332 2150 1398 2181 quo
1414 2140 1609 2179 rigidiorem

911 2203 993 2233 agas
1015 2201 1204 2230 censorem,
1230 2191 1467 2231 dijudicesque
1485 2200 1526 2220 an
1544 2191 1609 2220 Ro-

909 2253 994 2274 mam
1012 2242 1102 2273 mitti
1119 2246 1291 2272 mereatur
1308 2241 1394 2272 liber
1409 2241 1462 2271 hic
1479 2240 1512 2271 in
1529 2241 1609 2271 His-

909 2293 1010 2335 pania
1025 2293 1184 2332 scriptus.

951 2343 989 2374 Si
1010 2343 1056 2372 ita
1081 2342 1262 2380 decreveris,
1287 2340 1353 2381 δῖα]
1382 2340 1417 2371 Si
1434 2345 1470 2371 tu
1487 2349 1607 2371 censu-

910 2393 976 2424 eris
992 2393 1050 2423 lib.
1068 2392 1155 2423 hunc
1172 2391 1309 2432 dignum
1326 2391 1382 2432 qui
1404 2391 1543 2422 Romam
1560 2390 1607 2421 vi-

910 2444 1001 2475 deat.

953 2497 1025 2527 Non
1037 2495 1289 2535 Hispaniensem,
1300 2494 1368 2534 Sym]
1385 2494 1462 2525 Non
1473 2498 1605 2524 tantum

910 2557 928 2576 a
945 2547 1044 2576 solita
1062 2545 1252 2575 urbanitate
1275 2550 1310 2574 et
1334 2545 1487 2574 Romano
1510 2544 1604 2574 cultu

910 2598 1125 2636 degenerem,
1148 2596 1203 2636 qni
1221 2595 1254 2625 in
1273 2594 1441 2634 Hispania
1457 2595 1606 2635 scriptus

910 2647 1099 2687 Hispanum
1116 2645 1243 2687 aliquid
1267 2645 1399 2684 sapiat3
1424 2644 1484 2675 sed
1510 2654 1603 2685 pror-

909 2708 961 2727 sus
980 2697 1156 2727 barbarum
1172 2706 1210 2726 ac
1227 2695 1354 2725 rudem.
1400 2694 1454 2725 Ita
1471 2695 1603 2725 locutus

910 2749 1110 2780 paterculus
1124 2747 1253 2778 Histor.
1269 2746 1324 2777 lib.
1338 2750 1368 2777 2.
1387 2745 1480 2777 ‘Illis
1496 2746 1602 2777 incre-
