1866 3131
255 196 367 239 1300

299 306 319 334 2
344 301 494 343 Suscipit]
529 301 620 333 Reus
636 302 706 334 voti
727 312 788 343 pro
803 303 954 344 Impera-

256 355 340 385 toris
357 354 465 384 salute
489 353 530 384 de
550 363 636 385 anno
661 354 836 394 praeterito
856 355 955 385 solvit

255 409 348 443 vota,
364 410 398 435 et
412 414 498 435 nova
511 409 588 435 vota
601 411 774 446 nuncupat
788 405 820 435 in
831 415 954 436 annum

255 455 458 495 proximum,
483 464 558 494 quae
592 455 717 495 oppido
745 455 874 487 fiebant
903 465 953 485 re-

254 505 382 536 deunte
415 505 610 536 Domitiano
637 515 751 536 mense
779 506 954 538 Januario.

255 555 477 587 Commodum
501 556 662 588 Januario
686 567 798 588 mense
821 557 954 588 redibat

256 607 486 646 Domitianus,
512 617 578 648 quo
608 617 670 648 pro
703 607 953 648 Imperatorum

254 659 365 688 salute
383 662 461 688 vota
471 657 699 698 suscipiebant
716 663 749 688 et
766 658 954 688 solvebant.

253 709 496 749 Suscipiebant
522 709 555 739 in
594 709 780 749 proximum
810 718 952 747 annum3

253 759 430 789 solvebant
443 759 545 799 priori
563 768 649 789 anno
666 764 834 798 suscepta.
867 759 955 789 Vide

254 810 342 840 Plin.
369 809 477 850 Epist.
500 812 554 841 44.
579 810 600 840 1.
627 813 677 839 10.
702 809 742 839 ad
763 809 953 849 Trajanum.

254 860 367 898 Coepit
402 865 514 891 autem
548 869 618 891 mos
655 859 862 899 temporibus
885 859 954 891 Jul.

254 911 411 948 Caesaris,
441 913 495 941 cni
526 911 614 942 inter
641 916 783 941 caeteros
810 910 954 940 honores

252 962 306 992 hic
326 971 459 1001 quoque
483 961 655 1000 decretus,
681 966 719 991 ut
739 967 818 991 vota
835 971 896 1001 pro
913 970 953 991 eo

254 1012 434 1052 quotannis
451 1013 729 1051 conciperentur.
755 1011 851 1042 Unde
864 1010 953 1042 idem

252 1064 356 1092 honos
383 1063 520 1093 caeteris
550 1061 815 1103 Imperatoribus
836 1068 954 1102 postea

252 1113 401 1143 habitus.
446 1113 743 1152 Nuncupabantur
757 1118 835 1143 vota
851 1112 918 1143 ista
934 1123 952 1143 a

254 1163 515 1203 Magistratibus
536 1168 571 1193 et
583 1163 826 1194 Sacerdotibus
839 1162 955 1203 praeci-

253 1226 329 1255 pue.
379 1215 607 1246 Celebrabant
625 1224 757 1255 qnoque
779 1215 866 1245 diem
883 1224 952 1244 sus-

253 1268 346 1306 cepti
363 1266 551 1306 imperii‚et
566 1275 625 1305 pro
644 1265 855 1305 Imperatore
872 1270 953 1296 vota

252 1317 497 1358 suscipiebant.
526 1316 643 1356 Neque
658 1326 718 1356 pro
733 1316 953 1355 Imperatori-

253 1367 314 1397 bus
333 1372 478 1404 tantum,
500 1366 558 1396 sed
577 1372 611 1396 et
629 1375 690 1405 pro
705 1375 820 1396 eornm
837 1366 952 1396 liberis

254 1423 290 1448 et
307 1418 418 1447 charis
431 1421 508 1447 vota
527 1415 722 1456 signabant.
737 1416 871 1447 Herald.
910 1417 950 1446 Et

250 1469 357 1508 solvit]
381 1468 441 1498 Est
455 1467 559 1507 igitur
575 1467 644 1496 voti
660 1476 749 1496 reus.
775 1465 862 1496 Vide
876 1467 952 1496 Ma-

252 1518 345 1548 crob-
363 1518 384 1548 l.
400 1520 430 1548 3.
449 1518 584 1548 Saturn.
601 1526 677 1556 cap.
693 1520 723 1547 5.

296 1572 312 1598 :3
341 1568 535 1606 Germanice,
560 1567 629 1607 fisa]
663 1567 777 1607 Epigr.
793 1570 824 1598 2.
842 1567 901 1598 lib.
918 1571 949 1598 5.

251 1629 341 1650 vers.
356 1622 387 1649 7.

292 1674 311 1701 4
340 1672 403 1710 Ipsi
422 1671 498 1711 Dei]
517 1670 543 1701 A
560 1676 593 1701 te
609 1671 705 1709 culti,
718 1671 950 1708 servati‚tem-

251 1723 316 1762 plis
332 1722 446 1753 donati
462 1733 469 1758 ;
495 1723 558 1762 Ep.
580 1725 610 1753 l.
639 1721 693 1752 lib.
710 1725 740 1753 5.
769 1731 852 1752 vers.
868 1725 898 1752 S.
916 1726 951 1752 et

253 1774 317 1813 Ep.
330 1776 360 1803 4.
379 1773 435 1802 lib.
449 1776 480 1804 9.

295 1825 398 1854 EPiG.
430 1833 461 1852 v.
514 1825 534 1853 2
572 1823 707 1861 Desisti,
739 1823 858 1861 BIucer,
885 1824 952 1863 Qu]

252 1874 409 1904 Privatus
441 1882 476 1903 es
507 1874 657 1913 equestri
689 1873 870 1913 dignitate,
896 1874 948 1903 cui

249 1925 383 1961 insigne
425 1929 459 1954 et
492 1925 550 1963 jus
585 1923 795 1953 annulorum.
840 1926 849 1940 ‘
867 1924 950 1954 Post

250 1981 372 2006 cuncta
390 1975 589 2005 novissimus
602 1974 674 2004 exit
687 1973 840 2004 Annulus
854 1972 873 2003 :'
891 1973 950 2004 Ju-

252 2027 360 2057 venal.
379 2026 491 2066 Satyr.
510 2028 562 2055 ll.
580 2034 667 2054 verS.
683 2027 736 2054 43.

296 2079 401 2109 EPrG.
421 2087 469 2109 w.
515 2078 565 2108 Ex
580 2086 664 2107 vana
679 2076 777 2107 Eucti
794 2086 947 2107 vasorum

251 2129 494 2165 ostentatione,
518 2131 635 2167 captat
656 2129 865 2158 occasionem
883 2129 950 2158 lau-

250 2178 354 2208 dandi
374 2178 492 2217 pocula
507 2178 628 2218 priscis
644 2178 840 2209 celebrata:
870 2179 950 2209 Lao-

250 2229 430 2267 medontis,
445 2229 574 2267 munci,
594 2229 760 2265 Nestoris,
772 2231 836 2260 ἃς.
864 2229 950 2260 Euc-

251 2283 322 2309 tum
352 2288 431 2309 vero
461 2280 508 2309 ait
539 2279 661 2310 iiabere
686 2279 815 2319 antiqui
839 2280 950 2320 operis

252 2331 385 2370 pocula,
402 2330 461 2361 sed
477 2331 626 2361 recentia
644 2330 731 2360 vina.
758 2331 839 2361 Rad.

298 2383 306 2410 l
337 2380 536 2420 Archetypis,
547 2381 616 2420 ἐγω]
634 2381 768 2411 Pocnlis
783 2381 950 2420 primoge-

251 2430 328 2466 niis,
343 2431 574 2470 originalibus,
595 2437 627 2461 et
642 2441 716 2472 quae
735 2432 776 2462 ab
795 2431 876 2471 ipsis
894 2431 950 2460 do-

251 2482 349 2511 minis
365 2492 422 2521 per
438 2488 486 2512 tot
497 2483 689 2513 seculorum
710 2483 812 2513 series
826 2482 950 2512 habere

252 2533 418 2570 sejactat.
439 2533 585 2563 odiosius
602 2533 707 2572 Eucti]
723 2533 869 2571 Propter
878 2541 950 2571 gar-

252 2583 582 2622 rulamjactantiam‚
606 2583 802 2613 mendacem
823 2582 950 2612 vanita-

254 2635 594 2673 tcm‚vilitat‹·mnovi
608 2635 673 2664 vini
688 2636 779 2664 iubis
790 2635 951 2674 appositi.

294 2688 312 2713 2
337 2685 528 2724 Saguntino]
571 2685 708 2715 Fictiles
738 2687 878 2726 cyathos
909 2695 950 2715 ex

253 2735 370 2764 arzilla
382 2735 568 2773 Saguntina
582 2736 832 2774 anteposuerim
848 2745 951 2775 pocu-

254 2784 292 2812 lis
311 2783 424 2821 Eucti,
440 2785 590 2823 quamvis
608 2785 797 2824 illajactet.
831 2786 948 2825 Epigr.

718 209 858 239 NOTAE
891 209 1156 240 VARIORUM
1194 210 1244 240 IN

1006 306 1059 335 46.
1091 303 1148 335 lib.
1173 306 1205 334 4.
1234 311 1321 334 vers.
1343 306 1396 334 15.
1422 308 1458 335 et
1486 307 1558 335 108.
1580 304 1637 336 lib.
1654 308 1706 336 14.

1008 353 1138 394 Cymbia
1155 355 1233 384 muln
1248 354 1327 394 luto]
1360 354 1490 386 Pocula
1516 355 1550 385 in
1573 355 1704 395 cymbae

1005 403 1145 434 formam
1159 404 1291 442 efficta;
1318 405 1472 436 Macrob.
1497 406 1632 437 Satnrn.
1648 405 1705 438 lib.

1005 459 1036 486 5.
1050 465 1127 495 cap.
1141 459 1195 486 21.

1047 510 1065 537 3
1092 508 1237 547 furiosa,
1260 508 1327 548 Sym]
1364 508 1487 539 Insana
1513 509 1655 550 quadam
1673 514 1709 540 et

1005 557 1178 589 insensata
1199 559 1444 599 praedicatione
1465 560 1588 600 pocula
1605 560 1646 590 ab
1663 569 1708 590 ae-

1005 613 1076 638 tate
1092 614 1127 640 et
1143 609 1287 640 dominis
1299 609 1449 650 jactans.
1494 609 1551 641 Al.
1569 610 1634 650 leg.
1651 609 1707 648 fu·

1004 669 1098 699 mosa,
1114 660 1146 690 id
1164 664 1229 699 est,
1241 660 1387 701 caligine
1406 660 1575 701 neglectae
1594 665 1705 691 vetus-

1006 711 1087 740 tatis
1105 711 1267 742 obdncta.
1312 711 1360 741 Ut
1377 711 1520 750 exponit
1542 710 1706 742 Boethius

1006 760 1028 791 l.
1042 763 1070 791 1.
1083 760 1125 791 de
1144 761 1279 792 Consol.
1293 761 1488 801 Philosopli.
1512 760 1568 792 Ita
1584 761 1707 792 Cicero

1006 814 1041 840 et
1052 810 1183 841 Seneca
1198 811 1207 827 ‘
1222 809 1370 841 fumosas
1381 810 1556 850 imagines’
1569 810 1706 842 dixere:

1005 864 1041 890 et
1065 860 1254 901 Juvenalis,
1278 861 1287 878 ‘
1302 859 1452 892 fumosos
1469 861 1621 902 equitum
1637 871 1707 892 ma-

1006 910 1154 950 gistros!

1047 963 1066 991 4
1096 959 1205 991 Verbis
1233 961 1367 1000 mucida,
1397 961 1465 1002 ⁸5⁶]
1506 961 1608 1001 Dum,
1644 972 1706 1002 per

1003 1010 1180 1041 verbosam
1202 1011 1304 1042 Eucti
1323 1011 1586 1042 ostentationem
1603 1021 1706 1052 pocu-

1004 1062 1122 1100 lorum,
1154 1062 1266 1093 vinum
1295 1061 1436 1093 effusum
1466 1062 1631 1094 mucescit
1668 1067 1704 1093 et

1005 1122 1117 1153 vappa
1142 1112 1191 1144 fit.
1238 1113 1313 1144 Hoc
1329 1118 1392 1153 est,
1410 1112 1493 1153 Ipsa
1509 1122 1612 1143 coenae
1630 1122 1705 1152 gra-

1004 1165 1062 1202 tia,
1082 1164 1220 1205 vinique
1244 1164 1391 1195 suavitas
1405 1163 1607 1204 garrulitate
1618 1163 1704 1195 Euc-

1003 1214 1028 1244 ti
1045 1215 1283 1254 corrumpitur.

1044 1268 1063 1294 5
1087 1265 1332 1304 Lavmedontea’,
1348 1264 1418 1304 ἐξα]
1450 1264 1538 1295 Haec
1562 1263 1708 1306 (inquit)

1001 1314 1138 1346 fuerant
1165 1315 1402 1346 Laomedontis
1424 1315 1562 1355 pocula:
1587 1315 1640 1346 vel
1660 1324 1703 1345 ex

1002 1377 1083 1399 auro
1098 1369 1169 1408 illo,
1193 1378 1257 1408 quo
1275 1368 1366 1408 pacti
1382 1372 1417 1398 et
1434 1366 1595 1397 conducti
1609 1367 1703 1406 Nep-

1004 1425 1104 1450 tunus
1119 1425 1154 1450 et
1172 1420 1295 1460 Apollo
1308 1419 1430 1450 moenia
1442 1418 1587 1459 Trojana
1599 1417 1703 1450 aedifi-

1002 1475 1136 1500 carnut.

1045 1523 1065 1551 6
1093 1521 1199 1551 Ferret
1223 1523 1256 1550 ut
1284 1518 1363 1558 hoec]
1389 1517 1524 1550 Praemii
1543 1521 1579 1549 et
1600 1518 1703 1559 pretii

1001 1571 1075 1601 loco
1089 1571 1275 1611 acciperet.

1044 1626 1062 1653 S
1087 1622 1203 1661 Pugna
1224 1621 1331 1660 debile,
1353 1620 1420 1660 δῖα]
1447 1618 1560 1659 Magis
1587 1619 1703 1659 placet

1001 1672 1073 1703 baee
1107 1672 1279 1703 distinctio
1316 1680 1417 1713 quam
1452 1669 1590 1708 vulgata
1625 1669 1703 1708 ista,

997 1733 1103 1763 pugna
1116 1734 1126 1754 .-
1149 1723 1246 1754 debile
1262 1721 1362 1753 cernis
1383 1730 1475 1761 opus:
1501 1724 1539 1750 ut
1567 1719 1624 1758 sit,
1645 1729 1703 1761 po-

1001 1774 1114 1804 culum
1144 1783 1256 1814 pugna
1285 1776 1320 1803 et
1349 1772 1422 1803 rixa
1443 1771 1596 1802 collisum
1617 1770 1700 1811 (bat-

1000 1825 1116 1861 tered):
1151 1826 1160 1841 ⁶
1175 1824 1253 1855 dum
1288 1823 1397 1864 prima
1433 1821 1558 1862 pocula
1587 1830 1702 1862 pugna

1001 1875 1107 1905 Missa
1127 1873 1265 1905 volant.’

1043 1928 1063 1954 9
1087 1924 1203 1954 Ηίιίιιο
1217 1922 1368 1962 longaevo]
1392 1921 1461 1952 Hie
1478 1925 1531 1952 est
1549 1921 1701 1961 geminus

1001 1975 1058 2005 ille
1085 1982 1199 2006 crater
1229 1980 1264 2006 et
1284 1973 1504 2013 ἀμφικύπελλα
1527 1973 1699 2010 Nestoris,

1002 2026 1085 2056 duos
1103 2027 1227 2056 habens
1243 2025 1377 2062 fundos,
1393 2033 1487 2053 ansas
1502 2028 1647 2063 quatuor
1664 2029 1700 2053 et

1001 2085 1114 2106 earnm
1142 2077 1280 2115 singulis
1302 2074 1486 2106 insidentes
1513 2076 1543 2104 2.
1573 2074 1699 2103 colum·
1735 2065 1739 2069 ⁴

1003 2126 1084 2164 bas;
1115 2127 1305 2157 celebratus
1328 2125 1478 2156 Homero
1506 2124 1547 2154 ΙΙ.
1594 2123 1699 2154 Athe-

1001 2186 1073 2207 naeo
1091 2177 1112 2207 1.
1135 2180 1183 2208 ll.
1201 2186 1274 2216 cap.
1292 2178 1343 2206 12.
1361 2180 1396 2206 et
1414 2177 1465 2205 13.
1512 2174 1697 2213 Ceus-entur,

999 2228 1066 2269 Qu]
1093 2228 1131 2258 In
1146 2228 1256 2268 pretio
1270 2227 1451 2257 habentur.

1044 2282 1083 2309 10
1109 2278 1225 2308 Pollice
1240 2279 1276 2308 de
1295 2278 1396 2318 Pylio,
1411 2275 1478 2316 ἐΰς-0.]
1504 2275 1591 2308 Quae
1610 2276 1698 2306 ansis

1001 2329 1165 2360 sedebant
1182 2329 1347 2360 columbae
1369 2338 1494 2368 aureae,
1518 2337 1578 2358 usu
1603 2328 1695 2359 tritae

999 2378 1185 2417 fulgebant.

1044 2432 1076 2459 11
1107 2430 1146 2459 In
1162 2439 1218 2468 quo
1234 2429 1367 2466 misceri,
1381 2430 1451 2470 ena]
1472 2429 1580 2463 Quem
1599 2429 1695 2470 Ulys-

999 2480 1038 2515 si,
1076 2479 1242 2517 Phnanici,
1268 2479 1387 2518 legatis
1418 2479 1694 2518 Agamemnonis,

999 2530 1097 2561 Iliad.
1120 2534 1144 2559 I.
1164 2531 1358 2571 propinavit
1374 2529 1538 2561 Achilles.

1042 2585 1080 2612 12
1108 2582 1306 2622 Vividiusque
1322 2581 1452 2621 merum]
1475 2582 1509 2614 J.
1525 2582 1694 2614 Gruterus

999 2631 1148 2661 feliciter
1166 2642 1183 2659 o
1196 2632 1280 2662 Mss.
1301 2634 1486 2671 revocavit,
1509 2643 1584 2663 cum
1602 2634 1694 2672 prius

1000 2683 1169 2722 legeretur
1192 2686 1221 2712 et
1238 2682 1312 2713 bibit
1329 2683 1392 2723 ipse
1406 2693 1534 2714 merum.
1580 2683 1694 2714 Achil·

999 2734 1045 2762 les
1067 2733 1155 2763 enim
1183 2733 1319 2765 Iliada.
1345 2734 1456 2774 poscit
1469 2734 1575 2773 majus
1592 2743 1693 2773 pocu-

1000 2784 1065 2814 ium
1095 2783 1273 2823 vinumque
1305 2783 1470 2823 vividius3
1499 2782 1631 2823 Μείζονα
1657 2785 1693 2821 δὴ
