1866 3131
387 188 433 218 M.
469 190 579 219 VAL.

172 286 184 313 l
214 284 363 323 Dixerat,
376 285 446 325 esa]
480 285 518 315 In
535 285 717 316 Catilinam
734 285 821 316 dixit

127 334 260 372 Cicero,
288 336 342 365 ‘O
374 337 543 375 tempora!
568 346 587 366 o
617 337 745 366 mores!
771 345 821 366 se·

127 391 224 415 natus
242 386 303 416 lioc
326 386 498 427 intelligit,
515 387 632 417 consul
649 387 754 426 videt,
768 386 822 417 hic

128 441 240 465 tamen
260 436 366 468 vivit.'

168 488 187 516 2
214 485 328 526 Nefas]
357 485 484 517 Patriae
510 486 679 517 excidium
704 492 823 517 notum

127 546 167 566 ex
185 537 331 568 Salustio
347 543 382 568 et
395 537 504 569 Cicer.

168 590 189 618 3
213 588 316 619 Gener
343 592 445 628 atque,
474 587 541 628 ‹fg-a]
580 588 762 628 Pompeius
788 592 824 620 et

126 638 264 669 Caesar:
289 639 382 680 cujus
412 638 482 670 filia
508 639 601 671 Julia
630 648 740 680 nupta
770 645 823 671 est

125 689 311 730 Pompeio:
337 700 444 732 neque
471 696 584 722 tamen
609 698 744 722 constat
770 692 824 723 Ci-

124 749 279 771 ceronem
291 742 414 772 alicubi
428 741 476 773 liis
489 742 599 773 verbis
613 743 824 774 exclamasse

124 796 240 821 contra
255 791 342 822 bella
358 792 483 824 civilia.

167 844 186 871 7
210 842 334 872 Ducum
363 842 492 882 feritas,
522 843 592 884 lisa]
632 844 747 882 Nune,
786 849 824 876 ut

124 893 291 931 qnondam
309 894 463 934 Pompeii
478 900 511 925 et
529 896 684 926 Caesaris.
718 895 824 936 Ferri]

123 943 252 974 Patriae
267 944 396 975 ruinam
414 945 594 985 molientis,
611 951 648 977 ut
664 946 822 978 Catilinae

121 993 212 1024 olim,

165 1045 205 1073 10
228 1044 333 1074 Mores
344 1045 407 1084 tui]
421 1045 603 1076 Sceleratis
616 1046 725 1077 omnia
738 1051 821 1077 tem-

121 1103 205 1134 pora
217 1096 419 1135 metuenda3
445 1101 519 1127 tnta
531 1097 643 1127 omnia
656 1102 689 1128 et
705 1107 822 1127 secura

120 1145 304 1177 innocenti.
352 1146 518 1178 Omnibus
547 1147 753 1187 temporibus
769 1147 821 1178 fu-

121 1204 191 1235 ere,
220 1201 299 1228 sunt
330 1202 365 1228 et
396 1204 497 1229 erunt
531 1198 645 1238 plures
677 1198 821 1239 improbi

121 1255 220 1286 quam
249 1247 368 1287 probi3
391 1258 456 1280 nec
482 1254 548 1288 est,
574 1259 636 1280 cur
667 1254 823 1288 tempora

119 1297 296 1338 qnisquam
313 1308 374 1328 sua
390 1303 539 1338 accuset,
557 1299 615 1329 sed
630 1309 678 1330 se.

164 1348 267 1381 Eme.
285 1357 403 1381 Lxxu.
421 1349 552 1381 Laudat
566 1354 601 1381 et
615 1354 730 1390 stupet
743 1360 820 1381 con-

121 1400 273 1430 cordiam
301 1401 407 1431 leonis
433 1406 467 1431 et
494 1401 622 1441 arietis,
649 1401 746 1432 simul
774 1402 820 1432 in-

120 1450 222 1481 noxie
244 1451 472 1483 habitantium
489 1463 498 1491 ;
523 1452 667 1493 ideoque
682 1452 820 1493 dignum

122 1506 301 1542 utrumqne
321 1502 562 1542 caelojudicat‚
576 1513 673 1544 aeque
685 1513 723 1534 ac
740 1504 822 1534 Leo-

122 1561 198 1582 nem
223 1553 436 1590 Nemeaeum,
453 1560 487 1584 et
512 1554 663 1584 Arietem
690 1554 821 1595 Phryxi

121 1606 290 1632 vectorem
308 1607 342 1633 et
360 1603 487 1634 Helles.

166 1655 181 1683 1
211 1653 355 1693 Massyli,
380 1652 447 1693 esa]
482 1653 720 1694 Magnitudine
746 1663 820 1684 cor·

123 1703 212 1743 poris
230 1703 455 1734 nobilissimus
471 1704 503 1734 in
520 1704 672 1735 omnibns
691 1705 820 1746 Libyae,

121 1755 217 1795 cujus
249 1755 411 1795 Massylia
442 1765 520 1795 pars
550 1760 614 1795 est,
641 1756 822 1788 montibus.

121 1805 308 1845 Pecorisque
322 1806 468 1846 maritus]
493 1806 601 1837 Aries,

164 1859 183 1886 2
208 1857 340 1896 Mirum,
371 1856 441 1897 8542]
469 1857 593 1888 Mirum
626 1862 690 1896 est,
720 1867 820 1898 qnam

120 1907 324 1937 unanimiter
339 1912 374 1938 et
388 1907 522 1948 placide
540 1908 629 1938 inter
646 1918 682 1939 se
702 1917 822 1939 conve-

121 1957 246 1989 nerint.
273 1956 327 1987 Al.
344 1967 480 1998 posuere,
492 1957 661 1998 absolute,
675 1968 733 1990 seu
745 1958 820 1990 feri·

122 2011 228 2038 tatem
247 2017 400 2047 posuere.

161 2060 182 2088 4
207 2058 336 2089 Pariter
356 2058 465 2098 socias,
480 2058 550 2098 ἔγω]
577 2059 655 2090 Uno
685 2059 819 2092 eodem-

122 2118 184 2148 que
201 2108 276 2139 cibo
293 2113 477 2139 vescuntur
494 2110 546 2140 leo
562 2115 597 2140 et
613 2110 711 2141 aries.

163 2162 181 2188 5
208 2159 367 2196 Necfoetn
383 2169 549 2195 nemorum,
565 2159 634 2200 Em]
667 2161 741 2192 Nec
766 2161 819 2192 leo

123 2207 296 2240 desiderat
320 2219 450 2248 cerVOS‚
475 2216 601 2250 tauros,
617 2216 652 2242 et
674 2211 753 2242 alias
770 2211 819 2243 fe-

123 2267 188 2296 ras,
203 2267 265 2288 nec
279 2259 367 2290 aries
383 2260 516 2300 herbas,
528 2261 587 2291 sed
602 2267 637 2292 et
648 2262 734 2293 aries
747 2273 818 2294 ves-

123 2308 211 2339 citur
223 2318 322 2348 agua,
338 2310 414 2341 cibo
432 2311 579 2342 insolito.

165 2361 183 2388 7
210 2358 295 2393 Quid
318 2360 445 2400 meruit,
471 2361 539 2401 ἐξα]
570 2361 663 2394 Quid
693 2365 819 2396 meruit

122 2409 175 2439 leo
200 2409 368 2449 Herculis,
390 2411 506 2452 Epigr.
529 2415 583 2443 65.
605 2413 660 2446 lib.
683 2418 712 2446 5.
730 2425 816 2447 vers.

123 2462 154 2490 2.
183 2460 262 2500 quid
289 2461 418 2501 Phryxi
444 2462 545 2501 aries,
574 2463 617 2493 de
644 2474 712 2504 quo
738 2465 819 2506 Epi-

125 2520 226 2550 gram.
244 2514 297 2542 51.
315 2511 373 2542 lib.
391 2515 421 2543 8.
440 2522 525 2544 vers.
542 2516 572 2545 8.
595 2519 631 2545 nt
652 2514 819 2547 referren-

125 2568 178 2592 tur
195 2562 228 2592 in
245 2568 334 2593 astra
349 2564 360 2593 ?

167 2615 207 2643 10
231 2613 312 2652 Hic]
338 2613 474 2644 Noster.

167 2663 272 2694 Eme.
299 2671 428 2693 Lxxnr.
459 2663 626 2695 Martialis
651 2675 670 2696 a
698 2666 819 2698 Libero

124 2713 237 2753 pugile
252 2714 435 2745 esculentis
451 2713 701 2756 ‹lonatiis‚petit
718 2717 817 2749 etiam

127 2763 294 2805 Liberum,
308 2773 365 2795 seu
382 2764 575 2805 poculenta.

616 188 890 219 MAR'rlALlS
927 189 1086 221 EPlGR.
1124 192 1213 222 [AB.
1249 191 1319 221 lX.

1460 182 1574 225 1343

918 288 931 315 l
959 285 1069 325 Liber]
1102 286 1155 317 Ad
1185 298 1282 329 quem
1305 288 1419 328 Epigr.
1442 291 1495 320 77.
1516 288 1574 320 lib.

873 338 904 366 8.
929 336 1087 376 Amycloea
1100 338 1300 379 coronaffyc]
1324 339 1495 370 Coronate
1507 340 1574 371 vic-

873 389 926 415 tor
951 385 983 415 in
1008 387 1175 428 pugilatu,
1194 389 1290 429 cnjus
1314 389 1471 420 inventor
1495 390 1574 421 Pol-

872 437 928 468 lux
945 437 1143 477 Spartanus.
1176 441 1319 481 Amycle
1336 447 1448 473 autem
1467 443 1572 475 Laco-

872 487 936 518 niae
955 488 1077 519 civitas
1094 494 1158 521 est.

913 540 933 568 2
960 539 1023 574 Qui
1043 542 1158 579 quatis,
1179 539 1248 580 Sym]
1276 541 1342 573 Qui
1367 542 1491 573 Graeca
1515 552 1574 573 ex-

873 599 968 620 erces
991 592 1190 630 certamina,
1214 592 1285 630 ipse
1313 592 1454 623 Latinus
1479 593 1573 633 pugil

874 639 928 670 vel
946 640 1074 680 auriga.

916 691 934 719 3
961 690 1073 721 Clausa
1088 690 1165 721 mihi
1181 692 1280 729 texto,
1296 690 1364 730 ⁸5⁴⁶]
1391 690 1475 722 Cum
1494 692 1575 723 milti

872 738 1016 770 misisses
1031 740 1206 771 esculenta
1223 740 1255 770 in
1271 745 1409 780 sporta3
1432 750 1492 772 cnr
1506 751 1573 773 non

872 794 907 820 et
925 789 1108 829 poculenta
1125 790 1285 831 adjecisti
1300 790 1333 820 in
1351 790 1493 830 lagena?

915 844 932 870 5
962 841 1024 871 Tuo
1052 841 1186 880 nomine,
1208 840 1277 880 δρα]
1313 840 1451 880 Libero,
1481 842 1572 883 quod

872 890 932 921 tibi
956 900 1030 921 cnm
1056 892 1123 922 vini
1148 891 1325 922 inventore
1351 891 1488 924 Baccho
1515 903 1573 924 no-

872 951 947 972 men
964 947 1015 973 est
1033 951 1222 972 commune.

915 993 1018 1025 Eme.
1034 1001 1162 1024 Lxxlv.
1185 993 1294 1024 Dolet
1307 996 1457 1024 sutorem
1471 993 1576 1024 clien-

873 1048 942 1074 tem
967 1044 1000 1074 in
1026 1045 1268 1085 possessionem
1298 1043 1426 1075 domini
1450 1045 1499 1075 sui
1517 1055 1573 1076 ve-

871 1094 960 1124 nisse
978 1105 1039 1134 per
1054 1100 1162 1125 artem
1181 1099 1247 1125 tam
1266 1094 1382 1132 vilem3
1407 1103 1442 1125 se
1459 1100 1574 1126 autem

872 1145 1080 1176 nobilissima
1102 1145 1286 1185 disciplina
1308 1144 1477 1176 eruditum
1496 1155 1572 1176 esu-

872 1194 950 1225 rire.

916 1247 931 1274 1
959 1244 1114 1276 Dentibus
1129 1245 1286 1285 antiquas,
1303 1244 1370 1285 ἐξα]
1401 1245 1501 1278 Quod
1525 1247 1571 1277 vi-

872 1292 989 1324 demus
1015 1293 1181 1324 cerdoues
1214 1299 1249 1325 et
1280 1300 1411 1326 sutores
1446 1294 1573 1334 facere,

871 1343 950 1375 dum
982 1344 1151 1376 mordicus
1181 1345 1409 1376 extendentes
1443 1346 1573 1377 corium

871 1396 1037 1437 adaptant
1051 1397 1189 1429 calceis.

914 1450 933 1478 2
958 1447 1080 1487 Solum]
1102 1447 1235 1478 Soleam
1265 1447 1368 1488 rupti,
1395 1457 1493 1489 quem
1521 1457 1574 1479 re-

871 1497 956 1538 ficit,
972 1499 1091 1530 calcei.

914 1552 932 1579 3
959 1549 1158 1580 Proenestina
1174 1548 1285 1588 regna]
1311 1548 1444 1589 Legata
1465 1548 1528 1581 tibi
1553 1559 1573 1581 a

871 1599 1017 1631 Domino
1054 1605 1123 1631 tuo.
1180 1600 1332 1631 Clientes
1363 1601 1372 1616 ⁶
1400 1599 1571 1632 dominos'

870 1649 1036 1680 Veterum
1048 1659 1140 1680 more
1154 1654 1313 1690 patronos
1328 1651 1571 1690 appellabant:

872 1703 906 1729 et
923 1709 1014 1740 saepe
1037 1699 1179 1739 factum,
1195 1700 1258 1740 uti,
1280 1709 1381 1740 qunm
1406 1706 1571 1740 patronus

870 1749 942 1779 sine
965 1750 1081 1780 liberis
1104 1749 1304 1787 decederet,
1318 1749 1424 1780 cliens
1451 1755 1511 1781 aut
1534 1751 1571 1781 li-

871 1799 987 1831 bertus
1010 1801 1042 1830 in
1070 1800 1157 1831 bona
1182 1800 1319 1840 patroni
1343 1799 1569 1832 succederet:

870 1856 907 1882 nt
926 1857 1046 1882 contra
1061 1852 1094 1882 in
1113 1851 1227 1882 liberti
1244 1856 1418 1890 patronus.
1444 1852 1527 1885 Rad.

912 1905 932 1933 4
957 1902 995 1932 In
1014 1900 1216 1942 quibus,85c.]
1242 1901 1281 1931 In
1311 1901 1431 1942 quibus
1460 1902 1570 1944 indig-

869 1961 947 1982 num
977 1957 1028 1982 cst
1052 1951 1115 1983 tibi
1144 1960 1219 1982 esse
1242 1951 1295 1982 vel
1322 1951 1440 1982 cellam
1467 1953 1571 1994 servi,

869 2005 964 2046 quasi
979 2005 1083 2044 dieat,
1098 2005 1254 2045 indignus
1268 2014 1343 2035 eras
1360 2005 1457 2045 cella,
1468 2015 1510 2037 ne
1521 2006 1570 2037 di-

869 2066 943 2087 can]
974 2060 1047 2088 tota
1075 2056 1189 2095 domo,
1215 2060 1251 2086 et
1280 2055 1435 2087 omnibus
1463 2056 1570 2089 bonis.

869 2108 1047 2149 Epigram.
1062 2110 1116 2138 48.
1133 2106 1191 2138 lib.
1207 2109 1237 2137 3.

912 2162 929 2188 5
955 2158 1102 2198 Ardenti]
1125 2157 1243 2197 Epigr.
1261 2158 1312 2187 13.
1328 2156 1386 2188 lib.
1405 2159 1456 2188 10.
1480 2167 1569 2192 vers.

869 2212 899 2239 5.
930 2207 1095 2247 Madidus]
1120 2207 1255 2238 Ebrius.

912 2262 932 2290 6
956 2259 1069 2289 Pruris
1080 2257 1209 2298 domini]
1226 2257 1374 2288 Lascivis
1382 2257 1569 2296 φιλόκοιτος.

873 2310 1052 2350 Ganymede
1063 2309 1124 2351 tuz']
1146 2308 1258 2339 Puero
1270 2307 1431 2339 delicato.
1448 2309 1568 2351 Epigr.

869 2366 921 2394 55.
939 2362 996 2393 lib.
1014 2366 1046 2393 5.

912 2415 931 2443 7
956 2411 1222 2452 Atmeliterulas]
1247 2411 1447 2453 Egoinfelix
1457 2417 1568 2447 tracto

870 2463 1049 2494 nobiliores
1073 2468 1176 2502 artes,
1192 2467 1227 2494 et
1248 2467 1360 2494 tamen
1383 2473 1448 2495 non
1473 2465 1570 2497 inve·

869 2513 924 2544 nio
946 2514 1030 2543 tales
1047 2517 1208 2553 patronos
1224 2523 1231 2543 ε
1256 2517 1291 2544 et
1307 2522 1368 2543 cur
1384 2523 1446 2545 non
1463 2515 1566 2548 didici

870 2564 973 2595 etiam
988 2563 1223 2594 cerdonicam?
1260 2563 1360 2594 Stulti
1374 2565 1502 2597 docuere
1511 2577 1567 2607 pa·

868 2613 984 2653 rentes]
1023 2614 1101 2644 Non
1126 2613 1280 2645 videntes
1304 2620 1430 2656 quanto
1456 2617 1566 2657 majus

869 2667 922 2696 vel
946 2674 987 2695 ex
1011 2664 1203 2704 cerdonica‚
1218 2674 1317 2706 quam
1343 2665 1496 2706 ingenuis
1512 2676 1565 2698 ar-

870 2715 960 2747 tibus
976 2716 1020 2747 sit
1036 2716 1311 2748 emolumentum.

912 2768 932 2796 9
956 2766 1081 2805 Frange
1096 2765 1245 2806 calamos]
1267 2765 1390 2808 Abjice
1404 2767 1517 2801 studia
1528 2772 1563 2800 et
