1866 3131
261 168 373 210 1326

259 271 387 303 factum
400 281 418 302 a
433 271 630 303 Domitiano
654 271 747 313 dicit,
770 282 834 304 non
849 272 956 305 refec-

262 328 345 355 tum.

303 377 323 405 8
349 375 501 415 Tarpeioe,
528 373 598 415 ἔμ’]
637 375 780 406 Coronae
805 386 954 416 quernae,

257 430 296 457 ut
312 432 345 457 et
359 427 484 456 laureae
499 425 713 466 Capitolinae.
737 427 824 457 Vide
837 427 954 467 Epigr.

260 482 291 509 1.
324 489 412 510 vers.
442 482 474 511 6.
506 485 540 511 et
572 481 689 521 Epigr.
730 483 783 511 54.
807 490 893 512 vers.
926 484 954 512 1.

260 530 318 560 lib.
339 533 372 560 4.

301 584 321 612 9
347 581 430 617 Quid
452 591 507 622 pro
542 581 734 621 culminibus,
762 581 832 621 Sym]
864 580 954 614 Quid

258 641 321 672 pro
338 633 479 673 geminis
495 632 647 664 delubris
663 633 725 664 tibi
740 634 870 664 solvere
897 643 955 673 po-

259 687 327 713 test
347 683 462 715 Juno?

300 736 340 764 10
365 733 496 764 Pallada
509 733 674 774 praetereo]
699 733 771 773 *Cui
789 733 953 764 Chalcioe-

257 793 306 814 cae
333 785 497 824 templum
524 785 677 816 erexisti.
719 783 906 815 Cassiod.l.
921 787 952 815 6.

256 844 333 875 cap.
352 838 403 866 11.
417 835 471 866 cui
485 839 628 865 statuam
646 835 679 864 in
695 834 852 866 cubiculo
876 843 953 865 con-

255 885 397 916 secrasti
438 889 474 916 et
510 885 737 926 quinquatria.
784 884 874 916 Quin
919 890 954 916 et

254 936 407 967 Palladis
434 935 522 967 filius
553 935 620 966 dici
659 935 812 966 volebat:
857 935 954 975 cujus

254 996 352 1018 sacra
366 986 442 1018 ideo
459 985 500 1017 ab
528 995 568 1017 eo
585 986 830 1026 religiosissime
852 987 954 1018 culta.

255 1038 319 1068 Res
333 1038 401 1077 agit
427 1038 482 1068 illa
506 1037 589 1077 tuas]
614 1037 678 1068 Illa
696 1047 714 1068 a
731 1042 765 1068 te
782 1042 873 1076 stat;
901 1047 953 1069 res

255 1093 344 1127 tuas,
367 1088 515 1119 rationes
539 1095 575 1118 et
615 1087 753 1119 consilia
781 1087 951 1128 disponit3

254 1138 319 1169 tibi
334 1137 499 1169 familiare
516 1148 639 1169 numen
656 1144 722 1178 est,
736 1139 801 1169 imo
818 1144 950 1171 mater:

254 1188 311 1219 ubi
335 1189 424 1219 enim
454 1189 669 1220 Domitianus
700 1189 883 1220 audivisset
910 1200 951 1220 ex

252 1239 311 1270 lib.
326 1239 509 1280 Sibyllinis,
534 1238 621 1278 fore,
636 1244 673 1270 ut
690 1239 785 1279 virgo
813 1244 952 1279 pareret

254 1294 418 1321 aeternum
454 1290 715 1330 Imperatorem,
759 1289 843 1320 nihil
883 1299 950 1320 am-

252 1341 340 1382 plius
356 1341 463 1372 voluit
485 1350 585 1381 quam
612 1349 646 1370 se
663 1349 736 1371 esse
751 1338 855 1370 filium
878 1349 953 1380 per·

253 1397 366 1432 petuae
384 1391 522 1431 virginis
539 1391 675 1421 Dianae.

298 1444 336 1472 11
361 1441 505 1478 Alciden,
522 1439 589 1480 ἐξα]
614 1439 755 1471 Herculi
787 1441 952 1481 templum

252 1492 287 1523 in
311 1492 365 1522 via
387 1491 501 1532 Appia
523 1491 669 1532 positum
688 1496 723 1522 et
738 1495 898 1530 statuam,
915 1496 953 1523 ut

253 1550 289 1576 et
315 1545 478 1586 Apollini,
503 1550 538 1575 et
561 1554 603 1575 ex
640 1545 772 1585 pietate
798 1545 950 1576 Pollucis

252 1606 335 1636 erga
365 1595 506 1626 fratrem
531 1595 724 1626 alternatim
754 1595 952 1626 immortali-

250 1647 313 1678 bus
329 1646 462 1678 Castori
478 1650 513 1677 et
528 1645 661 1677 Polluci
673 1645 749 1676 filiis
769 1646 873 1677 Ledae
890 1647 952 1677 La-

252 1707 360 1728 cenae.

297 1752 335 1780 12
359 1750 478 1780 Addita
492 1749 577 1788 quid,
589 1748 656 1789 &NJ
681 1749 858 1789 Templum
873 1749 950 1780 Fla-

253 1800 315 1831 viae
333 1801 458 1841 gentis,
486 1799 575 1840 quod
594 1800 713 1830 coelum
732 1799 861 1830 vertice
879 1804 950 1830 tan-

251 1854 312 1891 git.
358 1849 600 1880 Excelsissima
617 1849 705 1880 enim
723 1849 794 1880 haec
809 1850 948 1889 templa.

250 1901 364 1932 Alibi:
390 1901 501 1931 ‘Dum
534 1900 628 1930 videt
656 1899 800 1940 Augusti
832 1900 949 1931 Flavia

251 1951 378 1991 templa
394 1949 485 1990 poli.'
518 1950 563 1980 Et
579 1950 620 1979 de
636 1949 685 1979 his
708 1949 948 1988 intelligendus

249 2002 302 2032 hic
332 2002 424 2032 locus
455 2000 553 2040 Epig.
577 2001 630 2030 51.
657 1999 716 2029 lib.
747 2002 799 2030 10.
848 2000 947 2030 ‘Nec

254 2051 439 2093 Capitolini
477 2059 641 2081 summum
679 2048 856 2089 penetrale
883 2050 946 2079 To-

250 2101 372 2141 nantis,
388 2102 541 2141 Quaeque
557 2100 669 2130 nitent
693 2099 776 2130 coelo
793 2099 948 2139 proxima

250 2152 377 2192 templa
401 2150 484 2182 suo.'
539 2149 705 2180 Solebant
729 2149 855 2189 templa
884 2148 949 2179 ista

251 2206 431 2232 exstruere
456 2200 546 2231 elata
563 2205 597 2230 et
614 2199 768 2230 excelsa:
794 2199 883 2240 quod
913 2204 948 2230 et

251 2252 434 2283 Christiani
460 2250 629 2290 fecerunt,
657 2256 834 2291 praeeunte
862 2251 947 2282 Con-

251 2304 415 2335 stantino.
452 2303 580 2334 Herald.
625 2302 723 2341 Tum,
738 2306 776 2333 ut
801 2301 948 2332 Torren-

251 2354 318 2384 tius
343 2354 429 2392 vult,
461 2353 618 2384 ‘Latium
635 2352 768 2393 polum'
798 2353 948 2393 appellat

250 2415 324 2436 eam
341 2405 448 2436 veluti
480 2404 548 2445 poli
568 2409 715 2445 partem,
739 2403 793 2435 cui
810 2404 946 2435 Latino-

250 2465 322 2487 rum
350 2456 639 2495 Romanorumque
667 2454 720 2485 Dii
748 2454 946 2495 transcripti

250 2506 400 2546 fuerant,
426 2515 552 2546 eosque
580 2506 670 2537 inter
705 2505 945 2546 Vespasianus.

250 2557 341 2588 Latio
368 2557 481 2588 FIaria
507 2556 619 2596 templa
633 2554 716 2596 polo]
740 2557 795 2587 De
811 2566 876 2597 quo
892 2566 945 2587 su-

251 2617 311 2647 pra
322 2608 440 2648 Epigr.
452 2610 482 2638 2.
493 2612 528 2637 et
540 2605 631 2637 infra
644 2607 760 2647 Epigr.
773 2610 824 2638 35.
837 2611 871 2638 et
886 2607 944 2638 lib.

252 2661 302 2688 10.
320 2658 439 2699 Epigr.
457 2660 509 2688 51.

293 2708 396 2738 Epic..
415 2717 450 2738 v.
476 2710 492 2738 1
523 2707 679 2747 Aureolis,
702 2709 769 2749 ἃς]
791 2707 944 2739 Nummis

249 2758 372 2790 aureis.
415 2758 549 2790 AEreolis
575 2758 754 2799 legendum
772 2763 869 2799 putat
884 2759 943 2792 Ja-

727 178 865 209 NOTAE
901 179 1161 210 VARIORUM
1196 179 1246 209 IN

1007 283 1069 304 nus
1098 273 1256 313 Rutgers.
1287 282 1389 314 quum
1418 274 1547 314 vulgari
1591 280 1702 306 scorto

1007 324 1143 355 nimium
1175 325 1219 355 sit
1243 324 1338 356 illud.

1049 378 1068 406 2
1093 376 1172 406 Plus
1198 386 1287 415 quam
1305 375 1407 414 futui,
1435 375 1502 416 Qun]
1527 376 1704 417 Epigram-

1005 433 1095 456 mate
1109 428 1161 456 52.
1183 425 1259 456 libri
1274 429 1306 457 2.
1324 431 1359 457 et
1376 427 1630 467 Epigrammate
1647 430 1701 458 35.

1005 475 1107 507 infra.

1046 529 1065 557 4
1091 526 1197 567 Tac-et]
1235 526 1305 558 Ore
1345 527 1581 568 morigeratur.
1625 527 1704 568 Epi-

1005 586 1107 617 gram.
1122 580 1174 609 95.
1190 577 1248 608 lib.
1264 580 1293 608 3.
1313 587 1398 608 verS.
1414 581 1445 608 2.

1048 630 1151 660 Eme.
1180 637 1229 660 u.
1254 631 1269 659 1
1298 628 1437 667 Nubere]
1461 627 1571 659 Diviti
1588 632 1623 658 et
1645 638 1703 659 no-

1004 679 1062 710 bili
1090 679 1212 709 Paulla
1234 677 1367 709 infamis
1393 679 1514 709 mulier
1543 678 1705 718 cupiebat

1003 730 1144 761 nubere.
1199 729 1336 760 Priscus
1364 729 1530 768 impuram
1570 729 1703 769 rejecit.

1003 781 1066 819 Tu,
1082 780 1202 821 inquit,
1228 779 1465 818 Paulla,haud
1488 779 1593 810 stulte
1620 779 1706 820 agis,

1005 830 1083 861 dum
1101 829 1241 861 affectas
1267 830 1405 870 nuptias
1428 829 1559 867 divitis3
1583 828 1642 859 sed
1658 839 1701 859 ae-

1004 891 1068 922 que
1097 881 1271 922 sapienter
1292 880 1361 918 ille,
1378 879 1435 920 qui
1453 883 1487 910 te
1502 879 1702 910 contemnit.

1006 932 1125 962 Rader.
1170 930 1294 970 Prisco]
1318 930 1438 961 Diviti.

1046 986 1065 1014 2
1093 982 1151 1022 Te]
1176 981 1354 1012 Infamem.

1047 1033 1151 1063 Eme.
1183 1042 1247 1064 vn.
1283 1035 1300 1063 1
1333 1031 1438 1063 Rheni
1460 1031 1605 1072 domitor,
1635 1030 1705 1072 ξω]

1004 1085 1221 1117 Germanice.
1238 1085 1313 1116 Lib.
1331 1089 1360 1116 5.
1375 1085 1491 1125 Epigr.
1508 1087 1540 1116 2.
1557 1094 1643 1116 vers.
1655 1087 1686 1115 7.

1046 1139 1065 1167 2
1091 1137 1208 1168 Pudice
1220 1137 1374 1177 princeps,
1385 1136 1455 1176 Era]
1473 1135 1700 1177 Epigr.4.lib.

1001 1191 1032 1220 6.
1051 1197 1136 1219 vers,
1159 1191 1190 1218 5.

1046 1241 1064 1268 3
1088 1239 1224 1278 Populos
1240 1237 1406 1278 habebunt]
1428 1239 1615 1279 Postquam
1631 1245 1702 1268 cas-

1004 1288 1085 1319 trari
1101 1298 1208 1320 mares
1226 1289 1341 1319 edicto
1368 1287 1579 1328 prohibuisti.
1610 1287 1699 1317 Vide

1002 1340 1179 1380 Epigram.
1206 1341 1236 1370 2.
1267 1338 1324 1370 lib.
1351 1341 1382 1370 6.
1405 1348 1491 1369 vers.
1508 1341 1538 1368 3.
1560 1343 1595 1368 et
1612 1336 1701 1368 infra

1004 1390 1122 1430 Epigr.
1148 1393 1180 1421 9.
1219 1390 1350 1429 Parere,
1374 1389 1441 1429 ἔξω]
1464 1387 1551 1419 Vide
1582 1388 1700 1428 Epigr.

1004 1444 1057 1472 67.
1073 1440 1131 1471 lib.
1143 1443 1174 1471 6.

1045 1494 1065 1522 6
1091 1492 1157 1522 Nec
1176 1500 1278 1531 quam,
1292 1489 1359 1530 εμπ]
1382 1490 1457 1521 Nec
1481 1499 1500 1519 a
1516 1498 1702 1530 paupercu-

1002 1543 1034 1573 la
1054 1548 1163 1574 matre
1180 1542 1257 1572 leno
1275 1541 1435 1572 conducit
1452 1541 1504 1571 vel
1521 1541 1604 1572 emit
1620 1551 1701 1582 pue-

1002 1603 1074 1623 rum
1092 1592 1378 1633 prostituendum.
1414 1591 1508 1623 Infra
1523 1591 1700 1633 Epigram-

1001 1649 1093 1674 mate
1121 1646 1153 1674 9.

1045 1698 1063 1725 S
1090 1695 1153 1730 Qui
1182 1704 1236 1725 nec
1264 1694 1370 1734 cubili,
1399 1693 1468 1733 552]
1499 1692 1587 1724 Vide
1619 1694 1700 1734 Epi—

1002 1754 1152 1786 gramma
1179 1747 1210 1775 2.
1240 1744 1296 1775 lib.
1321 1747 1352 1775 6.

1045 1796 1150 1828 Eme.
1168 1804 1250 1826 vm.
1268 1794 1354 1826 Afer
1366 1795 1595 1835 superbus,ex
1608 1794 1699 1826 Afri-

1001 1855 1041 1876 ca
1063 1846 1182 1885 redux,
1199 1856 1263 1877 non
1278 1846 1480 1877 admittebat
1495 1846 1639 1878 Poetam
1657 1846 1698 1876 ad

1001 1897 1238 1936 gratulandum
1285 1897 1478 1927 adventum.
1537 1896 1699 1936 Indigna—

1000 1947 1132 1977 bundus
1146 1947 1267 1985 Poeta,
1281 1947 1333 1976 vel
1346 1947 1456 1986 potius
1472 1946 1698 1987 jocabundus,

999 1997 1035 2027 Si
1060 2006 1126 2027 uon
1142 1997 1202 2036 vis,
1220 1998 1340 2037 inquit,
1356 1997 1496 2036 salvere,
1522 1997 1606 2028 vale.
1652 1998 1696 2027 Et

998 2045 1035 2076 τὸ
1061 2047 1179 2087 ‘vale,'
1219 2047 1316 2077 simul
1351 2047 1508 2078 amicitiae
1548 2048 1697 2079 solutum

998 2095 1108 2127 foedus
1135 2101 1250 2128 notat:
1278 2107 1344 2138 quo
1375 2103 1478 2138 pacto
1501 2108 1557 2130 eos
1583 2099 1695 2129 valere

993 2146 1166 2186 jubemus,
1185 2157 1266 2187 quos
1297 2158 1316 2178 a
1332 2147 1427 2179 nobis
1443 2148 1622 2189 abigimus,
1637 2154 1696 2179 aut

1000 2198 1113 2238 potius
1128 2207 1146 2228 a
1163 2198 1284 2239 quibus
1306 2208 1365 2230 nos
1378 2199 1591 2232 discedimus.
1628 2201 1695 2231 Ra-

1000 2250 1106 2280 derus.

1044 2302 1060 2330 1
1089 2300 1216 2339 Dicere,
1241 2300 1311 2340 &c.]
1335 2301 1436 2331 Volui
1466 2306 1500 2333 te
1515 2310 1559 2333 ex
1575 2301 1695 2333 Africa

999 2360 1170 2382 reversum
1187 2351 1335 2382 salutare
1351 2362 1358 2381 z
1382 2352 1440 2383 sed
1457 2362 1521 2384 non
1538 2352 1695 2384 admitte-

1000 2403 1073 2434 bar.

1040 2457 1060 2485 4
1086 2454 1158 2484 Non
1173 2454 1317 2495 vis‚250.]
1349 2454 1385 2486 Si
1410 2464 1476 2485 non
1499 2454 1548 2485 vis
1565 2455 1694 2486 salvere

998 2509 1034 2536 et
1052 2505 1176 2544 vivere,
1192 2505 1246 2536 abi
1261 2506 1292 2536 in
1306 2506 1428 2536 malam
1446 2515 1516 2536 rem
1533 2510 1567 2536 et
1583 2515 1692 2537 more—

997 2565 1046 2586 re.
1069 2555 1156 2586 vide
1172 2555 1392 2595 Epigramma
1408 2558 1459 2586 17.
1475 2556 1551 2587 libri
1565 2560 1595 2587 5.

1040 2607 1145 2638 Epm.
1160 2616 1212 2637 rx.
1231 2610 1248 2637 3
1272 2608 1345 2638 Jam
1370 2617 1467 2647 cunae,
1493 2606 1561 2647 ξω]
1583 2607 1693 2647 Supra

996 2657 1116 2698 Epigr.
1132 2659 1162 2687 7.
1179 2666 1266 2687 vers,
1280 2660 1310 2687 6.

1037 2712 1055 2739 5
1081 2708 1250 2738 Ιηιιηαεανα
1267 2707 1408 2748 corpora]
1431 2706 1626 2738 Infantium.

1039 2761 1058 2789 ΰ
1083 2758 1154 2788 Non
1181 2758 1266 2798 tulit,
1290 2758 1356 2798 Spa]
1377 2758 1498 2789 Edicto
1520 2756 1691 2798 prohibuit
