1866 3131
383 191 432 219 M.
463 191 525 220 ΨΑ
535 191 575 219 L.

122 284 225 315 missa
255 285 384 323 gravis:
411 285 484 323 sed,
510 286 573 315 ‹St-c.
619 286 674 315 De
706 285 817 325 liujus-

123 335 211 365 modi
238 335 424 375 hypocritis
449 336 525 365 vide
553 335 670 376 Epigr.
688 338 740 366 28.
765 345 817 365 su—

126 397 198 425 pra.
215 393 249 417 et
268 388 386 428 Epigr.
403 390 455 418 25.
473 388 532 418 lib.
551 391 579 417 l.
608 393 641 417 et
659 387 816 419 Juvenal.

123 438 279 477 Smyr-,2

166 493 183 518 5
210 487 451 527 Hi›·cosz's‚2s-c.]
486 487 616 520 Quibus
642 488 729 518 valle
755 487 816 518 sub

122 539 246 569 alarum
278 540 529 579 graveolentia:
562 539 570 555 ⁴
588 538 698 569 fertur
720 538 816 568 Valle

124 589 185 619 sub
203 590 329 619 alarum
346 594 422 620 trux
440 589 592 620 habitare
612 588 736 629 caper.’
755 590 816 620 Ca-

124 641 198 670 tull.

164 693 181 720 7
207 691 350 721 pondera
364 690 460 730 nosti]
493 691 714 731 Argumenta,
737 690 816 721 rati-

120 750 212 772 ones.

163 794 182 821 S
206 792 345 832 Percidi,
362 793 517 833 Pamzice]
554 793 671 834 Epigr.
689 796 741 823 72.
756 792 815 823 lib.

119 844 151 872 2.
198 842 321 881 Dogmu
337 845 415 882 quod
430 846 491 885 est]
514 844 683 875 Gruterus
695 854 713 875 e
731 844 815 874 Mss.

119 893 230 932 dogma
238 893 321 931 facit
335 892 350 925 ?

162 944 264 974 Epic.
281 953 381 976 xLix.
406 944 445 975 In
464 945 631 985 ingratum
649 944 816 975 Gallicum

117 994 180 1025 hoc
212 995 428 1035 Epigramma
458 997 635 1037 scriptum,
668 996 724 1037 qui
757 1004 818 1036 per

118 1043 269 1074 fraudem
305 1046 512 1084 spoliaverat
546 1046 689 1077 Poetam
721 1055 816 1085 apro,

119 1104 220 1135 quum
251 1095 281 1124 ei
319 1096 529 1135 promisisset
558 1106 598 1127 ex
627 1096 816 1137 quadrante

116 1144 367 1175 lim-editatem.

162 1199 175 1227 l
192 1196 306 1226 Partis
319 1196 453 1236 quartoe]
479 1197 662 1228 Haeredem
679 1206 722 1227 ex
739 1206 816 1236 qua-

119 1247 255 1285 drante,
278 1246 311 1277 id
330 1252 395 1286 est,
424 1253 578 1288 quartam
605 1252 737 1286 partem
757 1247 813 1277 bo-

117 1307 233 1329 norum
266 1298 435 1329 oninium:
473 1298 482 1314 ‘
500 1297 667 1338 quadrans
684 1296 692 1309 ’
723 1297 812 1328 enini

118 1353 241 1388 quarta
258 1358 334 1389 pars
349 1349 456 1379 libi-212.
482 1349 565 1379 Rau.

158 1403 178 1430 2
194 1400 260 1431 Per
275 1403 426 1440 caputque
441 1400 540 1439 tunm]
558 1398 716 1430 Formula
729 1400 813 1439 pris—

118 1460 235 1481 corum
268 1451 423 1491 jurandi,
446 1461 508 1492 per
532 1456 656 1491 caput:
683 1450 724 1480 de
748 1459 814 1491 qua

118 1501 269 1532 Brisson.
281 1500 338 1531 lib.
355 1504 389 1532 8.

159 1553 178 1581 3
205 1551 283 1586 Quis
298 1551 472 1592 eni171,8sc.]
495 1552 578 1584 Quis
592 1552 680 1582 enim
695 1560 758 1582 non
775 1551 813 1581 li-

119 1601 240 1631 benter
268 1601 398 1641 credat,
430 1602 517 1643 quod
552 1607 649 1642 optat
677 1607 712 1632 et
740 1601 814 1632 fieri

118 1651 212 1681 vult?

159 1704 177 1731 4
203 1701 399 1742 Muneribus]
422 1703 595 1733 Mittendo
610 1702 670 1734 tibi
684 1711 814 1742 aprum.

159 1755 177 1781 5
202 1752 402 1792 Laurentem]
428 1754 596 1785 Laurente
622 1754 710 1784 saltu
736 1762 814 1793 cap—

119 1807 202 1833 tum.

159 1856 179 1884 6
204 1853 323 1893 AEtola]
357 1854 469 1884 Palat.
515 1855 663 1884 AEtolum.
693 1854 811 1894 Epigr.

120 1906 171 1934 15.
197 1904 256 1935 lib.
272 1904 389 1944 spect.
406 1913 494 1935 vers.
512 1907 541 1935 1.
568 1909 603 1934 et
626 1904 745 1944 Epigr.
759 1906 812 1934 27.

115 1954 174 1985 lib.
191 1957 222 1985 7.
246 1964 333 1987 vers,
351 1958 383 1986 2.
443 1954 494 1985 De
512 1954 683 1995 Calydone]
714 1954 815 1993 Caly·

116 2003 183 2034 don
200 2003 322 2036 civitas
341 2004 487 2040 AEtoliae‚
513 2005 603 2035 unde
630 2014 713 2045 aper
737 2004 812 2035 Me-

117 2054 231 2095 leagro
249 2064 356 2086 caesus
388 2055 398 2072 ‘
413 2054 640 2096 Calydonius'
665 2055 790 2086 dictus.

157 2108 176 2136 7
206 2106 343 2146 Vocastz']
368 2105 536 2137 Invitasti.

161 2160 181 2187 8
205 2157 324 2187 Ructat
336 2157 435 2188 adhuc
450 2156 575 2197 aprum]
612 2155 813 2196 Praeinglu-

116 2207 182 2245 vie,
208 2211 247 2238 ut
272 2217 344 2247 quae
370 2207 469 2238 avide
494 2217 576 2247 apro
604 2211 813 2238 vesceretur.

119 2257 241 2287 Callida
256 2257 354 2288 Roma
370 2256 483 2297 meum]
506 2256 559 2287 An
574 2263 715 2297 propter
732 2257 811 2287 Gal—

116 2307 216 2337 licum
232 2312 266 2338 et
282 2307 364 2338 alios
377 2307 499 2338 divites
514 2308 569 2348 qni
585 2307 811 2348 liaeredipetas

115 2357 202 2389 falsa
238 2368 297 2399 spe
334 2360 478 2390 laetatos
511 2359 699 2390 fallebant?
758 2358 811 2390 An

117 2413 261 2449 propter
290 2410 474 2450 coenipetas
502 2410 670 2441 Romanos
696 2411 811 2451 palato

116 2460 313 2500 sapientes?
342 2460 410 2490 Alii
435 2461 500 2502 leg.
521 2462 659 2502 pallida.-
682 2461 716 2493 id
743 2467 810 2501 est,

115 2511 194 2540 luxu
212 2515 247 2541 et
264 2511 340 2550 gula
357 2510 455 2541 alba?

158 2565 178 2591 9
203 2561 270 2600 Ipse
294 2560 365 2601 ego]
402 2562 574 2592 Dolenter
608 2571 689 2593 sane
726 2561 811 2593 dicit

117 2614 178 2643 lioc
206 2611 324 2643 infelix
353 2611 481 2650 Poeta5
506 2612 575 2653 qui,
603 2614 696 2644 velut
720 2614 810 2645 canis

116 2664 307 2703 AEsopicus,
345 2662 423 2693 dum
459 2667 616 2702 captaret
647 2663 809 2700 umbram,

118 2723 237 2745 carnes
269 2713 392 2744 amisit.
460 2713 540 2748 Quis
562 2713 685 2754 credat]
722 2714 810 2744 Tan-

118 2770 187 2796 tum
201 2764 310 2804 nefas,
336 2769 464 2796 tautum
478 2764 619 2806 crimen,
643 2765 675 2796 in
698 2765 810 2805 ingra-

608 189 883 220 MARTIAIAS
920 191 1080 220 EPlGR.
1112 191 1206 220 [ΑΒ.
1240 192 1310 220 lx.

1457 181 1566 223 1337

873 289 923 315 tos
961 284 1081 316 cadere
1112 287 1284 317 mortales.
1345 287 1412 317 Nec
1439 285 1567 317 ultimus

871 335 961 374 Izoesi]
1000 336 1074 366 Nec
1091 336 1156 366 ima
1172 337 1252 367 sede
1272 337 1447 376 admissus,
1465 337 1566 367 immo

872 386 1079 426 praeteritus,
1096 396 1161 416 uon
1180 393 1331 418 vot-atim.

914 439 953 466 10
979 437 1071 466 Costa
1085 437 1232 476 caudave]
1258 437 1354 477 Apri.

914 489 950 517 11
979 487 1254 528 Quadi·‹1ute‚25c.]
1278 489 1410 520 Quarta
1425 487 1566 519 liaeredi-

870 537 949 568 tatis
964 542 1032 567 tuae
1051 543 1163 577 parte,
1180 538 1288 568 tribus
1306 539 1425 569 unciis.

912 591 951 618 12
980 587 1076 618 Unciu
1092 589 1174 618 venit
1197 587 1286 627 apro]
1319 589 1506 627 Particum,
1531 592 1566 618 et

869 639 1008 679 respicit
1022 639 1031 655 ‘
1044 637 1257 669 liaereditatis
1274 638 1405 677 assem,’
1421 643 1567 678 etquem

868 689 1003 720 dixerat
1026 690 1034 706 ‘
1052 687 1295 729 quadrantem?

913 741 1018 771 Eric.
1034 749 1065 771 12.
1089 740 1221 780 Togam
1239 749 1259 769 a
1286 738 1473 769 Parthenio
1489 737 1567 768 inis-

869 801 937 822 sam
962 791 1041 830 sibi,
1066 790 1225 821 detritam
1243 790 1302 829 ait,
1319 789 1491 829 taciteque
1509 798 1567 828 pe-

869 843 909 873 tit
926 852 1058 872 novam.
1103 841 1190 871 Vide
1207 840 1324 880 Epigr.
1341 843 1393 870 28.
1411 839 1467 870 lib.
1483 842 1512 870 8.

911 896 929 923 3
959 891 1062 932 Vatis]
1079 892 1251 932 Epigram.
1268 893 1299 922 6.
1313 890 1370 921 lib.
1388 894 1419 921 5.
1434 895 1469 921 et
1486 889 1568 930 Epi-

869 952 974 983 gram.
992 945 1021 973 l.
1034 942 1090 973 lib.
1107 944 1159 972 ll.
1176 946 1211 972 et
1223 940 1339 980 Epigr.
1357 939 1483 971 11.1ib.
1503 943 1553 970 12.

911 996 930 1024 4
950 992 1065 1033 Eques]
1083 992 1306 1031 Honorarius,
1323 1001 1460 1022 munere
1475 992 1566 1032 prin-

869 1043 967 1083 cipis,
984 1053 1048 1074 non
1064 1052 1181 1074 censu.

911 1097 931 1124 6
953 1093 1099 1124 Auctoris
1115 1094 1246 1132 nomine,
1269 1092 1337 1132 &cd
1375 1092 1565 1123 Parthenii.

869 1144 965 1174 Tunc
993 1143 1127 1184 quidem
1156 1149 1236 1183 toga
1264 1141 1422 1182 παρθένος,
1447 1142 1564 1183 virgo:

867 1203 956 1224 nunc
973 1203 1053 1223 anus
1068 1198 1102 1223 et
1119 1194 1244 1224 vetula.

909 1246 927 1273 7
955 1243 1092 1282 Tribuli]
1128 1243 1266 1282 Algenti
1289 1247 1324 1274 et
1339 1243 1490 1274 horrenti
1506 1241 1564 1273 fri-

867 1301 946 1332 gore
965 1293 1121 1333 pauperi,
1138 1294 1289 1324 tributim
1307 1298 1342 1324 et
1359 1294 1470 1333 capite
1487 1302 1565 1324 cen-

865 1353 916 1382 so,
934 1343 990 1373 uni
1005 1353 1023 1373 e
1038 1343 1137 1374 turba
1147 1343 1221 1374 sine
1237 1345 1384 1374 nomine.

908 1397 928 1425 ὃ
953 1394 1177 1434 Νἱυεαιη,ᾃσ.]
1212 1395 1329 1434 Epigr.
1347 1397 1399 1425 34.
1416 1394 1475 1425 lib.
1489 1397 1520 1425 4.

910 1448 949 1476 10
972 1447 1047 1476 Jum
1064 1457 1122 1476 non
1138 1450 1195 1484 cst,
1211 1445 1282 1485 Qua]
1307 1446 1504 1486 Degenerat
1521 1445 1562 1476 ab

867 1496 995 1526 autoris
1018 1497 1134 1527 Parth.
1161 1496 1386 1537 benignitate,
1414 1500 1450 1526 et
1477 1505 1561 1527 meze

867 1546 1026 1576 convenit
1041 1546 1250 1586 paupertati.

910 1595 1016 1627 Epio.
1035 1605 1080 1627 LI.
1103 1599 1123 1627 4
1147 1595 1205 1634 Es]
1230 1596 1310 1626 Tibi
1328 1595 1465 1627 videris.

909 1649 927 1675 5
953 1646 1183 1686 Nossacz'mus]
1214 1647 1288 1686 Ego
1305 1647 1439 1686 quidem
1457 1656 1563 1687 parva

865 1693 955 1725 facio
978 1695 1148 1735 Carmina,
1178 1695 1237 1726 sed
1255 1697 1332 1727 viva
1354 1702 1390 1727 et
1417 1701 1561 1736 vegeta:

866 1752 902 1776 tu
933 1756 1068 1785 magna,
1098 1747 1157 1777 sed
1189 1746 1327 1787 stupida
1352 1752 1388 1778 et
1414 1752 1561 1778 mortua.

864 1798 963 1828 Bruti
987 1799 1131 1839 puerum]
1167 1799 1284 1838 Epigr.
1317 1801 1388 1829 171.
1419 1798 1477 1829 lib.
1511 1801 1561 1828 14.

866 1849 996 1887 Lagona
1026 1849 1143 1890 vivmn]
1180 1849 1327 1879 Puerum
1353 1849 1563 1887 elegantem,

863 1899 1012 1929 subdolae
1042 1909 1081 1930 ac
1107 1899 1232 1930 fucatae
1259 1898 1472 1938 vernilitatis‚
1498 1899 1561 1929 Lu-

862 1949 942 1980 eisci
955 1959 1049 1989 opus.
1095 1949 1184 1981 Plin.
1201 1949 1259 1980 lib.
1275 1953 1327 1980 35.
1345 1959 1420 1989 cap.
1432 1951 1463 1980 8.

904 2003 925 2030 6
949 1999 1101 2039 Mag-nus]
1126 2001 1232 2040 Mole,
1248 2009 1312 2030 non
1329 2004 1401 2030 arte
1418 2004 1454 2030 et
1469 1999 1560 2039 inge-

861 2050 916 2080 nio
933 2055 1079 2081 certans.
1124 2050 1350 2091 Luteum‚85c.]
1384 2049 1562 2088 Πηλογόνον

862 2105 897 2130 et
913 2101 1044 2139 γηγενῆ·
1061 2101 1123 2131 hoc
1139 2106 1204 2139 est,
1231 2110 1401 2140 magnum,
1424 2101 1561 2140 malum,

861 2150 1065 2181 lutulentum
1090 2160 1175 2190 opus
1193 2151 1322 2181 condis.
1367 2152 1376 2168 ‘
1391 2150 1439 2181 At
1453 2160 1560 2191 popu·

861 2203 912 2234 lus
928 2203 1056 2234 tumido
1075 2202 1221 2243 gaudeat
1238 2202 1465 2234 Antimacho-¹
1495 2203 1558 2233 Ca-

862 2254 935 2284 tull.

904 2305 1009 2335 Eric.
1027 2312 1088 2334 Lu.
1112 2305 1130 2332 3
1148 2302 1290 2342 Stygias,
1307 2302 1375 2342 Qun]
1399 2302 1557 2343 Namque

861 2353 918 2384 ille
935 2353 1085 2395 quamvis
1101 2357 1182 2383 natu
1195 2352 1304 2382 minor
1316 2356 1452 2392 optarat
1467 2352 1559 2392 prior

861 2404 957 2434 mori.
1002 2403 1090 2433 Vide
1117 2402 1237 2442 Epigr.
1255 2404 1307 2432 37.
1338 2401 1396 2432 lib.
1415 2403 1443 2432 l.
1467 2403 1557 2442 quod

861 2454 937 2485 huic
951 2453 1110 2484 concinit.

905 2508 923 2535 8
949 2504 1000 2534 Ne
1016 2501 1133 2541 redeat]
1164 2502 1217 2532 Ne
1235 2501 1315 2531 velit
1332 2500 1410 2532 vitae
1427 2501 1555 2533 vicissi-

861 2554 1012 2586 tudinem
1027 2562 1104 2583 cum
1130 2552 1236 2582 fratre
1259 2552 1399 2582 Polluce
1416 2552 1556 2592 habere,

861 2605 920 2636 sed
953 2603 1042 2645 quod
1077 2608 1113 2634 tu
1140 2601 1237 2641 facis,
1267 2600 1363 2632 fratri
1390 2612 1449 2633 suo
1466 2603 1553 2634 inte-

861 2667 955 2697 gram
972 2667 1034 2688 nec
1053 2657 1184 2688 alterna
1202 2660 1311 2688 morte
1327 2656 1554 2695 interruptam

860 2709 962 2740 vitam
975 2708 1110 2740 cedere.

904 2761 1009 2792 EPIG.
1026 2768 1103 2792 Lux.
1137 2757 1295 2791 Natalem
1311 2756 1353 2791 Q.
1367 2753 1483 2789 Ovidii
1498 2764 1553 2788 ce-
