1866 3131
404 206 451 233 M.
488 205 596 234 VAL.

130 303 221 339 agat.
248 299 328 329 stad.
380 299 538 338 vulgaris
568 298 736 329 salutandi
767 296 833 327 for·

129 354 231 386 mula,
247 357 282 382 et
299 351 408 381 civilis
424 351 517 390 satis,
533 351 630 381 modo
647 360 687 380 ue
704 350 763 380 fiat
775 350 832 379 im-

130 403 309 443 portunius
326 407 361 432 et
376 403 512 442 smpius.

172 454 274 485 Rem.
292 461 421 484 vaut.
447 452 500 483 Ad
527 452 635 491 Olnm]
662 451 736 482 Hoc
760 451 832 491 epi-

129 513 278 541 gramma
295 503 446 543 ejusdem
472 502 662 541 argumenti
686 507 738 532 est
755 511 830 533 cum

129 564 182 594 op.
201 557 253 585 53.
271 555 366 594 liujus
383 553 473 589 libri,
497 553 586 594 quod
610 558 711 583 autea
728 552 832 583 inter-

130 605 254 644 pretati
285 613 411 634 sumus.
467 603 591 643 Tangit
622 603 745 632 iterum
777 601 832 632 hie

129 655 298 685 Martialis
329 656 460 685 miserm
490 659 525 684 et
562 653 707 693 abjectae
742 652 833 682 illius

128 704 354 735 ἐθελοδουλείας
375 704 553 743 originem,
581 713 645 743 qua
678 702 832 742 plerique

127 756 215 786 t'aede
245 762 280 787 ct
314 764 434 796 spurce
472 763 547 785 sese
587 753 808 784 maculabant
823 765 833 791 3

127 816 249 847 nempe
265 807 355 848 quod
369 811 460 837 sorte
475 816 534 836 sna
546 810 581 836 et
595 804 832 835 mediocritate

128 858 281 889 contenti
298 867 371 888 esse
388 867 454 888 non
472 861 624 897 possent,
639 855 700 886 sed
716 864 834 895 super-

127 919 233 940 vacua
260 912 462 949 qnaererent.
519 907 634 939 Quare
657 906 835 946 eleganter

126 959 317 997 concludit,
332 968 421 998 eum,
438 958 493 999 qui
519 967 617 988 servo
641 966 758 988 carere
775 967 835 997 po-

125 1016 206 1049 test,
223 1015 259 1040 et
275 1019 350 1040 esse
374 1007 598 1046 αὐτοδιάκονος,
615 1007 834 1049 quemadmo-

125 1061 202 1091 dum
220 1061 367 1101 antiquis
383 1060 605 1100 temporibus,
619 1068 718 1099 posse
730 1059 833 1089 etiam

124 1109 223 1141 facile
248 1109 364 1150 reg'em
391 1119 457 1140 non
482 1109 621 1148 habere,
648 1118 749 1150 quem
774 1108 833 1139 ab·

119 1161 213 1201 jecte
230 1162 332 1192 colat.
363 1161 496 1192 Hernld.

170 1216 182 1243 1
213 1211 362 1252 Nomine]
388 1211 673 1251 Familiariter,et
689 1220 750 1251 pro
765 1220 833 1242 mo-

125 1273 160 1294 re
179 1264 369 1304 aeqnalium.

166 1317 186 1345 2
212 1315 343 1353 Regem,
355 1313 422 1353 ἅτ]
448 1313 536 1344 Vide
550 1313 660 1353 epigr.
676 1314 749 1343 113.
767 1312 789 1344 l.
802 1315 833 1344 1.

125 1368 160 1394 et
175 1364 279 1403 epigr.
296 1366 348 1394 18.
365 1364 465 1403 hujus
481 1363 542 1393 lib.
559 1372 648 1393 vers.
664 1365 695 1393 8.

167 1417 185 1445 3
212 1413 447 1453 Contumacem]
472 1413 680 1453 Superbum.

167 1469 187 1496 4
212 1466 300 1496 Totis
313 1466 407 1504 pilea,
437 1464 508 1505 Sym]
534 1464 710 1504 Sportula,
726 1473 836 1504 coena,

125 1516 327 1556 caeterisque
355 1515 534 1547 servitutis
562 1515 712 1554 praemiis
741 1520 834 1554 post-

124 1566 246 1596 habitis
261 1572 296 1597 et
318 1566 491 1605 neglectis
509 1575 561 1596 me
590 1565 720 1595 asserui
746 1565 779 1594 in
797 1564 834 1594 li-

127 1616 309 1655 bertatem,
326 1627 345 1647 a
362 1626 454 1647 more
471 1625 644 1646 servorum
667 1616 760 1646 Rom.
779 1616 835 1655 qui

124 1667 388 1698 manumittendi
406 1668 532 1707 pileum
558 1676 632 1697 raso
647 1667 762 1706 capite
780 1676 834 1697 ac-

125 1722 304 1757 ceperunt.
350 1718 456 1749 Quasi
474 1717 616 1755 diceret,
632 1726 748 1746 omnes
765 1716 834 1747 for-

125 1772 223 1797 tunas
241 1777 330 1798 meas
359 1767 540 1808 posthabui
564 1766 740 1804 libertati3
765 1776 833 1796 om-

124 1816 182 1846 nia
197 1817 333 1847 vendidi
350 1823 387 1848 ut
403 1817 487 1848 liber
499 1827 621 1856 essem,
644 1823 679 1848 et
693 1823 830 1857 sumptu

124 1877 198 1898 meo
214 1877 254 1898 ae
272 1868 352 1898 mihi
378 1869 548 1898 viverem:
573 1869 626 1899 vel
643 1868 830 1899 sarcinulas

123 1927 214 1947 meas
230 1917 378 1956 vendidi,
405 1922 443 1948 ut
467 1927 604 1949 corrasa
631 1917 710 1948 inde
729 1927 829 1958 pecu-

123 1969 179 1999 nia
205 1978 338 2009 possem
367 1969 528 2010 sportulae
568 1975 635 1999 tuae
666 1970 829 2010 supplere

123 2018 242 2050 vicem.
287 2018 432 2058 Redemi]
455 2018 601 2050 Videtur
616 2019 770 2049 allusisse
786 2019 829 2049 ad

123 2079 229 2109 genus
241 2069 528 2109 manumissionis,
545 2069 634 2110 quod
648 2079 751 2100 censu
773 2068 830 2099 fle-

127 2118 198 2150 bat.

166 2172 184 2198 5
213 2169 329 2209 Reges,
350 2169 418 2209 ihu]
456 2169 522 2202 Qui
547 2180 614 2201 non
644 2169 749 2202 habet
776 2171 828 2202 sui

124 2218 315 2259 imperium,
340 2220 398 2260 qui
426 2220 529 2251 animi
552 2221 604 2251 sui
620 2222 828 2262 cupiditates

122 2268 282 2300 coercere
297 2279 364 2301 non
382 2275 508 2311 potest,
531 2271 588 2302 ille
616 2273 828 2312 potentiores

124 2319 207 2349 colit
238 2324 340 2360 atque
373 2320 415 2351 ab
446 2319 666 2353 inferioribus
696 2333 731 2353 se
762 2323 828 2354 coli

122 2369 207 2408 vult,
223 2374 326 2410 atque
341 2369 383 2400 ab
399 2370 462 2401 hoc
478 2372 573 2412 cupit
585 2382 680 2412 opes,
696 2382 828 2410 servos,

122 2424 186 2452 ‹si-c.
231 2422 356 2451 Servus
380 2422 468 2452 enim
493 2423 598 2454 eliens
620 2429 655 2454 et
672 2425 827 2465 indigens

123 2471 237 2509 alieni,
255 2471 378 2512 quique
396 2472 469 2502 vult
484 2472 555 2512 ipse
578 2472 649 2504 fieri
671 2474 827 2507 dominus

124 2527 159 2553 et
176 2531 249 2559 rex,
263 2521 434 2552 dominum
453 2528 598 2563 quaerat,
611 2524 668 2554 ille
685 2525 773 2555 enim
791 2536 827 2556 se

126 2583 191 2604 non
206 2572 322 2612 habet,
337 2582 404 2603 non
422 2573 506 2604 liber
518 2578 583 2614 est,
598 2583 664 2605 non
681 2580 735 2606 est
747 2586 827 2607 con-

127 2631 243 2655 tentus
255 2634 329 2662 suo,
340 2624 396 2665 qui
409 2624 514 2655 servit
527 2625 613 2666 aliis,
625 2631 663 2657 ut
680 2626 823 2659 habeat:

124 2686 186 2716 ego
199 2686 250 2706 me
264 2676 383 2714 haben,
397 2675 442 2706 nil
459 2686 572 2717 quaero
586 2678 690 2709 aliud.
706 2680 824 2711 Rader.

164 2730 184 2757 S
207 2726 349 2765 Servum,
371 2725 438 2766 ξω]
462 2727 529 2759 Qui
558 2737 618 2758 suo
642 2734 825 2760 contentus

125 2783 238 2816 potest
265 2779 429 2808 minorum
461 2778 602 2810 servitio
632 2789 763 2815 carere,
789 2785 825 2811 et

120 2829 192 2867 ipse
211 2838 274 2858 non
299 2838 437 2860 necesse
460 2828 600 2860 babebit
627 2830 825 2871 potentiori-

633 203 905 232 MARTlALlS
945 203 1102 232 liPlGR.

1138 204 1229 232 [ΑΒ.
1263 204 1313 232 11.
1478 194 1591 234 1157

885 297 944 327 bus
959 297 1100 328 dominis
1127 299 1268 337 servire,
1294 303 1330 329 ut
1356 298 1399 330 ab
1417 298 1483 329 illis
1505 300 1592 330 acci-

886 347 971 386 piat,
985 348 1075 387 quod
1091 348 1141 378 liis
1156 349 1332 388 largiatur.

926 398 1034 428 ELEG.
1051 406 1152 429 Lxlx.
1180 402 1194 429 l
1216 399 1443 440 Inrilutn‚85c.]
1467 399 1591 430 Classi-

883 458 957 478 cmn
976 449 1179 489 coenipetam
1199 451 1320 489 tangil,
1337 451 1391 491 qui
1411 450 1514 481 verbo
1535 461 1592 481 ne-

885 500 999 539 gabat,
1012 509 1048 530 re
1062 501 1206 531 maxime
1222 502 1412 542 expetebat
1425 502 1591 533 convivia.

926 554 945 581 2
968 551 1171 591 Dispeream]
1204 551 1363 581 Formula
1381 552 1540 582 Romanis
1557 563 1594 583 u-

881 601 984 632 sitata
999 601 1032 632 in
1049 602 1352 641 exsecrationibus,
1372 603 1594 642 adjurationi-

884 651 1025 693 busque.
1056 652 1112 683 Sic
1128 652 1303 692 Aristopli.
1319 652 1450 683 Κάκιστ’
1463 654 1590 685 ἆπολοῖο

883 715 954 743 μην,
970 703 998 733 εἴ
1009 715 1041 733 τι
1052 702 1171 733 τούτων
1185 703 1337 742 πείθομαι.

928 757 946 785 3
972 755 1042 794 Ipse
1056 764 1183 794 quoque,
1199 754 1270 794 ξω]
1297 754 1419 794 Neque
1446 754 1510 785 hoc
1532 754 1592 785 de-

884 804 1050 845 digneris,
1066 815 1140 835 cum
1155 805 1226 844 ipse
1240 804 1430 835 helluonum
1443 805 1593 836 dictator

885 854 1039 895 Apicius,
1055 855 1150 886 dives
1168 856 1250 886 licet
1276 854 1381 886 fuerit
1401 859 1506 895 atque
1522 855 1594 886 lau-

885 907 1050 945 tissimus,
1075 906 1158 937 foris
1175 916 1309 937 coenare
1328 906 1518 946 jucundum
1534 906 1592 936 ha-

887 956 1012 987 buerit.
1059 955 1309 997 Argumentum
1326 966 1344 987 a
1361 956 1492 987 minori.

927 1011 948 1038 6
974 1008 1108 1047 Cogitur
1133 1011 1163 1039 et
1193 1007 1311 1048 Selius]
1350 1008 1395 1038 Et
1421 1007 1594 1049 coenipeta

883 1057 940 1088 ille
952 1058 1062 1089 Selius
1080 1058 1139 1100 (de
1157 1069 1222 1100 qno
1240 1068 1345 1098 supra
1361 1059 1472 1099 epigr.
1490 1061 1541 1090 ll.
1557 1064 1593 1089 et

885 1107 954 1149 14.)
971 1108 1064 1140 dicet
1081 1119 1117 1140 se
1135 1110 1224 1149 cogi,
1248 1119 1306 1140 sua
1327 1109 1461 1140 scilicet
1477 1110 1591 1140 volun—

884 1163 971 1198 tate,
988 1164 1026 1190 ut
1042 1160 1096 1190 cui
1121 1160 1204 1190 nihil
1228 1159 1432 1190 domicoenio
1461 1159 1590 1190 tristius

884 1209 1028 1240 accidat.

925 1264 944 1291 7
970 1259 1175 1300 Regnum]
1203 1260 1238 1291 Si
1264 1260 1385 1302 aliquis
1410 1260 1592 1290 lautiorum

883 1315 919 1341 et
948 1311 1157 1351 nitidioram,
1193 1311 1301 1352 qualis
1337 1309 1403 1342 fuit
1440 1310 1592 1342 Attidius

885 1363 1024 1402 Melior,
1041 1368 1075 1394 te
1090 1363 1227 1394 invitat.

927 1416 947 1444 8
972 1414 1129 1452 Grandia,
1142 1412 1209 1454 Era]
1231 1414 1278 1444 Te
1296 1413 1429 1444 scilicet
1446 1412 1590 1443 invitum

885 1473 1018 1494 coenare
1035 1463 1132 1495 foris.
1176 1463 1214 1494 Si
1225 1463 1274 1494 vir
1290 1463 1337 1503 es]
1360 1464 1394 1494 Si
1411 1469 1508 1503 potes
1520 1464 1591 1493 lau-

886 1513 991 1544 tiores
1009 1514 1128 1554 epulas
1152 1519 1189 1544 et
1216 1515 1274 1544 lias
1305 1514 1475 1546 libertatis
1493 1524 1589 1546 escas

885 1569 1119 1595 contemnere.

929 1614 1037 1644 Eme.
1064 1622 1154 1645 Lxx.
1185 1616 1204 1644 3
1226 1614 1327 1644 Undis
1351 1624 1410 1654 me,
1437 1614 1505 1655 fisa]
1536 1616 1590 1646 Ne

885 1664 1008 1694 laveris
1034 1674 1134 1706 aqua,
1159 1674 1226 1706 qua
1253 1665 1310 1696 alii
1326 1666 1498 1697 abluerint
1513 1676 1589 1697 suas

884 1715 1046 1745 maculas.

927 1769 945 1795 5
973 1766 1086 1805 Caput,
1097 1764 1232 1804 lavetur]
1249 1766 1324 1796 Hoc
1337 1765 1423 1796 enim
1441 1766 1500 1798 illa
1511 1776 1591 1798 con-

885 1816 1092 1855 taminatiuS,
1110 1815 1188 1846 vide
1205 1816 1313 1856 epigr.
1328 1819 1382 1847 95.
1401 1817 1422 1847 l.
1440 1820 1492 1848 11.

926 1866 1031 1898 Eme.
1057 1875 1159 1898 Lxxr.
1194 1868 1247 1897 Ad
1276 1866 1493 1907 Coecilz'anam]
1517 1867 1589 1899 Cae-

882 1917 1043 1948 cilianum
1068 1922 1302 1948 veteratorem
1330 1918 1488 1949 callidum
1515 1929 1587 1950 car-

882 1969 935 2009 pit
966 1968 1192 2007 facetissime,
1222 1969 1277 2009 qui
1315 1970 1448 2009 quoties
1477 1970 1589 2011 aliqua

881 2021 1031 2052 carmina
1060 2021 1232 2052 Martialis
1263 2020 1472 2060 legerentur,
1508 2031 1589 2053 con-

881 2073 978 2103 tiuuo
1010 2082 1050 2103 ea
1081 2082 1158 2103 cnm
1191 2071 1355 2103 similibus
1388 2073 1495 2104 Marsi
1534 2075 1588 2104 vel

881 2123 1007 2154 Catulli
1040 2123 1193 2153 versibus
1231 2122 1471 2163 comparabat,
1510 2128 1585 2155 tan-

880 2184 981 2214 quam
1004 2173 1030 2204 si
1057 2173 1229 2204 Martialis
1245 2174 1399 2204 carmina
1415 2173 1481 2204 illis
1498 2183 1586 2213 prae-

877 2223 994 2255 ferret.
1032 2223 1143 2263 Dicit,
1154 2225 1256 2254 malle
1270 2234 1319 2264 se,
1335 2230 1372 2255 ut
1384 2225 1588 2256 Caecilianus

879 2275 1004 2306 recitet
1034 2284 1108 2314 sua,
1135 2284 1234 2315 quam
1270 2275 1405 2305 illorum
1433 2280 1587 2306 veterum

878 2325 1072 2366 poetarum.
1117 2325 1245 2355 Totum
1275 2330 1390 2355 autem
1418 2326 1586 2367 epigram.

879 2386 940 2417 per
961 2376 1103 2406 ironiam
1121 2380 1320 2406 contextum
1337 2380 1402 2407 est.
1427 2377 1585 2409 Ramz'res.

922 2431 938 2458 1
966 2425 1152 2466 Candidius]
1175 2426 1320 2458 Ironice.
1344 2427 1401 2457 alii
1424 2428 1489 2468 leg.
1515 2429 1588 2459 Cal-

878 2478 982 2508 lidius.
1006 2486 1074 2506 non
1093 2476 1219 2515 placet.
1245 2476 1406 2507 Candidus
1421 2478 1510 2508 enim
1527 2479 1585 2510 ille

876 2528 1015 2565 dicitur,
1028 2527 1084 2568 qui
1097 2526 1242 2567 ingenue
1258 2531 1293 2558 et
1308 2527 1435 2570 absque
1458 2529 1588 2562 invidia

871 2577 1021 2619 judicat.

920 2631 939 2658 2
964 2626 1115 2657 Disticha
1147 2626 1246 2666 pauca
1278 2627 1374 2668 legis]
1420 2628 1583 2663 Arondel.

875 2679 952 2717 lego.
998 2677 1043 2708 Et
1072 2681 1156 2717 puto
1181 2676 1332 2708 rectius:
1358 2680 1492 2720 quoties
1518 2691 1583 2722 ego

877 2729 938 2760 tibi
956 2727 998 2759 de
1015 2728 1100 2758 meis
1124 2728 1332 2759 carminibus
1361 2739 1471 2770 pauca
1487 2731 1583 2763 disti-

876 2781 939 2811 cha
954 2778 1074 2810 recito.
1132 2778 1287 2810 Deinde:
1317 2780 1385 2811 Hoc
1410 2782 1488 2812 mihi
1513 2784 1583 2821 clas,

875 2835 1023 2870 tanquam
1038 2828 1193 2860 deteriora
1209 2830 1303 2869 leg-us,
1325 2831 1365 2861 Et
1389 2834 1500 2863 collata
1519 2843 1582 2863 ma-
