1866 3131
216 190 331 232 1164

217 297 362 327 turalem
394 296 542 336 genium.
569 295 650 328 Hacl.
703 297 804 329 Verna
822 299 915 340 liber]

217 346 338 377 Romae
369 352 481 377 natus.
498 346 540 377 de
563 356 668 379 verna
682 348 742 380 lib.
762 353 789 380 1.
808 352 918 390 epigr.

217 400 271 429 42.
290 407 377 427 vers.
396 400 426 428 l.

260 447 425 478 EPIG.11.
462 447 514 478 Ad
539 448 652 480 librum
674 450 778 490 snum]
803 452 919 483 Conti-

215 502 276 529 net
289 499 354 528 hoc
370 498 583 538 epigramma
604 499 766 531 urbanam
786 507 821 531 et
838 512 920 532 sane

216 549 387 589 poeticam
405 549 500 590 hujus
528 550 604 580 libri
630 552 853 591 prosplionesz'n
878 552 920 583 ad

218 601 419 631 Faustinum
450 601 594 632 amicum
622 612 738 640 snum3
772 613 874 644 aquo
893 604 922 634 si

215 651 416 691 recipiatur,
431 651 513 682 dicit
530 661 686 683 securum
701 662 774 683 esse
789 662 887 692 posse
902 663 922 684 a

215 701 414 732 criticorum
438 702 618 732 morsibus.
647 703 807 734 Ramires.

260 754 277 782 1
305 752 403 790 Cujus
418 752 476 790 tis,
493 752 563 792 mu]
588 752 742 784 Imitatio
760 755 921 785 Catullia-

217 811 273 840 na,
297 802 306 818 ‘
321 802 383 832 Cui
401 801 490 832 dono
508 801 658 842 lepidum
676 812 800 834 novum
828 804 922 835 libel·

217 853 312 892 lum,’
328 855 393 884 &c.
411 864 516 885 carm.
531 857 557 885 l.

258 907 278 934 2
319 904 494 944 Vindicem]
538 905 768 945 Assestorem,
805 911 922 947 patro·

217 963 309 985 num.

260 1007 278 1035 3
305 1005 355 1036 Ne
370 1005 508 1045 nigram,
529 1005 597 1046 syc]
622 1007 674 1037 Ne
702 1007 870 1038 damneris
888 1007 921 1038 in

217 1057 364 1087 culinam
382 1062 417 1087 et
433 1058 741 1097 aromatopolaruin
760 1059 921 1089 tabernas

217 1117 278 1146 pro
303 1108 423 1138 charta
453 1109 572 1149 inepta
595 1108 743 1140 infelicis
767 1110 856 1148 genii
884 1115 921 1141 et

217 1157 291 1198 fati,
306 1162 402 1189 waste
414 1169 519 1199 puper.
538 1161 632 1191 Pers.
650 1164 678 1192 1.
697 1163 750 1192 43.
763 1160 921 1200 Nigr-am]

224 1209 471 1248 Fuliginosam.

257 1262 276 1289 4
291 1260 468 1301 Cordyllus]
483 1261 683 1300 Pisciculos,
699 1266 815 1302 partus
826 1263 923 1303 thyn-

217 1319 346 1341 norum.
364 1310 441 1341 vide
460 1311 547 1341 Ptin.
568 1311 587 1341 1.
606 1314 637 1343 9.
655 1321 685 1343 c.
705 1315 756 1343 15.
772 1318 806 1343 et
825 1313 846 1343 l.
867 1315 921 1343 23.

218 1371 247 1391 c.
266 1364 316 1392 11.
341 1362 473 1393 Grrecis
490 1362 678 1401 πηλαμύδες,
698 1373 781 1404 quas
796 1364 922 1395 limosas

217 1412 334 1443 vertit.
365 1413 591 1453 Madid‹1‚8,·c.]
614 1414 714 1452 Oleo,
733 1414 765 1444 in
783 1424 847 1454 quo
864 1413 922 1444 fri-

219 1467 346 1502 guntur
359 1463 471 1503 pisces
486 1464 612 1494 chartis
629 1464 773 1496 involuti
789 1477 797 1497 :
812 1466 922 1506 epigr.

218 1515 270 1544 57.
286 1513 308 1544 l.
326 1516 356 1544 4.
373 1523 458 1545 vers.
478 1517 511 1545 7.

261 1566 279 1592 5
300 1564 461 1604 Cucullus]
493 1564 533 1594 In
556 1563 698 1596 formam
715 1565 921 1596 cucullifor-

218 1618 353 1643 mantin·
383 1614 508 1644 chartae
549 1615 671 1655 quibus
702 1615 923 1646 involvuntur

219 1668 371 1694 aromata
385 1675 391 1694 :
407 1663 447 1695 εἷς
459 1663 514 1694 τὸν
528 1664 703 1700 λιβανωτὸν
725 1667 922 1704 κατατεμεῖν.

221 1713 483 1745 Anaxandrides
505 1716 596 1756 apud
623 1715 828 1747 Athenaeum
853 1717 875 1747 l.
892 1720 923 1748 9.

219 1774 250 1795 c.
276 1767 308 1795 4.

261 1821 282 1848 6
306 1818 345 1848 In
359 1818 482 1848 sinum?
505 1817 635 1858 sapisti]
661 1818 702 1848 In
719 1817 871 1849 favorem
887 1824 923 1850 et

218 1868 448 1909 patrocinium
473 1868 649 1907 Faustini3
673 1869 716 1899 dc
733 1878 798 1909 qno
812 1869 922 1909 epigr.

219 1922 272 1950 26.
290 1919 312 1949 l.
333 1922 362 1949 l.

261 1972 279 2000 7
307 1970 421 2007 Cedro,
449 1969 519 2009 lisca]
544 1969 614 1999 Sub
642 1967 707 1999 hoc
724 1969 921 1999 Maecenate

218 2019 512 2050 immortalitatem
530 2028 661 2059 speres,
688 2019 763 2049 oleo
781 2019 922 2050 cedrino

219 2071 378 2101 inunctus
414 2074 534 2100 contra
571 2070 680 2100 tineas
707 2075 743 2100 et
773 2071 922 2109 cariem3

219 2122 228 2137 ‘
243 2120 317 2151 Nec
334 2120 451 2150 titulus
469 2119 586 2158 minio,
602 2129 665 2151 nec
682 2119 787 2150 cedro
805 2120 923 2151 charta

220 2170 384 2201 notetur!
412 2169 515 2201 Ovid.
533 2170 636 2201 Trist.
654 2173 681 2202 1.
700 2170 753 2200 ΕΙ.
773 2173 802 2201 1.
826 2171 835 2186 ‘
850 2179 926 2210 spe-

219 2230 332 2251 ramus
357 2220 504 2251 carmina
538 2219 620 2260 fingi
651 2220 760 2251 Posse
790 2220 925 2251 linenda

220 2270 348 2309 cedro,'
362 2273 426 2301 διο.
460 2270 626 2301 Horatius
645 2270 687 2301 ad
705 2271 858 2303 Pisones.

263 2324 282 2351 8
307 2321 446 2360 Frontis,
459 2321 528 2361 ἂψ]
546 2321 692 2361 ‘Fragili
705 2323 849 2361 geminae
865 2332 924 2364 po·

219 2371 347 2402 liantur
356 2371 491 2411 pumice
501 2370 652 2402 frontes.'
665 2372 770 2404 Ovid.
782 2373 923 2406 1.T=·ist.

222 2423 274 2454 El.
293 2426 322 2454 l.
340 2423 416 2453 vide
433 2423 544 2463 epigr.
561 2426 613 2455 67.
628 2424 651 2454 l.
670 2427 699 2455 l.
718 2434 804 2455 vers.
823 2427 873 2455 12.

263 2477 283 2504 9
306 2473 508 2514 Luxurieris]
532 2474 722 2505 Luxuriose
738 2475 881 2506 orneris.

265 2527 305 2554 10
329 2524 491 2564 Purpura,
519 2525 588 2564 35⁶²]
611 2524 719 2555 Pellis
742 2535 925 2567 purpurea,

222 2584 280 2604 seu
295 2575 495 2605 membrana
507 2574 631 2606 rubens
648 2576 702 2606 vel
718 2586 904 2617 purpurea.

266 2628 304 2656 11
332 2627 439 2666 Cocco,
465 2625 534 2666 ξω]
558 2627 671 2658 Cocco
689 2632 829 2658 notetur
845 2628 925 2659 titu-

223 2678 287 2717 lus,
298 2679 387 2718 quod
407 2679 551 2719 primum
567 2679 673 2711 minio
689 2679 831 2713 sactum.

269 2730 308 2758 12
332 2728 392 2758 Illo
416 2729 550 2769 vindice,
576 2731 644 2770 &NJ
681 2731 756 2761 Nec
787 2731 925 2762 criticos

228 2787 358 2818 ungues
382 2779 597 2819 castigatoris
614 2780 830 2821 severissimi,
847 2791 927 2824 qua-

687 203 826 232 NOTAE
863 204 885 231 V
895 205 921 233 A
932 204 1080 235 RioRU
1092 206 1123 234 M
1161 205 1209 234 ΙΝ

972 300 1012 330 lis
1041 298 1106 330 fuit
1135 300 1185 332 M.
1201 300 1243 331 V.
1265 299 1396 331 Probus
1426 301 1600 342 Berytius,
1617 303 1675 343 qui

971 351 1203 381 emendationi
1254 351 1416 382 librorum
1464 353 1674 392 potissimam

971 411 1110 441 operam
1125 401 1236 439 dedit,
1261 406 1350 433 teste
1374 403 1537 434 Suetonio
1553 404 1611 434 lib.
1633 403 1676 434 de

971 451 1231 482 Grammaticis.

1016 503 1121 532 Eric.
1140 511 1196 532 111.
1233 502 1270 532 In
1300 503 1466 533 Mulierem
1493 502 1678 543 deformem]

973 551 1102 583 Irridet
1123 553 1263 583 stultam
1280 552 1449 583 saeminam
1474 554 1615 594 pulchra
1631 552 1678 584 fa-

972 603 1037 642 cie,
1054 608 1089 635 et
1100 603 1284 635 foedissimo
1297 615 1457 645 corpore:
1484 616 1559 647 quae
1573 615 1675 646 quum

973 658 1093 693 tegere
1130 665 1269 696 corpus,
1309 660 1344 686 et
1377 656 1514 696 aperire
1556 655 1678 687 faciem

973 705 1160 745 debuisset,
1191 712 1311 738 contra
1333 708 1471 739 celabat
1493 706 1618 738 faciem
1643 711 1679 738 et

972 756 1099 786 nudum
1125 767 1249 797 corpus
1266 758 1481 789 ostendebat.
1507 758 1663 790 Ram-ires.

1017 809 1033 837 l
1062 807 1164 846 Nigro
1187 808 1351 847 velamine]
1378 809 1434 839 Ita
1450 808 1571 848 optimi
1588 808 1678 847 libri,

973 860 1007 886 et
1023 857 1165 897 requirit
1180 857 1219 887 τὸ
1234 859 1331 897 aperi.
1354 859 1442 889 Vide
1459 859 1678 890 Scriverium.

974 905 1042 936 Alii
1060 907 1262 938 medicamina
1278 909 1381 939 retas.-
1398 914 1434 939 et
1450 909 1680 948 interpretan-

973 960 1029 986 tur
1045 957 1188 997 OEsypo,
1205 958 1429 989 medicamine
1447 964 1482 989 et
1513 959 1681 989 incrusta-

973 1011 1090 1038 mento
1102 1008 1301 1047 cosinetico,
1319 1009 1409 1049 quod
1425 1009 1604 1041 ,Iuvenalis
1623 1018 1679 1039 vo-

973 1063 1031 1087 cat
1046 1059 1220 1089 tectorium.
1247 1059 1280 1089 S.
1296 1062 1329 1089 6.
1342 1061 1418 1089 403.

1015 1110 1034 1138 2
1058 1107 1120 1138 Sed
1147 1118 1218 1146 non,
1240 1109 1310 1149 ἐγω]
1335 1109 1402 1141 Sed
1432 1108 1579 1140 deformi
1603 1119 1677 1140 cor-

972 1167 1054 1199 pore
1070 1159 1175 1190 violas
1193 1169 1307 1200 aquas,

1015 1212 1033 1240 3
1063 1210 1175 1246 Deam,
1215 1211 1283 1250 ᾅίκ]
1326 1211 1434 1252 Aquae
1471 1210 1677 1250 Nympiiam.

973 1259 1077 1291 Omni
1100 1266 1213 1291 autem
1230 1261 1317 1292 fonti
1341 1261 1549 1292 credebatur
1567 1261 1678 1292 inesse

973 1321 1108 1352 numen,
1127 1317 1270 1353 propter
1287 1312 1543 1353 perennitatem
1561 1317 1675 1342 scatu-

973 1363 1072 1404 ginis.

1015 1416 1035 1444 4
1059 1413 1115 1445 Vel
1134 1414 1275 1445 tunicata
1296 1414 1380 1454 lara]
1406 1413 1573 1444 Deforme
1588 1413 1679 1444 enim

973 1473 1099 1504 corpus
1124 1464 1239 1505 arguit
1265 1475 1362 1506 aeque
1394 1464 1582 1495 deformem
1608 1473 1681 1496 esse

973 1513 1220 1555 faciem,qnam
1239 1517 1339 1555 tegis,
1358 1516 1412 1546 vel
1430 1515 1594 1546 fucatam.

1018 1567 1123 1598 Epic.
1137 1576 1189 1598 1v.
1215 1571 1231 1598 1
1251 1569 1397 1605 Romam,
1414 1569 1484 1609 ἐξα]
1509 1568 1678 1609 Loquitur

974 1626 1051 1647 cum
1068 1617 1153 1648 libro
1180 1628 1253 1658 suo,
1270 1628 1370 1660 quem
1387 1619 1528 1650 Romam
1549 1619 1681 1657 mittit3

973 1671 1010 1698 et
1026 1668 1182 1699 continet
1198 1669 1410 1709 epigramma
1429 1670 1559 1710 justam
1577 1679 1683 1711 quan-

975 1717 1051 1748 dam
1069 1719 1181 1759 poetae
1199 1719 1475 1760 indignationem.
1515 1720 1681 1753 Queritur

974 1768 1063 1798 enim
1092 1769 1133 1799 de
1165 1769 1397 1801 Romanorum
1413 1770 1567 1810 fastidio,
1586 1775 1623 1802 et
1639 1771 1682 1802 de

974 1823 1137 1859 corrupto
1162 1829 1278 1850 eorum
1304 1821 1448 1861 judicio,
1466 1821 1522 1862 qui
1539 1831 1579 1852 eo
1597 1826 1681 1852 tem-

975 1879 1058 1908 pore
1085 1869 1292 1900 citharoedos
1322 1871 1422 1911 longe
1446 1870 1681 1912 praeferebant

974 1919 1099 1960 poetis.
1125 1921 1219 1952 Ram.

1016 1972 1036 2000 2
1060 1971 1214 2010 AEmilioe,
1238 1971 1308 2011 ξω]
1331 1971 1430 2002 Viam
1448 1971 1618 2003 AEmiliam
1635 1971 1679 2002 ab

973 2020 1109 2051 AEmilia
1122 2021 1263 2060 regione
1290 2020 1332 2051 ad
1357 2021 1545 2051 Bononiam
1574 2030 1680 2062 usque

973 2070 1101 2101 stravit
1113 2071 1265 2101 AEmilius
1289 2071 1454 2111 Lepidus,
1472 2081 1537 2112 qua
1554 2071 1621 2102 itur
1636 2071 1680 2102 ad

975 2121 1099 2152 Forum
1130 2122 1268 2152 Cornel.
1296 2122 1373 2152 vide
1397 2122 1498 2154 Joan.
1527 2122 1682 2163 Baptist.

974 2171 1030 2202 Pii
1046 2170 1174 2203 Annot.
1187 2171 1285 2202 Post.
1299 2181 1374 2212 cap.
1390 2175 1444 2204 27.

1015 2224 1035 2253 4
1062 2222 1200 2260 Corneli,
1229 2222 1298 2262 Era]
1340 2223 1443 2253 Potes
1471 2222 1680 2264 respondere

973 2281 1027 2303 me
1042 2281 1116 2303 esse
1132 2272 1166 2303 in
1178 2271 1253 2303 foro
1267 2272 1437 2305 Cornelii:
1453 2284 1556 2315 supra
1570 2275 1678 2315 epigr.

975 2326 1004 2354 1.
1020 2332 1109 2354 vers.
1123 2325 1152 2354 1.
1169 2323 1263 2354 dicto
1280 2333 1298 2353 a
1314 2324 1419 2364 Sylla.

1016 2376 1034 2403 5
1064 2373 1215 2404 Breviter
1231 2377 1278 2413 tu,
1301 2375 1369 2415 δῖα]
1395 2375 1499 2406 Varie
1521 2385 1540 2406 a
1564 2375 1679 2406 mnitis

975 2423 1194 2464 dispungitur
1224 2425 1278 2455 hic
1306 2435 1441 2456 versus:
1467 2425 1560 2457 refer
1584 2427 1683 2458 multa

974 2474 1017 2505 ad
1034 2474 1129 2505 toedia
1142 2475 1174 2505 in
1193 2481 1352 2516 sequent.
1370 2486 1481 2509 versu.
1525 2478 1680 2516 Quaeret,

974 2524 1098 2566 inquit,
1112 2526 1231 2564 Roma,
1248 2537 1309 2558 cur
1320 2527 1448 2559 absim:
1473 2528 1625 2559 breviter
1641 2532 1679 2560 tu

974 2574 1098 2616 fatere,
1113 2576 1147 2607 id
1173 2582 1238 2616 est,
1253 2578 1307 2609 dic
1322 2578 1482 2618 ingenue.
1530 2579 1609 2610 Non
1623 2588 1681 2619 po-

976 2631 1067 2658 terat
1096 2626 1188 2658 ferre
1221 2633 1289 2658 tam
1319 2629 1426 2659 multa
1458 2628 1560 2659 taedia
1592 2634 1680 2668 togae

977 2687 1071 2707 vanae
1096 2677 1168 2707 sive
1199 2678 1421 2718 salutati-icis,
1443 2679 1515 2709 sive
1533 2688 1607 2718 quae
1624 2679 1682 2708 cli-

977 2728 1168 2758 entulorum
1181 2728 1444 2759 salutationibus
1469 2729 1624 2769 inservit,
1646 2736 1682 2760 et

979 2778 1069 2811 unde
1085 2778 1168 2809 nihil
1186 2779 1420 2811 emolumenti.
1467 2779 1621 2811 Musamb.
