1866 3131
220 221 329 263 1078

219 327 306 358 Haec
322 325 410 356 enim
427 328 476 354 est
495 323 648 361 οἰκονομία
661 322 842 361 Martiam,
854 331 910 352 no-

220 378 346 406 minare
368 384 449 413 rem,
465 383 540 414 quae
563 373 776 404 admirationi
792 377 856 411 est,
878 377 913 403 et

221 430 329 458 locum
366 426 416 456 vel
446 430 594 465 gentem,
621 425 677 455 nbi
703 423 914 454 admirationi

223 483 287 509 est.
333 476 388 506 Sic
402 475 461 515 ait,
487 476 496 492 ‘
512 475 682 515 Memphis
698 475 794 506 sileat
811 475 916 514 Pyra-

222 527 347 558 midum
363 526 523 558 miracula
539 525 681 557 barbara
695 525 714 556 ε’
737 525 769 556 id
781 530 845 563 est,
859 525 917 556 im-

223 578 343 608 mania.
402 576 532 607 Passim
563 576 684 607 Cicero
717 576 726 593 ‘
749 573 918 606 immanes’

224 628 382 659 barbaros
407 632 441 658 et
459 626 739 658 ‘immanitatem'
766 626 919 656 barbaro-

225 689 309 710 rum.
354 678 409 709 Sic
425 678 539 715 etiam,
552 677 727 717 ‘Assyrius
741 676 837 707 labor
853 684 918 706 non

220 731 327 770 jactet
343 728 520 767 Babylona
534 726 553 757 :'
579 727 610 756 id
625 732 687 765 est,
704 726 834 766 Assyrii
854 735 919 755 non

226 778 403 809 venditent
416 783 575 817 tanquam
592 786 750 806 manuum
775 781 810 806 et
831 775 920 805 labo-

228 830 273 860 ris
303 827 490 868 prodigium
521 826 706 865 Babylona.
755 825 818 856 Sed
859 834 921 855 nec

225 880 235 896 ‘
250 879 349 910 Iones
390 877 569 907 laudentur
604 876 726 906 Triviae
766 875 922 915 templot'

228 939 294 959 non
319 932 598 958 commemoretur
628 927 740 957 Diana
767 926 924 966 Ephesia,

230 985 388 1019 tanquam
412 977 562 1013 Ionibus,
589 977 654 1007 illis
679 976 817 1006 mollitie
841 974 924 1005 infu-

231 1030 338 1060 mibus
361 1033 396 1059 et
422 1027 603 1065 illaudatis,
619 1027 774 1057 eximiam
792 1026 923 1056 laudem

231 1079 353 1110 ferens.
400 1079 444 1108 Et
468 1078 532 1107 ista
557 1076 649 1107 ‘ara’
673 1076 855 1106 innumeris
882 1075 924 1106 de

232 1129 387 1161 cornibus
428 1132 558 1158 structa
594 1132 708 1157 cesset
753 1130 926 1157 ostentare

232 1178 383 1217 ‘Delon‚'
404 1187 467 1208 nec
491 1177 658 1208 habeatur
691 1177 723 1207 in
751 1181 925 1217 posterum

230 1231 323 1270 justa
349 1239 462 1267 causa,
487 1238 548 1258 cur
575 1227 617 1258 ob
643 1237 715 1258 eam
739 1227 865 1257 visatur
887 1236 927 1256 ac

235 1279 441 1320 praedicetur
458 1277 575 1308 Delos.
610 1276 766 1317 Denique
785 1285 846 1306 nec
860 1275 927 1315 glo-

234 1330 364 1360 rientur
402 1330 505 1360 Cares
536 1337 595 1358 suo
627 1327 815 1358 Mausoleo.
872 1326 927 1356 Sic

235 1380 389 1420 Memphi
407 1379 522 1420 jungit
543 1377 756 1418 Pyramides,
778 1376 928 1417 Assyriis

236 1430 426 1471 Babylona,
451 1429 589 1460 Ionibus
611 1429 730 1460 Dianae
750 1429 927 1469 templum,

238 1481 381 1512 Caribus
399 1481 623 1511 Mausoleum.
666 1480 759 1511 Nihil
784 1480 838 1510 hic
862 1479 927 1510 loci

236 1531 434 1571 cuicumque
450 1531 639 1561 assiduitati
662 1531 733 1562 sive
756 1531 930 1562 laborandi

237 1583 308 1613 sive
343 1582 523 1619 laudandi3
564 1582 642 1611 nihil
669 1582 721 1612 vel
749 1581 930 1612 honoribus

238 1633 291 1662 vel
329 1632 532 1668 lieronil)us;
568 1631 649 1661 nihil
685 1632 761 1662 deo.
811 1632 931 1661 Grono-

238 1682 316 1712 vius.
352 1681 518 1721 Assiduus]
566 1683 609 1714 Q.
630 1681 662 1712 d.
691 1682 812 1721 Neque
829 1682 931 1712 homi-

239 1741 297 1762 nes
314 1731 448 1761 assiduo
466 1730 619 1761 laborent
635 1731 666 1761 in
683 1731 853 1762 laudanda
869 1732 932 1761 Ba-

242 1780 386 1820 bylone3
410 1789 520 1820 neque
545 1781 648 1811 Cares
672 1780 841 1811 immodici
869 1782 936 1812 sint

241 1831 272 1859 in
310 1829 504 1860 extollendo
529 1830 714 1860 Mausoleo.
739 1829 936 1863 ‘Assiduus'

244 1889 325 1918 ergo
340 1880 348 1895 ‘
361 1878 464 1909 labor'
479 1879 635 1909 laudandi
651 1880 862 1920 intelligitur,
873 1891 937 1912 non

247 1935 359 1960 autem
377 1928 578 1960 aedificandi.
623 1930 688 1960 Alii
707 1931 822 1971 legunt
842 1932 939 1973 Assy-

243 1980 330 2010 rius.-
351 1984 386 2009 ut
406 1978 571 2017 Alciatus,
588 1980 770 2018 Junius,et
784 1981 939 2013 A.Scho-

245 2034 319 2058 tus:
359 2033 393 2059 et
425 2029 540 2060 hortos
574 2030 721 2070 pensiles
749 2031 941 2072 Babylonis,

243 2089 309 2109 non
337 2089 446 2109 muros
473 2079 699 2110 Semiramidis
722 2080 938 2121 intelligunt:

244 2129 318 2159 illos
333 2134 443 2159 autem
461 2128 643 2160 fabricatos
662 2132 692 2161 in
710 2131 850 2171 gratiam
871 2133 939 2173 pel-

247 2180 319 2210 licis
349 2189 369 2210 a
395 2189 475 2219 rege
506 2179 658 2220 Assyrio,
686 2183 768 2212 satis
795 2188 940 2215 constat.

246 2230 254 2243 ‘
268 2228 461 2269 Assyrium’
487 2231 590 2260 etiam
615 2233 622 2247 ‘
637 2231 806 2263 laborem’
826 2234 941 2274 appel·

246 2279 328 2318 lant,
356 2279 444 2319 quod
475 2279 628 2320 Babylon
658 2287 759 2322 caput
787 2282 940 2324 Assyrio-

247 2338 329 2360 rum.
363 2329 451 2359 Vide
469 2334 503 2360 et
521 2330 681 2361 Politian.
703 2332 850 2364 Miscell.
876 2335 939 2365 l.·2.

245 2380 433 2411 Turneb.l.
452 2384 502 2412 17.
539 2382 658 2420 Jactet,
681 2383 748 2423 elya]
782 2385 941 2418 Celebret

248 2431 336 2460 illam
369 2431 522 2461 Orientis
560 2433 725 2472 reginam,
759 2444 940 2476 arcemque

248 2482 428 2511 Persarum
446 2491 484 2511 ac
509 2491 625 2522 regum
648 2483 863 2521 domicilium,
887 2496 942 2516 cu-

240 2532 296 2571 jus
313 2530 467 2561 conditor
494 2532 581 2562 Mosi
603 2543 644 2564 ex
669 2534 758 2565 Gen.
784 2535 942 2567 laudatur

251 2581 470 2612 Nembrotus.
518 2582 599 2612 Harl.

292 2635 309 2661 3
338 2631 451 2661 Tririce
469 2633 592 2672 templo]
633 2635 754 2666 Dianae
773 2636 942 2677 Ephesiae,

249 2692 323 2723 quae
344 2681 483 2712 ‘Trivia’
508 2683 631 2714 dicitur
655 2695 674 2715 a
700 2687 827 2727 triplici
844 2698 943 2720 cursu

251 2733 312 2763 sub
351 2733 510 2773 Zodiaco,
539 2735 721 2766 secundum
761 2739 944 2779 longitudi-

252 2784 578 2824 nem‚latitudinem,
590 2790 623 2816 et
637 2787 848 2820 altitudinem
864 2800 872 2820 2
890 2792 945 2821 vel

681 227 821 258 NOTAE
855 227 915 256 VA
928 226 1117 257 RIORUM
1154 225 1204 255 IN

965 321 1007 351 ob
1034 321 1201 362 triplicem
1226 320 1296 360 ejus
1324 319 1354 349 in
1380 319 1476 356 caelo,
1499 318 1611 357 terris,
1628 322 1662 348 et

967 371 1086 402 inferis
1121 376 1339 411 potestatem.
1399 369 1522 400 Triviis
1561 370 1662 400 etiam

968 431 1116 462 praeesse
1152 421 1272 452 fertur.
1330 418 1500 450 Referunt
1533 419 1588 449 alii
1621 419 1664 448 ad

968 477 1038 503 tres
1070 472 1217 503 decades
1246 472 1386 509 mensis,
1415 468 1588 509 ἱσταμένου,
1614 481 1666 507 με-

969 522 1105 561 σοῦντος,
1128 520 1318 561 φθινομένου.
1364 521 1476 551 Molles
1502 521 1667 550 laudentur

973 573 1074 612 lones]
1119 573 1269 612 Propter
1286 572 1401 602 molles
1418 572 1531 610 Ionas,
1559 571 1666 601 omnis

971 623 1133 663 nequitiae
1161 623 1368 659 inventores,
1406 623 1515 652 Deam
1558 621 1669 652 multi-

971 673 1172 711 mammiam,
1188 671 1268 702 festi
1294 681 1421 702 summa
1448 682 1523 702 cum
1548 680 1670 712 pompa

973 728 1008 753 et
1036 723 1178 753 mollitie
1210 722 1431 761 celebratam,
1455 722 1669 753 sacerdotem

973 773 1118 814 denique
1142 777 1338 803 castratum.
1374 773 1461 803 Vide
1490 772 1579 813 Aug.
1605 773 1671 803 Po-

974 823 1081 853 litian.
1106 823 1253 854 Miscell.
1285 834 1314 854 c.
1338 827 1390 855 51.
1429 825 1437 840 ‘
1454 824 1565 854 Mollis
1595 833 1670 863 quae

974 873 1085 904 tendit
1099 873 1194 904 Iona’
1227 874 1385 914 Propert.
1405 875 1427 906 l.
1446 879 1474 906 1.
1493 885 1521 906 e.
1537 878 1568 905 ὃ.
1595 874 1672 904 Hac

976 925 1106 954 ratione
1123 929 1233 954 motus
1248 924 1607 962 Raderus‚lectionem
1620 923 1675 953 τοῦ

977 975 1066 1005 Iones
1079 973 1222 1014 praefert
1238 975 1282 1012 τῷ
1294 974 1448 1006 Honores.
1474 975 1559 1005 Aliis
1577 984 1678 1015 prop-

976 1029 1030 1055 ter
1047 1025 1144 1064 signa
1166 1023 1294 1055 affabre
1321 1030 1355 1055 et
1384 1025 1425 1056 ad
1450 1027 1563 1055 vivum
1585 1024 1676 1055 effic-

978 1080 1024 1106 ta.
1062 1075 1185 1114 virgil.
1218 1075 1411 1115 ‘Spirantia
1438 1076 1569 1106 mollius
1588 1074 1677 1106 aera?

977 1130 1012 1155 et
1043 1125 1198 1163 Flaccus,
1226 1125 1363 1156 ‘molles
1397 1125 1585 1156 imitabitur
1608 1135 1676 1156 aere

979 1174 1142 1216 capillos!
1175 1175 1312 1207 Petitus
1330 1176 1586 1207 rescribendum
1599 1185 1678 1206 con-

973 1229 1067 1270 jicit,
1103 1229 1238 1259 nerones.
1290 1228 1372 1267 Ejus
1405 1226 1676 1258 emendationem

979 1289 1130 1311 asserere
1148 1279 1284 1310 videtur
1307 1278 1397 1309 Plin.
1425 1278 1448 1308 l.
1463 1280 1514 1308 36.
1531 1288 1560 1308 e.
1577 1280 1628 1308 16.
1643 1280 1679 1308 et

981 1341 1083 1372 quare
1095 1331 1104 1347 ‘
1114 1329 1239 1361 molles'
1254 1329 1412 1360 dicantur
1427 1330 1435 1344 ‘
1445 1326 1609 1366 herones,'
1623 1326 1679 1357 do-

980 1381 1085 1420 cebit,
1112 1380 1168 1411 ubi
1202 1380 1271 1420 agit
1302 1379 1343 1410 de
1372 1378 1496 1410 Diana-³
1535 1377 1679 1417 Templo

982 1431 1124 1471 Ephesi:
1149 1429 1277 1470 ‘Operi
1292 1427 1432 1469 praefuit
1451 1426 1680 1467 Chersiphron

981 1481 1201 1512 architectus.
1244 1480 1382 1510 Summa
1410 1478 1588 1516 miracula,
1611 1477 1681 1517 epi-

983 1532 1087 1572 stylia
1116 1535 1223 1562 tantae
1249 1530 1345 1561 molis
1377 1529 1490 1560 attolli
1518 1527 1680 1568 potuisse.

984 1582 1025 1613 Id
1041 1586 1240 1613 consecutus
1264 1585 1318 1610 est
1340 1580 1396 1610 ille
1417 1579 1600 1610 heronibus
1627 1578 1683 1607 lia-

984 1642 1064 1662 rena
1088 1631 1209 1672 plenis,
1232 1629 1324 1660 molli
1348 1629 1486 1669 pulvino
1506 1637 1607 1668 super
1630 1636 1685 1657 ca-

985 1682 1059 1722 pita
1092 1681 1323 1713 columnarum
1358 1677 1585 1719 exaggerato‚’
1617 1680 1682 1708 &e.

988 1732 1148 1763 Meminit
1179 1740 1311 1773 quoque
1345 1731 1507 1760 heronum
1535 1739 1577 1760 ex
1607 1729 1685 1760 ulva

988 1782 1130 1823 palustri
1156 1781 1323 1813 factorum
1343 1780 1520 1811 Vitruvius
1541 1780 1562 1811 1.
1581 1784 1611 1810 5.
1631 1789 1687 1810 ex-

989 1839 1109 1864 tremo.
1166 1833 1243 1863 Non
1281 1831 1554 1862 dissimulandum
1582 1831 1686 1861 etiam

990 1883 1079 1924 quod
1111 1883 1190 1913 Pet.
1221 1881 1411 1912 Scriverius
1436 1891 1554 1911 novam
1585 1881 1687 1911 inter-

991 1934 1211 1974 punctionem
1226 1937 1259 1963 et
1270 1933 1450 1963 lectionem
1465 1932 1687 1972 excogitant:

992 1985 1060 2015 Nec
1080 1984 1197 2015 Tritioe
1210 1983 1315 2023 templi
1331 1983 1422 2014 moles
1437 1983 1598 2013 laudentur
1610 1993 1620 2013 .-
1636 1982 1689 2012 ho-

991 2044 1081 2065 nores
1100 2035 1355 2074 Dissimuletque,
1376 2035 1427 2073 [γε.
1471 2034 1596 2064 Verum
1621 2043 1687 2064 non

992 2094 1009 2115 e
1020 2090 1133 2125 gustu,
1144 2094 1296 2123 numero,
1310 2089 1345 2115 et
1360 2085 1487 2115 calamo
1497 2084 1665 2115 Martialis
1679 2095 1689 2122 ς

992 2135 1075 2166 dura
1093 2135 1191 2165 nimis
1209 2139 1244 2165 et
1259 2134 1307 2164 illi
1324 2134 1481 2165 insolens.

1034 2189 1053 2217 4
1079 2184 1337 2224 Dissimuletque‚
1358 2183 1428 2223 ᾇτ’]
1483 2184 1560 2215 Non
1584 2194 1689 2226 usque

991 2235 1076 2266 adeo
1103 2234 1235 2273 efferat,
1262 2243 1328 2264 non
1353 2240 1511 2275 tanquam
1538 2234 1689 2265 divinum

991 2296 1075 2326 opus
1099 2286 1224 2326 jactet,
1251 2293 1326 2315 cum
1356 2283 1398 2315 ab
1428 2283 1692 2324 Amphitheatro

991 2337 1127 2367 mortali
1147 2345 1248 2366 manu
1276 2334 1370 2365 facto
1397 2334 1489 2364 illam
1513 2335 1614 2375 longe
1639 2344 1692 2366 su-

991 2391 1145 2427 peratam
1185 2385 1371 2416 videamus.
1431 2385 1499 2416 Ara
1526 2384 1691 2426 frequens]

993 2439 1070 2469 Non
1089 2438 1187 2471 Jovis
1203 2436 1400 2468 Hammonis
1417 2436 1507 2476 apud
1530 2436 1694 2467 Nasamo-

993 2499 1063 2529 nas,
1092 2499 1166 2530 quae
1192 2497 1255 2518 nec
1283 2486 1404 2528 opibus
1428 2496 1491 2517 nec
1522 2492 1694 2517 structura

994 2544 1066 2569 erat
1104 2537 1267 2575 iusignis3
1303 2536 1363 2567 sed
1394 2535 1495 2573 βωμὸς
1532 2536 1696 2575 κερατινὸς,

992 2588 1161 2629 Apollinis
1177 2587 1282 2625 Delii,
1302 2587 1343 2617 ab
1363 2587 1436 2626 ipso
1457 2586 1633 2626 quadrimo
1650 2597 1694 2619 ex

994 2639 1152 2671 cornibus
1181 2637 1408 2678 Cynthiadum
1435 2646 1633 2677 caprearum
1675 2648 1694 2669 a

995 2699 1110 2721 sorore
1127 2687 1387 2720 interfectarum
1405 2691 1603 2727 compactus
1618 2698 1625 2718 :
1652 2687 1696 2718 de

996 2751 1063 2782 quo
1090 2740 1217 2770 diserte
1245 2738 1348 2768 Ovid.
1375 2737 1408 2767 in
1432 2738 1496 2778 Ep.
1519 2737 1692 2778 Cydippes

998 2792 1039 2822 ad
1065 2790 1267 2823 Acontium:
1302 2790 1311 2806 ‘
1332 2789 1440 2819 Miror
1463 2793 1497 2819 et
1514 2789 1695 2820 innumeris
