1866 3131
237 140 348 180 1422

237 250 309 284 unt,
320 254 379 275 nec
391 245 501 276 calida
515 255 602 286 aqua
616 252 829 286 rumpuntur.
851 246 932 276 Vul-

239 305 291 335 εξο,
304 297 457 334 gemmis.-
480 297 576 337 quasi
591 297 721 336 possint
735 296 855 328 fictilia
873 297 937 327 ista

236 346 284 376 ita
296 345 376 387 fingi
389 353 425 378 et
438 347 521 387 tingi
534 352 572 378 ut
586 357 734 387 gemmas
747 348 935 378 imitentur.

237 398 339 429 Male.

278 452 296 479 7
323 449 438 479 Securo
451 453 552 489 potat,
566 448 636 489 Sym]
661 449 739 480 Nou
756 449 938 480 observan-

235 504 282 538 te,
310 509 351 529 ne
380 501 526 530 conviva
556 500 731 540 frangeret
759 501 937 540 crystalla,

237 549 289 578 vel
315 559 463 589 gemmas
487 550 655 591 unguibus
681 550 852 582 eraderet.
877 550 937 582 Ju-

238 600 346 630 venal.
364 601 433 631 Sat.
449 604 480 631 5.
506 611 590 632 vers.
604 604 659 632 40.

280 653 300 680 8
326 650 369 680 Et
385 660 488 681 casum
503 651 660 691 tremulae]
684 651 728 682 Et
753 655 821 681 tam
848 649 937 680 solli-

236 701 293 730 citi
310 705 409 731 erant
423 700 539 732 famuli
558 702 590 732 in
608 701 763 732 tenendis
781 705 815 731 et
832 700 939 740 porri-

237 750 354 789 gendis
371 752 586 791 crystallinis,
609 756 645 782 ut
666 761 707 782 ex
725 752 800 791 ipsa
816 751 939 781 sollici-

236 801 354 831 tudine
371 806 405 832 et
422 812 502 832 cura
526 806 723 842 peccarent,
748 802 938 841 poculaque

237 852 456 888 frangerent:
481 854 646 894 quodlib.
665 857 715 885 14.
734 853 834 884 docet
853 852 938 883 Poe.-

237 910 288 934 ta:
308 904 466 934 lemmate
480 906 488 920 ‘
503 904 702 945 Crystallina
713 903 733 935 :’
747 905 756 920 ‘
769 904 938 942 Frangere

238 954 315 984 dum
333 955 467 993 metuis,
481 954 605 994 frangis
620 955 832 995 crystallina:
859 963 938 994 pec-

236 1010 316 1034 cant
330 1005 465 1035 Securae
478 1005 857 1045 nimium‚sollicitaeque
869 1014 937 1035 ma—

237 1056 325 1087 nus.’

280 1110 300 1137 9
324 1108 394 1137 Hoc
418 1117 546 1147 quoque,
569 1107 636 1147 Cyan]
662 1107 736 1138 Nec
754 1117 856 1148 grave
873 1106 940 1137 erit

238 1157 394 1188 daumum
410 1159 438 1189 si
461 1159 504 1189 ab
528 1160 660 1199 impuro
675 1159 808 1190 homine
827 1159 940 1198 propi-

238 1214 318 1239 nata
335 1210 387 1239 vel
410 1209 585 1240 incantata
610 1210 684 1241 haec
711 1211 835 1251 pocula
850 1209 940 1240 fran-

239 1266 383 1297 gantur:
409 1260 457 1290 ita
481 1270 501 1290 a
529 1261 765 1300 propinatione
791 1261 940 1291 mulieris

239 1308 337 1340 t'amae
355 1310 442 1340 haud
461 1311 589 1350 probae,
608 1311 710 1351 jubet
737 1312 793 1342 ille
816 1313 941 1351 θραῦσαι

239 1359 294 1390 τὰς
310 1359 447 1390 κύλικας.
466 1360 603 1391 Autliol.
618 1361 703 1392 libro
717 1364 748 1392 2.
761 1365 876 1402 capite
888 1366 941 1394 48.

284 1411 387 1441 Erue.
401 1419 529 1441 Lxxvr.
549 1411 641 1442 Dicit
656 1417 786 1442 tantam
801 1423 872 1443 esse
886 1423 941 1444 an-

239 1470 338 1492 nonae
357 1462 522 1492 vilitatem
540 1467 576 1492 ut
593 1463 749 1502 agricolae
776 1463 833 1494 diu
862 1473 941 1494 noc-

241 1518 346 1552 tuque
372 1512 533 1543 studeant
560 1515 870 1554 compotationibus
897 1520 943 1545 at-

242 1572 307 1603 que
324 1563 530 1602 abliguriant
548 1574 617 1594 rem
635 1563 850 1596 familiarem.

287 1617 302 1644 1
328 1613 487 1652 Amphora
515 1614 661 1654 rigessis]
695 1615 729 1645 Si
763 1620 943 1655 utrumque

243 1666 362 1696 Latine
378 1666 518 1702 dicitur,
533 1668 663 1706 vigessis
678 1668 781 1705 datur,
797 1673 831 1698 et
844 1668 945 1706 riges-

239 1718 265 1747 si
281 1718 388 1756 datur,
406 1723 441 1748 ut
462 1717 592 1748 fatetur
614 1718 815 1756 Scriverius,
841 1728 945 1758 quare

242 1774 352 1798 mutat
367 1766 507 1805 vigessi‘!
534 1768 614 1807 Hic,
629 1768 753 1808 iuquit,
769 1768 884 1806 rigessi
901 1769 945 1798 le-

244 1818 400 1857 gendum,
425 1818 505 1858 quia
529 1819 685 1858 sequitur
708 1828 770 1849 oere
785 1822 944 1859 quaterno.

243 1869 352 1898 Immo
368 1869 438 1898 sive
455 1874 628 1909 sequatur,
650 1869 720 1899 sive
745 1878 808 1898 non
827 1878 943 1909 sequa-

245 1926 311 1958 tur,
328 1920 409 1949 uiliil
428 1919 593 1950 interest:
620 1929 696 1950 uani
723 1923 770 1958 et,
794 1919 848 1949 ubi
878 1929 944 1949 non

244 1971 400 2011 sequitur
428 1970 466 2000 τὸ
497 1972 505 1986 ‘
519 1970 609 2009 aere‚’
639 1970 672 2000 in
705 1971 764 2000 tali
791 1979 945 2000 sermone

243 2030 378 2060 semper
399 2021 611 2060 intelligitur.
656 2020 711 2050 Ita
726 2020 812 2050 enim
831 2021 947 2060 loque-

246 2070 384 2101 bantur:
400 2073 407 2087 ‘
418 2069 728 2107 emerecentussis‚'
740 2072 918 2110 puta‘aere
929 2073 948 2100 :‘

246 2124 254 2138 ‘
274 2127 431 2152 oonstare
461 2120 632 2161 decmsisf
663 2130 785 2160 nempe
816 2126 823 2137 ¹
842 2131 908 2151 tere
922 2119 948 2150 :’

246 2174 255 2189 ‘
276 2174 388 2203 valere
420 2173 657 2214 quiuquessis‚'
686 2173 820 2203 scilieet
853 2172 861 2188 ‘
880 2171 946 2202 aes'

248 2224 300 2254 vel
323 2224 331 2240 ‘
345 2223 434 2254 aere!
477 2223 565 2254 Vide
579 2223 621 2254 (le
639 2223 784 2264 pecunia
798 2223 906 2254 veteri
926 2224 946 2253 l.

249 2278 277 2305 l.
293 2284 322 2305 c.
335 2277 366 2304 8.
385 2274 524 2305 Gronov.
557 2275 684 2305 ,Modius
696 2276 790 2305 dalw·
801 2284 862 2305 cere
874 2284 948 2314 qua-

247 2324 349 2364 terno]
367 2325 423 2356 AEs
435 2330 637 2366 quaternum
651 2335 711 2366 pro
729 2325 947 2366 quaternario

249 2376 302 2406 vel
326 2377 484 2407 sestertio
511 2377 635 2417 posuit.
681 2378 690 2393 ‘
709 2374 948 2409 Quaternarii’

249 2427 339 2457 euim
365 2428 515 2458 sestertii
540 2427 624 2457 dicti
653 2432 742 2463 sunt,
770 2433 948 2467 postquam

250 2478 422 2517 quaternis
453 2478 584 2508 assibus
609 2478 723 2508 valere
756 2482 947 2517 creperum.

250 2529 306 2559 Sic
328 2530 337 2545 ‘
351 2529 519 2569 quinarii‚'
542 2529 618 2559 olim
636 2533 671 2558 et
695 2528 869 2567 ‘denarii,’
891 2527 949 2568 qui

251 2580 370 2619 quinos
386 2589 474 2610 asses
488 2585 521 2610 et
537 2579 640 2610 denos
654 2579 863 2620 pendebant.
880 2578 948 2609 Sul-

250 2640 326 2661 mus.
358 2630 463 2660 Datur
475 2640 535 2660 aere
547 2630 709 2670 quaterno]
726 2629 781 2660 Ita
795 2630 851 2659 vili
871 2639 948 2660 ven·

252 2680 355 2719 ditur,
383 2686 420 2711 ut
445 2681 540 2711 malit
567 2681 720 2721 agricola
742 2680 950 2720 ingurgitare

254 2739 289 2761 se
306 2729 347 2761 ad
372 2731 546 2770 crapulam
568 2741 670 2772 usque
688 2736 721 2761 et
737 2730 953 2770 ebrietatem,

701 149 842 180 NOTAE
878 150 1140 181 VARIORUM
1178 153 1226 180 ΙΝ

990 256 1090 287 quam
1118 247 1249 277 tantulo
1278 246 1386 287 pretio
1414 246 1528 276 viuum
1560 251 1594 277 et
1621 245 1690 276 fru-

990 299 1140 326 mentum
1158 296 1316 326 vendere.
1352 296 1407 327 sie
1426 295 1633 326 Farnabius:
1659 301 1694 325 et

989 347 1022 377 in
1039 347 1179 377 eandem
1193 348 1396 378 seutentiam
1409 347 1608 378 Scriverius
1646 346 1693 377 At

989 397 1160 427 Martialis
1177 397 1356 428 miseratur
1377 402 1503 428 sortem
1529 397 1693 438 agricola-

990 457 1076 485 rum,
1089 447 1237 489 quidum
1253 447 1344 479 beati
1359 453 1451 485 sunt,
1465 446 1600 478 minime
1615 452 1694 477 sunt

991 497 1080 528 beati
1098 509 1106 528 ;
1132 503 1169 529 et
1184 498 1396 528 abundantes
1414 497 1583 528 frumento
1601 497 1693 528 vino-

990 559 1067 589 que,
1096 549 1181 580 adeo
1211 553 1249 580 ut
1280 555 1401 589 potare
1426 554 1462 579 et
1488 558 1622 579 coenare
1650 548 1692 578 ad

990 600 1192 630 cruditatem
1219 600 1362 640 possint,
1388 607 1511 639 egent:
1548 599 1627 640 quia
1652 609 1693 628 ex

990 649 1160 681 frumento
1176 660 1215 682 ac
1233 651 1308 681 vino
1326 650 1465 680 vendito
1492 650 1571 680 nihil
1599 659 1693 680 num-

991 710 1120 731 morum
1151 701 1291 732 reticere
1322 706 1462 741 possunt
1492 701 1522 731 iu
1552 710 1691 730 annonae

992 756 1087 782 tanta
1102 752 1244 783 vilitate.
1283 753 1361 783 Non
1378 752 1435 782 ille
1453 752 1581 782 mavult
1597 751 1694 782 absu-

991 812 1096 841 mere,
1124 808 1161 833 ut
1187 803 1269 834 nihil
1295 804 1358 834 sibi
1387 804 1550 844 reliquum
1577 802 1695 838 faciat,

991 863 1091 894 quam
1123 854 1270 885 vendere
1286 866 1293 886 z
1330 855 1389 885 sed
1418 865 1519 895 quum
1546 854 1694 884 vendere

991 909 1151 945 nequeat,
1176 905 1327 946 quamvis
1349 905 1390 935 ad
1412 905 1617 936 ebrietatem
1637 914 1695 944 po-

991 960 1077 994 tare,
1100 955 1142 985 ad
1169 957 1387 986 saturitatem
1406 956 1495 986 vesci
1513 955 1634 986 habeat
1652 956 1695 984 nil

990 1006 1106 1044 habet,
1128 1012 1163 1038 et
1178 1008 1255 1037 aeris
1273 1007 1406 1047 indigus
1423 1014 1485 1038 est.
1510 1007 1696 1037 Gronovius.

1035 1057 1141 1089 EPJG.
1159 1066 1298 1088 Lxxvn.
1323 1060 1343 1088 2
1356 1058 1451 1088 Stans
1465 1067 1610 1095 summos,
1626 1056 1698 1095 Qu]

992 1107 1060 1138 Pro
1080 1109 1147 1139 ritu
1164 1108 1389 1139 adorantium.
1416 1109 1565 1138 Brissou.
1584 1109 1696 1138 Form.

1034 1162 1052 1189 5
1084 1159 1279 1196 Trinoctiali,
1307 1160 1375 1200 ξω]
1408 1160 1483 1192 Quo
1511 1159 1697 1198 castigaret

993 1217 1144 1241 ventrem
1165 1212 1282 1241 alienis
1300 1212 1529 1242 luxuriantem
1547 1212 1659 1241 cauus.

1036 1264 1054 1292 8
1074 1262 1112 1291 In
1131 1262 1335 1302 Capitolium]
1357 1262 1545 1292 Salutaturn
1562 1261 1695 1291 Jovcm.

1036 1316 1056 1343 9
1079 1312 1190 1351 Sellas,
1211 1314 1278 1354 ὅτι]
1303 1313 1460 1343 Lati-inas
1484 1322 1501 1342 a
1519 1312 1694 1342 conditore

994 1363 1156 1393 Patroclo
1184 1363 1302 1392 dictas.
1346 1363 1498 1393 Turneb.
1523 1362 1608 1392 libro
1627 1362 1695 1393 Ad-

995 1424 1082 1444 vers.
1100 1417 1151 1444 30.
1170 1414 1282 1453 capite
1299 1416 1353 1444 26.

1038 1467 1078 1495 12
1102 1464 1302 1504 Compressis,
1316 1463 1384 1504 25⁶]
1409 1463 1463 1494 Ne
1480 1462 1559 1504 quid
1577 1464 1695 1494 animoe

996 1515 1144 1546 amittat.

1040 1566 1145 1596 Epic..
1160 1573 1314 1595 Lxxviu.
1334 1564 1698 1602 lAnteJot-isstatuamj

998 1616 1171 1646 Honorem
1189 1616 1312 1646 statuis
1328 1615 1477 1645 Deorum
1491 1615 1641 1645 habitum
1660 1615 1696 1644 li-

997 1673 1090 1707 quet,
1105 1666 1240 1707 quando
1256 1675 1317 1706 pro
1331 1666 1412 1706 ipsis
1426 1665 1497 1695 Diis
1510 1665 1697 1695 adoraban-

998 1724 1062 1748 tur.
1108 1717 1207 1748 Unde
1231 1717 1353 1748 Cicero
1377 1721 1496 1747 contra
1523 1716 1695 1746 Caecilium

997 1768 1095 1805 dixit,
1108 1768 1243 1798 aVerre
1257 1767 1408 1797 sublatos
1425 1768 1515 1797 Deos
1533 1776 1551 1796 e
1568 1766 1697 1801 Sicilia,

995 1829 1097 1860 quum
1114 1819 1265 1849 Deorum
1278 1818 1478 1848 simulachra
1492 1817 1698 1852 abstulisset,

996 1870 1038 1899 (le
1065 1880 1130 1910 qua
1159 1878 1193 1899 re
1219 1869 1416 1899 Lactantius
1440 1868 1496 1898 lib.
1515 1872 1544 1898 2.
1573 1877 1648 1906 cap.
1666 1870 1697 1897 4.

998 1921 1072 1951 Nec
1092 1921 1239 1950 Deorum
1258 1924 1403 1957 tantum,
1432 1918 1490 1948 sed
1510 1918 1697 1958 Imperato—

998 1980 1068 2000 rum
1088 1980 1221 2010 quoque
1235 1976 1267 2000 et
1283 1970 1413 2009 Regum
1429 1975 1552 2000 siatuae
1568 1970 1615 1999 ita
1629 1970 1697 1998 cul*

998 2026 1040 2051 1ae
1053 2027 1144 2057 sunt,
1155 2026 1192 2050 ut
1205 2020 1257 2060 qui
1270 2020 1424 2058 violaret,
1437 2019 1698 2052 contaminaret,

996 2071 1106 2100 ullave
1122 2070 1326 2101 contumelia
1342 2068 1493 2100 afficeret
1511 2070 1698 2109 majestatis

998 2130 1074 2152 reus
1091 2120 1201 2152 fieret.
1226 2121 1308 2152 Rad.
1341 2121 1460 2161 Epigr.
1486 2121 1696 2160 praecedent.

998 2181 1083 2203 vers.
1100 2174 1149 2202 12.

1042 2223 1147 2253 EPJG.
1164 2230 1291 2253 Lxxix.
1311 2225 1331 2253 ‘2
1347 2222 1618 2261 Etjnrarejubae,
1631 2223 1699 2262 iva]

999 2273 1055 2304 De
1072 2283 1164 2304 more
1178 2272 1254 2311 fori,
1266 2273 1321 2313 qui
1339 2282 1373 2302 se
1385 2273 1607 2313 jurejurando
1623 2283 1699 2313 pui-

999 2333 1077 2364 gare
1102 2325 1274 2354 recusavit
1299 2323 1482 2363 oportebat
1504 2323 1698 2354 damnatum

998 2375 1148 2405 solvere:
1174 2375 1284 2405 Poeta
1309 2375 1395 2405 ‹licit
1421 2384 1456 2405 se
1479 2375 1579 2404 malle
1603 2375 1700 2404 satis-

999 2425 1133 2457 facere:
1161 2427 1219 2457 sed
1245 2432 1278 2456 et
1302 2427 1364 2457 hoc
1388 2426 1566 2466 ambigue:
1592 2427 1698 2456 solve<

999 2478 1106 2508 rene?
1146 2477 1198 2508 An
1230 2478 1434 2518 deprecari?
1471 2478 1524 2507 An
1545 2477 1699 2507 'scribere

999 2527 1089 2558 aliud
1106 2528 1270 2559 Carmen?
1291 2528 1384 2558 Lusit
1396 2527 1647 2567 elegantissime
1666 2528 1697 2556 in

999 2579 1138 2618 ancipiti
1153 2578 1342 2617 significatu
1355 2574 1444 2608 vocis
1458 2579 1466 2593 ‘
1478 2577 1698 2608 satisfacere-J

1000 2630 1111 2661 Amici
1129 2628 1258 2660 offensa
1273 2629 1402 2660 tollitur
1418 2628 1549 2659 duobus
1568 2627 1695 2658 modis:

1000 2681 1052 2711 vel
1071 2681 1096 2711 si
1114 2679 1233 2710 secisse
1249 2688 1409 2719 negemus
1425 2689 1431 2708 :
1454 2678 1505 2708 vel
1524 2678 1550 2707 si
1568 2676 1695 2706 factum

1001 2738 1212 2768 exctisemu5‚
1225 2733 1258 2759 et
1278 2734 1456 2769 peccatum
1471 2727 1564 2757 nobis
1579 2726 1700 2757 condo-
