<?xml version="1.0" encoding="UTF-8"?>
<!DOCTYPE html PUBLIC "-//W3C//DTD XHTML 1.0 Transitional//EN"
    "http://www.w3.org/TR/xhtml1/DTD/xhtml1-transitional.dtd">
<html xmlns="http://www.w3.org/1999/xhtml" xml:lang="en" lang="en">
 <head>
  <title>
</title>
<meta http-equiv="Content-Type" content="text/html;charset=utf-8" />
  <meta name='ocr-system' content='tesseract 3.04.00' />
  <meta name='ocr-capabilities' content='ocr_page ocr_carea ocr_par ocr_line ocrx_word'/>
</head>
<body>
  <div class='ocr_page' id='page_1' title='image "./epigrammataexedi03martuoft_0143.png"; bbox 0 0 1866 3131; ppageno 0'>
   <div class='ocr_carea' id='block_1_1' title="bbox 436 186 1348 219">
    <p class='ocr_par' dir='ltr' id='par_1_1' title="bbox 436 186 1348 219">
     <span class='ocr_line' id='line_1_1' title="bbox 436 186 1348 219; baseline 0.003 -3"><span class='ocrx_word' id='word_1_1' title='bbox 436 187 483 216; x_wconf 80' lang='lat' dir='ltr'><strong>M.</strong></span> <span class='ocrx_word' id='word_1_2' title='bbox 516 187 627 217; x_wconf 78' lang='lat' dir='ltr'><strong>VAL.</strong></span> <span class='ocrx_word' id='word_1_3' title='bbox 661 186 933 217; x_wconf 73' lang='lat' dir='ltr'><strong>MAR&#39;rlALIS</strong></span> <span class='ocrx_word' id='word_1_4' title='bbox 971 189 1127 219; x_wconf 74' lang='lat' dir='ltr'><strong>EPIGR·</strong></span> <span class='ocrx_word' id='word_1_5' title='bbox 1163 190 1253 219; x_wconf 76' lang='lat' dir='ltr'><strong>Llll.</strong></span> <span class='ocrx_word' id='word_1_6' title='bbox 1288 190 1348 219; x_wconf 73' lang='lat' dir='ltr'><strong>iv.</strong></span> 
     </span>
    </p>
   </div>
   <div class='ocr_carea' id='block_1_2' title="bbox 153 278 869 2830">
    <p class='ocr_par' dir='ltr' id='par_1_2' title="bbox 172 278 869 371">
     <span class='ocr_line' id='line_1_2' title="bbox 173 278 869 321; baseline 0.004 -12"><span class='ocrx_word' id='word_1_7' title='bbox 173 278 332 310; x_wconf 87' lang='lat' dir='ltr'><strong>Herculis</strong></span> <span class='ocrx_word' id='word_1_8' title='bbox 364 279 500 319; x_wconf 83' lang='lat' dir='ltr'>scripsit</span> <span class='ocrx_word' id='word_1_9' title='bbox 528 285 648 311; x_wconf 84' lang='lat' dir='ltr'><strong>contra</strong></span> <span class='ocrx_word' id='word_1_10' title='bbox 670 280 869 321; x_wconf 82' lang='lat' dir='ltr'><strong>Amazonas,</strong></span> 
     </span>
     <span class='ocr_line' id='line_1_3' title="bbox 172 330 685 371; baseline 0.004 -11"><span class='ocrx_word' id='word_1_11' title='bbox 172 332 260 371; x_wconf 83' lang='lat' dir='ltr'><strong>quod</strong></span> <span class='ocrx_word' id='word_1_12' title='bbox 285 330 491 362; x_wconf 79' lang='lat' dir='ltr'><strong>Amazonida</strong></span> <span class='ocrx_word' id='word_1_13' title='bbox 506 332 685 371; x_wconf 80' lang='lat' dir='ltr'><strong>inscripsit.</strong></span> 
     </span>
    </p>

    <p class='ocr_par' dir='ltr' id='par_1_3' title="bbox 170 382 866 621">
     <span class='ocr_line' id='line_1_4' title="bbox 214 382 866 423; baseline 0.005 -13"><span class='ocrx_word' id='word_1_14' title='bbox 214 384 233 410; x_wconf 76' lang='grc'>8</span> <span class='ocrx_word' id='word_1_15' title='bbox 258 382 383 412; x_wconf 76' lang='lat' dir='ltr'><strong>Marsus</strong></span> <span class='ocrx_word' id='word_1_16' title='bbox 412 382 617 421; x_wconf 76' lang='lat' dir='ltr'><strong>Amazonide]</strong></span> <span class='ocrx_word' id='word_1_17' title='bbox 664 382 774 413; x_wconf 80' lang='lat' dir='ltr'><strong>Credo</strong></span> <span class='ocrx_word' id='word_1_18' title='bbox 801 393 866 423; x_wconf 83' lang='lat' dir='ltr'><strong>ego</strong></span> 
     </span>
     <span class='ocr_line' id='line_1_5' title="bbox 173 431 865 464; baseline 0.006 -4"><span class='ocrx_word' id='word_1_19' title='bbox 173 431 274 461; x_wconf 80' lang='lat' dir='ltr'><strong>alium</strong></span> <span class='ocrx_word' id='word_1_20' title='bbox 300 431 388 462; x_wconf 88' lang='lat' dir='ltr'><strong>hunc</strong></span> <span class='ocrx_word' id='word_1_21' title='bbox 415 431 516 463; x_wconf 86' lang='lat' dir='ltr'><strong>fnisse</strong></span> <span class='ocrx_word' id='word_1_22' title='bbox 552 433 703 463; x_wconf 81' lang='lat' dir='ltr'><strong>Marsum</strong></span> <span class='ocrx_word' id='word_1_23' title='bbox 735 433 776 464; x_wconf 90' lang='lat' dir='ltr'><strong>ab</strong></span> <span class='ocrx_word' id='word_1_24' title='bbox 807 434 865 464; x_wconf 92' lang='lat' dir='ltr'><strong>illo</strong></span> 
     </span>
     <span class='ocr_line' id='line_1_6' title="bbox 171 481 866 522; baseline 0.006 -11"><span class='ocrx_word' id='word_1_25' title='bbox 171 481 563 522; x_wconf 81' lang='lat' dir='ltr'><strong>Epigrammatographo,</strong></span> <span class='ocrx_word' id='word_1_26' title='bbox 588 483 681 522; x_wconf 89' lang='lat' dir='ltr'><strong>cujus</strong></span> <span class='ocrx_word' id='word_1_27' title='bbox 714 484 866 515; x_wconf 85' lang='lat' dir='ltr'><strong>meminit</strong></span> 
     </span>
     <span class='ocr_line' id='line_1_7' title="bbox 171 530 865 572; baseline 0.009 -12"><span class='ocrx_word' id='word_1_28' title='bbox 171 530 314 570; x_wconf 80' lang='lat' dir='ltr'><strong>Epistol.</strong></span> <span class='ocrx_word' id='word_1_29' title='bbox 330 535 359 562; x_wconf 87' lang='grc'><strong>1.</strong></span> <span class='ocrx_word' id='word_1_30' title='bbox 377 537 411 562; x_wconf 89' lang='lat' dir='ltr'><strong>et</strong></span> <span class='ocrx_word' id='word_1_31' title='bbox 427 532 485 562; x_wconf 90' lang='lat' dir='ltr'><strong>lib.</strong></span> <span class='ocrx_word' id='word_1_32' title='bbox 499 534 531 563; x_wconf 83' lang='grc'><strong>7.</strong></span> <span class='ocrx_word' id='word_1_33' title='bbox 548 533 664 572; x_wconf 82' lang='lat' dir='ltr'><strong>Epigr.</strong></span> <span class='ocrx_word' id='word_1_34' title='bbox 682 535 734 564; x_wconf 78' lang='lat'><strong>29.</strong></span> <span class='ocrx_word' id='word_1_35' title='bbox 751 540 786 564; x_wconf 87' lang='lat' dir='ltr'><strong>et</strong></span> <span class='ocrx_word' id='word_1_36' title='bbox 810 537 865 566; x_wconf 77' lang='lat'><strong>99.</strong></span> 
     </span>
     <span class='ocr_line' id='line_1_8' title="bbox 170 581 518 621; baseline 0.006 -11"><span class='ocrx_word' id='word_1_37' title='bbox 170 585 204 611; x_wconf 84' lang='lat' dir='ltr'><strong>ct</strong></span> <span class='ocrx_word' id='word_1_38' title='bbox 221 581 318 613; x_wconf 84' lang='lat' dir='ltr'><strong>lib.8.</strong></span> <span class='ocrx_word' id='word_1_39' title='bbox 336 582 451 621; x_wconf 84' lang='lat' dir='ltr'><strong>Epigr.</strong></span> <span class='ocrx_word' id='word_1_40' title='bbox 465 585 518 613; x_wconf 83' lang='lat'><strong>56.</strong></span> 
     </span>
    </p>

    <p class='ocr_par' dir='ltr' id='par_1_4' title="bbox 167 632 865 976">
     <span class='ocr_line' id='line_1_9' title="bbox 211 632 865 674; baseline 0.005 -12"><span class='ocrx_word' id='word_1_41' title='bbox 211 635 231 662; x_wconf 85' lang='lat'><strong>9</strong></span> <span class='ocrx_word' id='word_1_42' title='bbox 258 632 494 672; x_wconf 79' lang='lat' dir='ltr'><strong><em>Quemcumque]</em></strong></span> <span class='ocrx_word' id='word_1_43' title='bbox 519 632 675 665; x_wconf 83' lang='lat' dir='ltr'>Antehac</span> <span class='ocrx_word' id='word_1_44' title='bbox 704 634 865 674; x_wconf 81' lang='lat' dir='ltr'><strong>legebant</strong></span> 
     </span>
     <span class='ocr_line' id='line_1_10' title="bbox 168 682 863 722; baseline 0.007 -11"><span class='ocrx_word' id='word_1_45' title='bbox 168 691 364 722; x_wconf 74' lang='lat' dir='ltr'><strong>quoecunque,</strong></span> <span class='ocrx_word' id='word_1_46' title='bbox 383 683 490 713; x_wconf 86' lang='lat' dir='ltr'><strong>minus</strong></span> <span class='ocrx_word' id='word_1_47' title='bbox 508 682 604 714; x_wconf 82' lang='lat' dir='ltr'><strong>bene.</strong></span> <span class='ocrx_word' id='word_1_48' title='bbox 650 684 776 715; x_wconf 84' lang='lat' dir='ltr'>Sensus</span> <span class='ocrx_word' id='word_1_49' title='bbox 790 690 863 716; x_wconf 83' lang='lat' dir='ltr'><strong>est:</strong></span> 
     </span>
     <span class='ocr_line' id='line_1_11' title="bbox 169 733 864 774; baseline 0.003 -10"><span class='ocrx_word' id='word_1_50' title='bbox 169 734 412 774; x_wconf 77' lang='lat' dir='ltr'>Quemcunque</span> <span class='ocrx_word' id='word_1_51' title='bbox 428 733 550 764; x_wconf 85' lang='lat' dir='ltr'><strong>librum</strong></span> <span class='ocrx_word' id='word_1_52' title='bbox 579 734 620 765; x_wconf 90' lang='lat' dir='ltr'><strong>de</strong></span> <span class='ocrx_word' id='word_1_53' title='bbox 644 735 725 766; x_wconf 83' lang='lat' dir='ltr'><strong>meis</strong></span> <span class='ocrx_word' id='word_1_54' title='bbox 742 735 774 765; x_wconf 93' lang='lat' dir='ltr'><strong>in</strong></span> <span class='ocrx_word' id='word_1_55' title='bbox 797 745 864 766; x_wconf 87' lang='lat' dir='ltr'><strong>ma-</strong></span> 
     </span>
     <span class='ocr_line' id='line_1_12' title="bbox 171 783 864 824; baseline 0.007 -12"><span class='ocrx_word' id='word_1_56' title='bbox 171 792 232 813; x_wconf 89' lang='lat' dir='ltr'><strong>nus</strong></span> <span class='ocrx_word' id='word_1_57' title='bbox 259 783 452 823; x_wconf 84' lang='lat' dir='ltr'><strong>sumpseris,</strong></span> <span class='ocrx_word' id='word_1_58' title='bbox 482 790 567 824; x_wconf 89' lang='lat' dir='ltr'><strong>puta</strong></span> <span class='ocrx_word' id='word_1_59' title='bbox 593 785 699 816; x_wconf 90' lang='lat' dir='ltr'><strong>solum</strong></span> <span class='ocrx_word' id='word_1_60' title='bbox 727 795 798 816; x_wconf 88' lang='lat' dir='ltr'><strong>esse</strong></span> <span class='ocrx_word' id='word_1_61' title='bbox 828 790 864 817; x_wconf 87' lang='lat' dir='ltr'><strong>et</strong></span> 
     </span>
     <span class='ocr_line' id='line_1_13' title="bbox 168 834 860 876; baseline 0.007 -13"><span class='ocrx_word' id='word_1_62' title='bbox 168 834 260 864; x_wconf 75' lang='lat' dir='ltr'><strong>velut</strong></span> <span class='ocrx_word' id='word_1_63' title='bbox 273 835 404 865; x_wconf 84' lang='lat' dir='ltr'><strong>unicum</strong></span> <span class='ocrx_word' id='word_1_64' title='bbox 420 845 428 872; x_wconf 82' lang='lat'>3</span> <span class='ocrx_word' id='word_1_65' title='bbox 453 835 544 865; x_wconf 85' lang='lat' dir='ltr'><strong>illum</strong></span> <span class='ocrx_word' id='word_1_66' title='bbox 561 836 651 876; x_wconf 88' lang='lat' dir='ltr'><strong>lege,</strong></span> <span class='ocrx_word' id='word_1_67' title='bbox 668 841 703 867; x_wconf 87' lang='lat' dir='ltr'><strong>et</strong></span> <span class='ocrx_word' id='word_1_68' title='bbox 719 837 765 867; x_wconf 90' lang='lat' dir='ltr'><strong>sic</strong></span> <span class='ocrx_word' id='word_1_69' title='bbox 787 837 860 868; x_wconf 87' lang='lat' dir='ltr'><strong>abs-</strong></span> 
     </span>
     <span class='ocr_line' id='line_1_14' title="bbox 167 884 860 925; baseline 0.007 -11"><span class='ocrx_word' id='word_1_70' title='bbox 167 893 233 925; x_wconf 83' lang='lat' dir='ltr'><strong>que</strong></span> <span class='ocrx_word' id='word_1_71' title='bbox 262 884 398 916; x_wconf 85' lang='lat' dir='ltr'><strong>fastidio</strong></span> <span class='ocrx_word' id='word_1_72' title='bbox 422 887 569 922; x_wconf 86' lang='lat' dir='ltr'><strong>evolves,</strong></span> <span class='ocrx_word' id='word_1_73' title='bbox 586 892 621 918; x_wconf 88' lang='lat' dir='ltr'><strong>et</strong></span> <span class='ocrx_word' id='word_1_74' title='bbox 645 897 787 918; x_wconf 80' lang='lat' dir='ltr'>acumen</span> <span class='ocrx_word' id='word_1_75' title='bbox 807 898 860 919; x_wconf 85' lang='lat' dir='ltr'><strong>ca-</strong></span> 
     </span>
     <span class='ocr_line' id='line_1_15' title="bbox 167 935 732 976; baseline 0.007 -12"><span class='ocrx_word' id='word_1_76' title='bbox 167 936 252 975; x_wconf 80' lang='lat' dir='ltr'><strong>pies,</strong></span> <span class='ocrx_word' id='word_1_77' title='bbox 269 940 304 965; x_wconf 88' lang='lat' dir='ltr'><strong>et</strong></span> <span class='ocrx_word' id='word_1_78' title='bbox 314 945 367 966; x_wconf 87' lang='lat' dir='ltr'><strong>me</strong></span> <span class='ocrx_word' id='word_1_79' title='bbox 384 937 495 976; x_wconf 79' lang='lat' dir='ltr'><strong>magni</strong></span> <span class='ocrx_word' id='word_1_80' title='bbox 508 935 624 968; x_wconf 85' lang='lat' dir='ltr'><strong>facies.</strong></span> <span class='ocrx_word' id='word_1_81' title='bbox 650 938 732 968; x_wconf 70' lang='lat' dir='ltr'><strong>Rau.</strong></span> 
     </span>
    </p>

    <p class='ocr_par' dir='ltr' id='par_1_5' title="bbox 162 987 859 1329">
     <span class='ocr_line' id='line_1_16' title="bbox 209 987 859 1029; baseline 0.005 -13"><span class='ocrx_word' id='word_1_82' title='bbox 209 987 314 1016; x_wconf 84' lang='lat' dir='ltr'><strong>EPlG.</strong></span> <span class='ocrx_word' id='word_1_83' title='bbox 338 995 429 1017; x_wconf 77' lang='lat' dir='ltr'><strong>xxx.</strong></span> <span class='ocrx_word' id='word_1_84' title='bbox 457 987 619 1018; x_wconf 87' lang='lat' dir='ltr'><strong>Celebrat</strong></span> <span class='ocrx_word' id='word_1_85' title='bbox 635 988 779 1019; x_wconf 81' lang='lat' dir='ltr'><strong>Baianos</strong></span> <span class='ocrx_word' id='word_1_86' title='bbox 795 988 859 1029; x_wconf 89' lang='lat' dir='ltr'><strong>pis-</strong></span> 
     </span>
     <span class='ocr_line' id='line_1_17' title="bbox 166 1036 858 1078; baseline 0.007 -13"><span class='ocrx_word' id='word_1_87' title='bbox 166 1045 222 1065; x_wconf 85' lang='lat' dir='ltr'><strong>ces</strong></span> <span class='ocrx_word' id='word_1_88' title='bbox 240 1036 437 1067; x_wconf 80' lang='lat' dir='ltr'><strong>Domitiano</strong></span> <span class='ocrx_word' id='word_1_89' title='bbox 452 1047 567 1068; x_wconf 88' lang='lat' dir='ltr'><strong>sacros</strong></span> <span class='ocrx_word' id='word_1_90' title='bbox 583 1049 590 1068; x_wconf 89' lang='grc'>;</span> <span class='ocrx_word' id='word_1_91' title='bbox 616 1043 649 1068; x_wconf 87' lang='lat' dir='ltr'><strong>et</strong></span> <span class='ocrx_word' id='word_1_92' title='bbox 666 1044 778 1070; x_wconf 85' lang='lat' dir='ltr'><strong>monet</strong></span> <span class='ocrx_word' id='word_1_93' title='bbox 795 1040 858 1078; x_wconf 86' lang='lat' dir='ltr'><strong>pis-</strong></span> 
     </span>
     <span class='ocr_line' id='line_1_18' title="bbox 164 1088 857 1126; baseline 0.006 -10"><span class='ocrx_word' id='word_1_94' title='bbox 164 1091 327 1124; x_wconf 84' lang='lat' dir='ltr'><strong>catorem,</strong></span> <span class='ocrx_word' id='word_1_95' title='bbox 342 1091 380 1117; x_wconf 84' lang='lat' dir='ltr'><strong>ut</strong></span> <span class='ocrx_word' id='word_1_96' title='bbox 406 1088 522 1126; x_wconf 88' lang='lat' dir='ltr'><strong>procul</strong></span> <span class='ocrx_word' id='word_1_97' title='bbox 540 1088 581 1118; x_wconf 89' lang='lat' dir='ltr'><strong>ab</strong></span> <span class='ocrx_word' id='word_1_98' title='bbox 607 1097 647 1118; x_wconf 89' lang='lat' dir='ltr'><strong>eo</strong></span> <span class='ocrx_word' id='word_1_99' title='bbox 672 1089 746 1120; x_wconf 83' lang='lat' dir='ltr'><strong>lacu</strong></span> <span class='ocrx_word' id='word_1_100' title='bbox 763 1099 857 1120; x_wconf 89' lang='lat' dir='ltr'><strong>rece-</strong></span> 
     </span>
     <span class='ocr_line' id='line_1_19' title="bbox 164 1136 858 1177; baseline 0.007 -11"><span class='ocrx_word' id='word_1_101' title='bbox 164 1136 245 1175; x_wconf 90' lang='lat' dir='ltr'><strong>dat;</strong></span> <span class='ocrx_word' id='word_1_102' title='bbox 268 1140 440 1177; x_wconf 86' lang='lat' dir='ltr'><strong>terretque</strong></span> <span class='ocrx_word' id='word_1_103' title='bbox 465 1147 540 1168; x_wconf 81' lang='lat' dir='ltr'><strong>euin</strong></span> <span class='ocrx_word' id='word_1_104' title='bbox 565 1138 646 1169; x_wconf 81' lang='lat' dir='ltr'><strong>ficta</strong></span> <span class='ocrx_word' id='word_1_105' title='bbox 669 1140 858 1171; x_wconf 84' lang='lat' dir='ltr'><strong>narratiun-</strong></span> 
     </span>
     <span class='ocr_line' id='line_1_20' title="bbox 164 1186 859 1228; baseline 0.009 -12"><span class='ocrx_word' id='word_1_106' title='bbox 164 1187 240 1217; x_wconf 83' lang='lat' dir='ltr'>cula</span> <span class='ocrx_word' id='word_1_107' title='bbox 255 1186 433 1226; x_wconf 84' lang='lat' dir='ltr'><strong>cujusdam</strong></span> <span class='ocrx_word' id='word_1_108' title='bbox 456 1187 545 1226; x_wconf 79' lang='lat' dir='ltr'><strong>Afri,</strong></span> <span class='ocrx_word' id='word_1_109' title='bbox 572 1189 640 1228; x_wconf 85' lang='lat' dir='ltr'><strong>qui,</strong></span> <span class='ocrx_word' id='word_1_110' title='bbox 661 1189 739 1220; x_wconf 76' lang='lat' dir='ltr'><strong>duni</strong></span> <span class='ocrx_word' id='word_1_111' title='bbox 763 1191 859 1222; x_wconf 86' lang='lat' dir='ltr'><strong>hamo</strong></span> 
     </span>
     <span class='ocr_line' id='line_1_21' title="bbox 162 1239 858 1281; baseline 0.007 -14"><span class='ocrx_word' id='word_1_112' title='bbox 162 1239 195 1268; x_wconf 86' lang='lat' dir='ltr'><strong>in</strong></span> <span class='ocrx_word' id='word_1_113' title='bbox 209 1247 249 1268; x_wconf 87' lang='lat' dir='ltr'><strong>eo</strong></span> <span class='ocrx_word' id='word_1_114' title='bbox 265 1239 340 1269; x_wconf 90' lang='lat' dir='ltr'><strong>lacu</strong></span> <span class='ocrx_word' id='word_1_115' title='bbox 355 1248 453 1269; x_wconf 84' lang='lat' dir='ltr'><strong>ausus</strong></span> <span class='ocrx_word' id='word_1_116' title='bbox 465 1245 556 1270; x_wconf 85' lang='lat' dir='ltr'><strong>esset</strong></span> <span class='ocrx_word' id='word_1_117' title='bbox 568 1240 701 1279; x_wconf 83' lang='lat' dir='ltr'><strong>piscari,</strong></span> <span class='ocrx_word' id='word_1_118' title='bbox 716 1246 858 1281; x_wconf 87' lang='lat' dir='ltr'><strong>repente</strong></span> 
     </span>
     <span class='ocr_line' id='line_1_22' title="bbox 162 1287 678 1329; baseline 0.002 -9"><span class='ocrx_word' id='word_1_119' title='bbox 162 1293 282 1329; x_wconf 83' lang='lat' dir='ltr'><strong>captus</strong></span> <span class='ocrx_word' id='word_1_120' title='bbox 298 1289 405 1319; x_wconf 90' lang='lat' dir='ltr'><strong>oculis</strong></span> <span class='ocrx_word' id='word_1_121' title='bbox 421 1287 498 1320; x_wconf 86' lang='lat' dir='ltr'><strong>fuit.</strong></span> <span class='ocrx_word' id='word_1_122' title='bbox 522 1290 678 1321; x_wconf 75' lang='lat' dir='ltr'><strong>Ramires.</strong></span> 
     </span>
    </p>

    <p class='ocr_par' dir='ltr' id='par_1_6' title="bbox 161 1340 858 1774">
     <span class='ocr_line' id='line_1_23' title="bbox 205 1340 857 1381; baseline 0.002 -11"><span class='ocrx_word' id='word_1_123' title='bbox 205 1343 225 1370; x_wconf 83' lang='lat'><strong>2</strong></span> <span class='ocrx_word' id='word_1_124' title='bbox 244 1340 380 1379; x_wconf 83' lang='lat' dir='ltr'>Nocens,</span> <span class='ocrx_word' id='word_1_125' title='bbox 392 1340 502 1379; x_wconf 78' lang='lat' dir='ltr'><strong>sacris,</strong></span> <span class='ocrx_word' id='word_1_126' title='bbox 515 1340 582 1380; x_wconf 61' lang='lat' dir='ltr'><strong>&amp;cd</strong></span> <span class='ocrx_word' id='word_1_127' title='bbox 597 1340 739 1381; x_wconf 86' lang='lat' dir='ltr'><strong>Impius,</strong></span> <span class='ocrx_word' id='word_1_128' title='bbox 756 1340 857 1371; x_wconf 77' lang='lat' dir='ltr'><strong>sacri-</strong></span> 
     </span>
     <span class='ocr_line' id='line_1_24' title="bbox 162 1390 858 1431; baseline 0.003 -12"><span class='ocrx_word' id='word_1_129' title='bbox 162 1390 257 1430; x_wconf 86' lang='lat' dir='ltr'><strong>legus</strong></span> <span class='ocrx_word' id='word_1_130' title='bbox 272 1400 280 1427; x_wconf 87' lang='lat'>;</span> <span class='ocrx_word' id='word_1_131' title='bbox 305 1399 451 1430; x_wconf 86' lang='lat' dir='ltr'><strong>namque</strong></span> <span class='ocrx_word' id='word_1_132' title='bbox 466 1390 519 1420; x_wconf 82' lang='lat' dir='ltr'><strong>hic</strong></span> <span class='ocrx_word' id='word_1_133' title='bbox 534 1391 620 1421; x_wconf 85' lang='lat' dir='ltr'><strong>sacri</strong></span> <span class='ocrx_word' id='word_1_134' title='bbox 641 1396 719 1422; x_wconf 85' lang='lat' dir='ltr'><strong>suut</strong></span> <span class='ocrx_word' id='word_1_135' title='bbox 736 1391 858 1431; x_wconf 85' lang='lat' dir='ltr'><strong>pisces,</strong></span> 
     </span>
     <span class='ocr_line' id='line_1_25' title="bbox 163 1440 857 1483; baseline 0.001 -12"><span class='ocrx_word' id='word_1_136' title='bbox 163 1440 356 1472; x_wconf 90' lang='lat' dir='ltr'><strong>Domitiano</strong></span> <span class='ocrx_word' id='word_1_137' title='bbox 374 1442 449 1472; x_wconf 88' lang='lat' dir='ltr'><strong>Deo</strong></span> <span class='ocrx_word' id='word_1_138' title='bbox 472 1441 634 1480; x_wconf 86' lang='lat' dir='ltr'><strong>dedicati,</strong></span> <span class='ocrx_word' id='word_1_139' title='bbox 650 1452 732 1482; x_wconf 83' lang='lat' dir='ltr'><strong>quos</strong></span> <span class='ocrx_word' id='word_1_140' title='bbox 750 1452 857 1483; x_wconf 81' lang='lat' dir='ltr'><strong>neque</strong></span> 
     </span>
     <span class='ocr_line' id='line_1_26' title="bbox 162 1490 857 1531; baseline 0.006 -12"><span class='ocrx_word' id='word_1_141' title='bbox 162 1490 320 1529; x_wconf 83' lang='lat' dir='ltr'><strong>piscatori</strong></span> <span class='ocrx_word' id='word_1_142' title='bbox 338 1490 390 1522; x_wconf 88' lang='lat' dir='ltr'><strong>fas</strong></span> <span class='ocrx_word' id='word_1_143' title='bbox 403 1491 539 1522; x_wconf 87' lang='lat' dir='ltr'><strong>hamato</strong></span> <span class='ocrx_word' id='word_1_144' title='bbox 562 1492 689 1522; x_wconf 84' lang='lat' dir='ltr'><strong>ambire</strong></span> <span class='ocrx_word' id='word_1_145' title='bbox 705 1502 857 1531; x_wconf 86' lang='lat' dir='ltr'><strong>munere,</strong></span> 
     </span>
     <span class='ocr_line' id='line_1_27' title="bbox 161 1541 857 1581; baseline 0.004 -11"><span class='ocrx_word' id='word_1_146' title='bbox 161 1550 270 1581; x_wconf 85' lang='lat' dir='ltr'><strong>neque</strong></span> <span class='ocrx_word' id='word_1_147' title='bbox 286 1550 367 1571; x_wconf 90' lang='lat' dir='ltr'><strong>coco</strong></span> <span class='ocrx_word' id='word_1_148' title='bbox 383 1541 417 1571; x_wconf 89' lang='lat' dir='ltr'><strong>in</strong></span> <span class='ocrx_word' id='word_1_149' title='bbox 436 1542 495 1581; x_wconf 87' lang='lat' dir='ltr'><strong>jus</strong></span> <span class='ocrx_word' id='word_1_150' title='bbox 513 1551 647 1573; x_wconf 87' lang='lat' dir='ltr'><strong>vocare.</strong></span> <span class='ocrx_word' id='word_1_151' title='bbox 693 1542 759 1573; x_wconf 88' lang='lat' dir='ltr'><strong>Sed</strong></span> <span class='ocrx_word' id='word_1_152' title='bbox 778 1543 857 1573; x_wconf 87' lang='lat' dir='ltr'><strong>alibi</strong></span> 
     </span>
     <span class='ocr_line' id='line_1_28' title="bbox 161 1592 856 1633; baseline 0.001 -10"><span class='ocrx_word' id='word_1_153' title='bbox 161 1594 241 1623; x_wconf 82' lang='lat' dir='ltr'><strong>itcin</strong></span> <span class='ocrx_word' id='word_1_154' title='bbox 255 1594 343 1624; x_wconf 88' lang='lat' dir='ltr'><strong>sacri</strong></span> <span class='ocrx_word' id='word_1_155' title='bbox 356 1592 568 1623; x_wconf 81' lang='lat' dir='ltr'>habebantur</span> <span class='ocrx_word' id='word_1_156' title='bbox 580 1592 715 1633; x_wconf 89' lang='lat' dir='ltr'><strong>quidam</strong></span> <span class='ocrx_word' id='word_1_157' title='bbox 734 1594 856 1633; x_wconf 77' lang='lat' dir='ltr'><strong>pisces·</strong></span> 
     </span>
     <span class='ocr_line' id='line_1_29' title="bbox 162 1642 855 1684; baseline 0 -11"><span class='ocrx_word' id='word_1_158' title='bbox 162 1643 311 1684; x_wconf 88' lang='lat' dir='ltr'><strong>Oppian.</strong></span> <span class='ocrx_word' id='word_1_159' title='bbox 339 1648 373 1673; x_wconf 84' lang='lat' dir='ltr'><strong>et</strong></span> <span class='ocrx_word' id='word_1_160' title='bbox 401 1642 480 1673; x_wconf 79' lang='lat' dir='ltr'><strong>Ath.</strong></span> <span class='ocrx_word' id='word_1_161' title='bbox 512 1643 570 1674; x_wconf 89' lang='lat' dir='ltr'><strong>lib.</strong></span> <span class='ocrx_word' id='word_1_162' title='bbox 598 1646 628 1674; x_wconf 87' lang='grc'><strong>7.</strong></span> <span class='ocrx_word' id='word_1_163' title='bbox 652 1644 774 1674; x_wconf 77' lang='lat' dir='ltr'><strong>AElian.</strong></span> <span class='ocrx_word' id='word_1_164' title='bbox 798 1643 855 1674; x_wconf 91' lang='lat' dir='ltr'><strong>lib.</strong></span> 
     </span>
     <span class='ocr_line' id='line_1_30' title="bbox 162 1694 855 1734; baseline 0 -8"><span class='ocrx_word' id='word_1_165' title='bbox 162 1698 212 1726; x_wconf 81' lang='grc'><strong>12.</strong></span> <span class='ocrx_word' id='word_1_166' title='bbox 239 1694 383 1725; x_wconf 73' lang='lat' dir='ltr'><strong>Animal.</strong></span> <span class='ocrx_word' id='word_1_167' title='bbox 397 1703 472 1734; x_wconf 82' lang='lat' dir='ltr'><strong>cap.</strong></span> <span class='ocrx_word' id='word_1_168' title='bbox 488 1697 518 1725; x_wconf 81' lang='lat'><strong>2.</strong></span> <span class='ocrx_word' id='word_1_169' title='bbox 552 1695 632 1725; x_wconf 63' lang='lat' dir='ltr'><strong>Yar.</strong></span> <span class='ocrx_word' id='word_1_170' title='bbox 646 1694 688 1725; x_wconf 86' lang='lat' dir='ltr'><strong>de</strong></span> <span class='ocrx_word' id='word_1_171' title='bbox 707 1696 755 1725; x_wconf 83' lang='lat' dir='ltr'><strong>Re</strong></span> <span class='ocrx_word' id='word_1_172' title='bbox 772 1695 855 1726; x_wconf 81' lang='lat' dir='ltr'><strong>Rus-</strong></span> 
     </span>
     <span class='ocr_line' id='line_1_31' title="bbox 161 1745 237 1774; baseline -0.013 0"><span class='ocrx_word' id='word_1_173' title='bbox 161 1745 237 1774; x_wconf 70' lang='lat' dir='ltr'><strong>tica.</strong></span> 
     </span>
    </p>

    <p class='ocr_par' dir='ltr' id='par_1_7' title="bbox 201 1793 705 1834">
     <span class='ocr_line' id='line_1_32' title="bbox 201 1793 705 1834; baseline -0.002 -9"><span class='ocrx_word' id='word_1_174' title='bbox 201 1798 219 1825; x_wconf 55' lang='lat'><strong>&gt;1</strong></span> <span class='ocrx_word' id='word_1_175' title='bbox 244 1794 427 1834; x_wconf 78' lang='lat' dir='ltr'><strong>Dominum]</strong></span> <span class='ocrx_word' id='word_1_176' title='bbox 459 1793 705 1824; x_wconf 74' lang='lat' dir='ltr'><strong>Domitianum.</strong></span> 
     </span>
    </p>

    <p class='ocr_par' dir='ltr' id='par_1_8' title="bbox 158 1843 856 2029">
     <span class='ocr_line' id='line_1_33' title="bbox 201 1843 856 1884; baseline 0 -9"><span class='ocrx_word' id='word_1_177' title='bbox 201 1849 219 1875; x_wconf 85' lang='lat'><strong>5</strong></span> <span class='ocrx_word' id='word_1_178' title='bbox 245 1845 348 1884; x_wconf 84' lang='lat' dir='ltr'><strong>Illam,</strong></span> <span class='ocrx_word' id='word_1_179' title='bbox 370 1854 428 1884; x_wconf 77' lang='lat' dir='ltr'><strong>qua</strong></span> <span class='ocrx_word' id='word_1_180' title='bbox 452 1844 544 1882; x_wconf 71' lang='lat' dir='ltr'><strong>nihil,</strong></span> <span class='ocrx_word' id='word_1_181' title='bbox 566 1845 636 1884; x_wconf 50' lang='grc' dir='ltr'><strong>ὅπη]</strong></span> <span class='ocrx_word' id='word_1_182' title='bbox 660 1843 856 1876; x_wconf 86' lang='lat' dir='ltr'><strong>Domitiani.</strong></span> 
     </span>
     <span class='ocr_line' id='line_1_34' title="bbox 159 1893 856 1931; baseline -0.001 -5"><span class='ocrx_word' id='word_1_183' title='bbox 159 1897 279 1927; x_wconf 81' lang='lat' dir='ltr'>Utrum</span> <span class='ocrx_word' id='word_1_184' title='bbox 297 1899 409 1925; x_wconf 87' lang='lat' dir='ltr'><strong>autem</strong></span> <span class='ocrx_word' id='word_1_185' title='bbox 429 1903 544 1924; x_wconf 83' lang='lat' dir='ltr'><strong>verum</strong></span> <span class='ocrx_word' id='word_1_186' title='bbox 560 1893 624 1924; x_wconf 88' lang='lat' dir='ltr'><strong>hoc</strong></span> <span class='ocrx_word' id='word_1_187' title='bbox 640 1894 697 1931; x_wconf 88' lang='lat' dir='ltr'><strong>sit,</strong></span> <span class='ocrx_word' id='word_1_188' title='bbox 713 1893 795 1924; x_wconf 84' lang='lat' dir='ltr'><strong>fides</strong></span> <span class='ocrx_word' id='word_1_189' title='bbox 811 1894 856 1925; x_wconf 88' lang='lat' dir='ltr'><strong>sit</strong></span> 
     </span>
     <span class='ocr_line' id='line_1_35' title="bbox 160 1944 854 1987; baseline 0.001 -12"><span class='ocrx_word' id='word_1_190' title='bbox 160 1956 263 1987; x_wconf 83' lang='lat' dir='ltr'><strong>penes</strong></span> <span class='ocrx_word' id='word_1_191' title='bbox 276 1945 431 1976; x_wconf 71' lang='lat' dir='ltr'><strong>Poe&#39;tam.</strong></span> <span class='ocrx_word' id='word_1_192' title='bbox 456 1944 545 1975; x_wconf 80' lang='lat' dir='ltr'><strong>Vide</strong></span> <span class='ocrx_word' id='word_1_193' title='bbox 562 1945 585 1975; x_wconf 89' lang='lat' dir='ltr'><strong>l.</strong></span> <span class='ocrx_word' id='word_1_194' title='bbox 603 1947 653 1975; x_wconf 91' lang='lat'><strong>10.</strong></span> <span class='ocrx_word' id='word_1_195' title='bbox 670 1944 786 1985; x_wconf 84' lang='lat' dir='ltr'><strong>Epigr.</strong></span> <span class='ocrx_word' id='word_1_196' title='bbox 802 1947 854 1977; x_wconf 80' lang='lat'><strong>30.</strong></span> 
     </span>
     <span class='ocr_line' id='line_1_36' title="bbox 158 1997 388 2029; baseline -0.013 0"><span class='ocrx_word' id='word_1_197' title='bbox 158 2003 193 2029; x_wconf 91' lang='lat' dir='ltr'><strong>et</strong></span> <span class='ocrx_word' id='word_1_198' title='bbox 210 1997 388 2028; x_wconf 85' lang='lat' dir='ltr'><strong>AElianum.</strong></span> 
     </span>
    </p>

    <p class='ocr_par' dir='ltr' id='par_1_9' title="bbox 157 2044 855 2136">
     <span class='ocr_line' id='line_1_37' title="bbox 199 2044 855 2085; baseline -0.003 -7"><span class='ocrx_word' id='word_1_199' title='bbox 199 2051 220 2078; x_wconf 83' lang='grc'><strong>6</strong></span> <span class='ocrx_word' id='word_1_200' title='bbox 242 2047 293 2078; x_wconf 83' lang='lat' dir='ltr'><strong>Ad</strong></span> <span class='ocrx_word' id='word_1_201' title='bbox 310 2045 469 2085; x_wconf 64' lang='lat' dir='ltr'><strong>magistri]</strong></span> <span class='ocrx_word' id='word_1_202' title='bbox 493 2045 607 2076; x_wconf 86' lang='lat' dir='ltr'><strong>Simile</strong></span> <span class='ocrx_word' id='word_1_203' title='bbox 630 2044 736 2076; x_wconf 80' lang='lat' dir='ltr'><strong>refert</strong></span> <span class='ocrx_word' id='word_1_204' title='bbox 753 2045 855 2076; x_wconf 86' lang='lat' dir='ltr'><strong>AElia-</strong></span> 
     </span>
     <span class='ocr_line' id='line_1_38' title="bbox 157 2096 641 2136; baseline -0.006 -7"><span class='ocrx_word' id='word_1_205' title='bbox 157 2108 218 2129; x_wconf 89' lang='lat' dir='ltr'><strong>nus</strong></span> <span class='ocrx_word' id='word_1_206' title='bbox 233 2097 291 2128; x_wconf 88' lang='lat' dir='ltr'><strong>lib.</strong></span> <span class='ocrx_word' id='word_1_207' title='bbox 306 2100 336 2127; x_wconf 85' lang='grc'><strong>8.</strong></span> <span class='ocrx_word' id='word_1_208' title='bbox 354 2096 500 2127; x_wconf 80' lang='lat' dir='ltr'><strong>Animal.</strong></span> <span class='ocrx_word' id='word_1_209' title='bbox 515 2105 592 2136; x_wconf 85' lang='lat' dir='ltr'><strong>cap.</strong></span> <span class='ocrx_word' id='word_1_210' title='bbox 607 2098 641 2126; x_wconf 90' lang='grc'><strong>4.</strong></span> 
     </span>
    </p>

    <p class='ocr_par' dir='ltr' id='par_1_10' title="bbox 156 2145 855 2335">
     <span class='ocr_line' id='line_1_39' title="bbox 199 2145 855 2186; baseline -0.005 -7"><span class='ocrx_word' id='word_1_211' title='bbox 199 2151 217 2179; x_wconf 81' lang='lat'><strong>7</strong></span> <span class='ocrx_word' id='word_1_212' title='bbox 246 2148 355 2178; x_wconf 80' lang='lat' dir='ltr'><strong>Vocem</strong></span> <span class='ocrx_word' id='word_1_213' title='bbox 369 2147 506 2186; x_wconf 81' lang='lat' dir='ltr'><strong>quisque,</strong></span> <span class='ocrx_word' id='word_1_214' title='bbox 529 2145 600 2186; x_wconf 45' lang='lat' dir='ltr'><strong>asra]</strong></span> <span class='ocrx_word' id='word_1_215' title='bbox 636 2146 712 2176; x_wconf 90' lang='lat' dir='ltr'><strong>Non</strong></span> <span class='ocrx_word' id='word_1_216' title='bbox 730 2146 855 2176; x_wconf 86' lang='lat' dir='ltr'><strong>habere</strong></span> 
     </span>
     <span class='ocr_line' id='line_1_40' title="bbox 156 2195 854 2234; baseline 0 -7"><span class='ocrx_word' id='word_1_217' title='bbox 156 2203 287 2228; x_wconf 87' lang='lat' dir='ltr'><strong>meatus</strong></span> <span class='ocrx_word' id='word_1_218' title='bbox 311 2201 346 2227; x_wconf 90' lang='lat' dir='ltr'><strong>et</strong></span> <span class='ocrx_word' id='word_1_219' title='bbox 377 2196 543 2227; x_wconf 83' lang='lat' dir='ltr'><strong>foramina</strong></span> <span class='ocrx_word' id='word_1_220' title='bbox 566 2195 713 2234; x_wconf 85' lang='lat' dir='ltr'><strong>auditus,</strong></span> <span class='ocrx_word' id='word_1_221' title='bbox 738 2196 854 2227; x_wconf 83' lang='lat' dir='ltr'><strong>audire</strong></span> 
     </span>
     <span class='ocr_line' id='line_1_41' title="bbox 157 2245 855 2278; baseline -0.003 0"><span class='ocrx_word' id='word_1_222' title='bbox 157 2253 266 2278; x_wconf 78' lang='lat' dir='ltr'><strong>tamen</strong></span> <span class='ocrx_word' id='word_1_223' title='bbox 293 2246 448 2277; x_wconf 81' lang='lat' dir='ltr'><strong>scribunt</strong></span> <span class='ocrx_word' id='word_1_224' title='bbox 477 2245 618 2276; x_wconf 85' lang='lat' dir='ltr'><strong>Aristot.</strong></span> <span class='ocrx_word' id='word_1_225' title='bbox 645 2245 702 2277; x_wconf 91' lang='lat' dir='ltr'><strong>lib.</strong></span> <span class='ocrx_word' id='word_1_226' title='bbox 727 2248 757 2276; x_wconf 83' lang='grc'><strong>4.</strong></span> <span class='ocrx_word' id='word_1_227' title='bbox 774 2245 855 2277; x_wconf 89' lang='lat' dir='ltr'><strong>Ani-</strong></span> 
     </span>
     <span class='ocr_line' id='line_1_42' title="bbox 157 2295 700 2335; baseline -0.002 -8"><span class='ocrx_word' id='word_1_228' title='bbox 157 2297 234 2328; x_wconf 75' lang='lat' dir='ltr'><strong>nial.</strong></span> <span class='ocrx_word' id='word_1_229' title='bbox 252 2302 287 2326; x_wconf 83' lang='lat' dir='ltr'><strong>et</strong></span> <span class='ocrx_word' id='word_1_230' title='bbox 304 2296 395 2326; x_wconf 89' lang='lat' dir='ltr'><strong>Plin.</strong></span> <span class='ocrx_word' id='word_1_231' title='bbox 412 2295 469 2326; x_wconf 90' lang='lat' dir='ltr'><strong>lib.</strong></span> <span class='ocrx_word' id='word_1_232' title='bbox 488 2298 538 2326; x_wconf 93' lang='grc'><strong>10.</strong></span> <span class='ocrx_word' id='word_1_233' title='bbox 554 2305 630 2335; x_wconf 88' lang='lat' dir='ltr'><strong>cap.</strong></span> <span class='ocrx_word' id='word_1_234' title='bbox 647 2298 700 2326; x_wconf 81' lang='lat'><strong>70.</strong></span> 
     </span>
    </p>

    <p class='ocr_par' dir='ltr' id='par_1_11' title="bbox 153 2345 854 2830">
     <span class='ocr_line' id='line_1_43' title="bbox 199 2345 854 2388; baseline 0 -11"><span class='ocrx_word' id='word_1_235' title='bbox 199 2352 218 2377; x_wconf 73' lang='grc' dir='ltr'>ὅ</span> <span class='ocrx_word' id='word_1_236' title='bbox 243 2347 313 2377; x_wconf 82' lang='lat' dir='ltr'><strong>Hoc</strong></span> <span class='ocrx_word' id='word_1_237' title='bbox 343 2347 502 2385; x_wconf 80' lang='lat' dir='ltr'><strong>quondam,</strong></span> <span class='ocrx_word' id='word_1_238' title='bbox 540 2345 608 2386; x_wconf 52' lang='lat' dir='ltr'><strong>&amp;cd</strong></span> <span class='ocrx_word' id='word_1_239' title='bbox 642 2345 728 2377; x_wconf 87' lang='lat' dir='ltr'><strong>Afer</strong></span> <span class='ocrx_word' id='word_1_240' title='bbox 766 2347 854 2388; x_wconf 86' lang='lat' dir='ltr'><strong>quis·</strong></span> 
     </span>
     <span class='ocr_line' id='line_1_44' title="bbox 156 2395 853 2436; baseline 0.003 -11"><span class='ocrx_word' id='word_1_241' title='bbox 156 2396 256 2436; x_wconf 88' lang='lat' dir='ltr'><strong>piam,</strong></span> <span class='ocrx_word' id='word_1_242' title='bbox 282 2405 381 2425; x_wconf 87' lang='lat' dir='ltr'><strong>ausus</strong></span> <span class='ocrx_word' id='word_1_243' title='bbox 410 2395 463 2426; x_wconf 88' lang='lat' dir='ltr'><strong>hic</strong></span> <span class='ocrx_word' id='word_1_244' title='bbox 494 2395 629 2435; x_wconf 87' lang='lat' dir='ltr'><strong>piscari,</strong></span> <span class='ocrx_word' id='word_1_245' title='bbox 654 2402 796 2436; x_wconf 82' lang='lat' dir='ltr'><strong>repente</strong></span> <span class='ocrx_word' id='word_1_246' title='bbox 811 2407 853 2427; x_wconf 80' lang='lat' dir='ltr'><strong>ex</strong></span> 
     </span>
     <span class='ocr_line' id='line_1_45' title="bbox 155 2445 852 2486; baseline 0.004 -11"><span class='ocrx_word' id='word_1_247' title='bbox 155 2446 319 2486; x_wconf 83' lang='lat' dir='ltr'><strong>sacrilego</strong></span> <span class='ocrx_word' id='word_1_248' title='bbox 342 2445 511 2485; x_wconf 81' lang='lat' dir='ltr'><strong>piscatore</strong></span> <span class='ocrx_word' id='word_1_249' title='bbox 535 2445 646 2477; x_wconf 80' lang='lat' dir='ltr'><strong>factus</strong></span> <span class='ocrx_word' id='word_1_250' title='bbox 671 2451 723 2477; x_wconf 90' lang='lat' dir='ltr'><strong>est</strong></span> <span class='ocrx_word' id='word_1_251' title='bbox 742 2457 852 2478; x_wconf 87' lang='lat' dir='ltr'><strong>coecus</strong></span> 
     </span>
     <span class='ocr_line' id='line_1_46' title="bbox 155 2497 853 2529; baseline 0.001 -1"><span class='ocrx_word' id='word_1_252' title='bbox 155 2497 340 2528; x_wconf 83' lang='lat' dir='ltr'><strong>mendicus.</strong></span> <span class='ocrx_word' id='word_1_253' title='bbox 385 2497 587 2528; x_wconf 74' lang='lat' dir='ltr'><strong>miraculum</strong></span> <span class='ocrx_word' id='word_1_254' title='bbox 601 2498 662 2529; x_wconf 85' lang='lat' dir='ltr'><strong>hoc</strong></span> <span class='ocrx_word' id='word_1_255' title='bbox 679 2499 747 2529; x_wconf 86' lang='lat' dir='ltr'><strong>olet</strong></span> <span class='ocrx_word' id='word_1_256' title='bbox 765 2499 853 2529; x_wconf 71' lang='lat' dir='ltr'><strong>Poe-</strong></span> 
     </span>
     <span class='ocr_line' id='line_1_47' title="bbox 155 2547 851 2588; baseline 0.003 -10"><span class='ocrx_word' id='word_1_257' title='bbox 155 2553 237 2578; x_wconf 86' lang='lat' dir='ltr'><strong>tam.</strong></span> <span class='ocrx_word' id='word_1_258' title='bbox 275 2547 373 2588; x_wconf 78' lang='lat' dir='ltr'><strong>Libys</strong></span> <span class='ocrx_word' id='word_1_259' title='bbox 386 2547 513 2587; x_wconf 77' lang='lat' dir='ltr'><strong>impius]</strong></span> <span class='ocrx_word' id='word_1_260' title='bbox 536 2548 683 2579; x_wconf 83' lang='lat' dir='ltr'><strong>Videtur</strong></span> <span class='ocrx_word' id='word_1_261' title='bbox 700 2549 761 2580; x_wconf 83' lang='lat' dir='ltr'><strong>hoc</strong></span> <span class='ocrx_word' id='word_1_262' title='bbox 775 2559 851 2580; x_wconf 81' lang='lat' dir='ltr'><strong>con-</strong></span> 
     </span>
     <span class='ocr_line' id='line_1_48' title="bbox 154 2593 853 2635; baseline 0.006 -8"><span class='ocrx_word' id='word_1_263' title='bbox 154 2593 281 2628; x_wconf 71' lang='lat' dir='ltr'><strong>firmari</strong></span> <span class='ocrx_word' id='word_1_264' title='bbox 306 2598 350 2635; x_wconf 81' lang='grc' dir='ltr'><strong>τῷ</strong></span> <span class='ocrx_word' id='word_1_265' title='bbox 372 2596 529 2628; x_wconf 83' lang='lat' dir='ltr'><strong>‘Sacris’</strong></span> <span class='ocrx_word' id='word_1_266' title='bbox 565 2602 600 2629; x_wconf 90' lang='lat' dir='ltr'><strong>et</strong></span> <span class='ocrx_word' id='word_1_267' title='bbox 632 2598 853 2631; x_wconf 84' lang='lat' dir='ltr'><strong>‘dedicatos.’</strong></span> 
     </span>
     <span class='ocr_line' id='line_1_49' title="bbox 153 2648 853 2690; baseline 0.003 -11"><span class='ocrx_word' id='word_1_268' title='bbox 153 2649 222 2680; x_wconf 86' lang='lat' dir='ltr'><strong>Sed</strong></span> <span class='ocrx_word' id='word_1_269' title='bbox 252 2658 314 2679; x_wconf 90' lang='lat' dir='ltr'><strong>nec</strong></span> <span class='ocrx_word' id='word_1_270' title='bbox 345 2648 569 2688; x_wconf 86' lang='lat' dir='ltr'><strong>spernendum</strong></span> <span class='ocrx_word' id='word_1_271' title='bbox 595 2649 769 2690; x_wconf 83' lang='lat' dir='ltr'><strong>improbus:</strong></span> <span class='ocrx_word' id='word_1_272' title='bbox 800 2655 853 2681; x_wconf 82' lang='lat' dir='ltr'><strong>est</strong></span> 
     </span>
     <span class='ocr_line' id='line_1_50' title="bbox 156 2698 850 2740; baseline 0.003 -11"><span class='ocrx_word' id='word_1_273' title='bbox 156 2699 244 2729; x_wconf 88' lang='lat' dir='ltr'><strong>euim</strong></span> <span class='ocrx_word' id='word_1_274' title='bbox 283 2698 447 2729; x_wconf 81' lang='lat' dir='ltr'><strong>scelerate</strong></span> <span class='ocrx_word' id='word_1_275' title='bbox 482 2704 518 2729; x_wconf 87' lang='lat' dir='ltr'><strong>et</strong></span> <span class='ocrx_word' id='word_1_276' title='bbox 556 2698 699 2740; x_wconf 86' lang='lat' dir='ltr'><strong>profane</strong></span> <span class='ocrx_word' id='word_1_277' title='bbox 729 2700 850 2731; x_wconf 87' lang='lat' dir='ltr'><strong>audax.</strong></span> 
     </span>
     <span class='ocr_line' id='line_1_51' title="bbox 155 2749 851 2791; baseline 0.001 -12"><span class='ocrx_word' id='word_1_278' title='bbox 155 2749 205 2779; x_wconf 85' lang='lat' dir='ltr'><strong>Ut</strong></span> <span class='ocrx_word' id='word_1_279' title='bbox 217 2753 310 2779; x_wconf 88' lang='lat' dir='ltr'><strong>recte</strong></span> <span class='ocrx_word' id='word_1_280' title='bbox 324 2749 529 2789; x_wconf 76' lang='lat' dir='ltr'><strong>appellatur,</strong></span> <span class='ocrx_word' id='word_1_281' title='bbox 539 2750 594 2791; x_wconf 91' lang='lat' dir='ltr'><strong>qui</strong></span> <span class='ocrx_word' id='word_1_282' title='bbox 605 2759 737 2782; x_wconf 86' lang='lat' dir='ltr'><strong>manum</strong></span> <span class='ocrx_word' id='word_1_283' title='bbox 749 2751 851 2782; x_wconf 78' lang='lat' dir='ltr'><strong>sacris</strong></span> 
     </span>
     <span class='ocr_line' id='line_1_52' title="bbox 159 2797 537 2830; baseline 0.003 -1"><span class='ocrx_word' id='word_1_284' title='bbox 159 2797 326 2830; x_wconf 80' lang='lat' dir='ltr'><strong>admovet.</strong></span> <span class='ocrx_word' id='word_1_285' title='bbox 353 2799 537 2830; x_wconf 73' lang='lat' dir='ltr'><strong>Gronovius.</strong></span> 
     </span>
    </p>
   </div>
   <div class='ocr_carea' id='block_1_3' title="bbox 1499 180 1611 222">
    <p class='ocr_par' dir='ltr' id='par_1_12' title="bbox 1499 180 1611 222">
     <span class='ocr_line' id='line_1_53' title="bbox 1499 180 1611 222; baseline 0.009 -1"><span class='ocrx_word' id='word_1_286' title='bbox 1499 180 1611 222; x_wconf 74' lang='lat'>1203</span> 
     </span>
    </p>
   </div>
   <div class='ocr_carea' id='block_1_4' title="bbox 899 283 1610 2842">
    <p class='ocr_par' dir='ltr' id='par_1_13' title="bbox 915 283 1609 425">
     <span class='ocr_line' id='line_1_54' title="bbox 959 283 1608 325; baseline 0.008 -13"><span class='ocrx_word' id='word_1_287' title='bbox 959 285 979 312; x_wconf 85' lang='lat'>9</span> <span class='ocrx_word' id='word_1_288' title='bbox 1002 283 1088 313; x_wconf 88' lang='lat' dir='ltr'><strong>Dum</strong></span> <span class='ocrx_word' id='word_1_289' title='bbox 1098 285 1370 324; x_wconf 76' lang='lat' dir='ltr'><strong>proedumcalumo,</strong></span> <span class='ocrx_word' id='word_1_290' title='bbox 1385 284 1454 325; x_wconf 59' lang='lat' dir='ltr'><strong>ssa]</strong></span> <span class='ocrx_word' id='word_1_291' title='bbox 1477 286 1532 317; x_wconf 84' lang='lat' dir='ltr'><strong>De</strong></span> <span class='ocrx_word' id='word_1_292' title='bbox 1544 287 1608 318; x_wconf 83' lang='lat' dir='ltr'><strong>lioc</strong></span> 
     </span>
     <span class='ocr_line' id='line_1_55' title="bbox 915 332 1609 376; baseline 0.01 -15"><span class='ocrx_word' id='word_1_293' title='bbox 915 340 1041 370; x_wconf 83' lang='lat' dir='ltr'><strong>genere</strong></span> <span class='ocrx_word' id='word_1_294' title='bbox 1055 332 1200 372; x_wconf 81' lang='lat' dir='ltr'><strong>dicendi,</strong></span> <span class='ocrx_word' id='word_1_295' title='bbox 1217 335 1293 365; x_wconf 87' lang='lat' dir='ltr'><strong>vide</strong></span> <span class='ocrx_word' id='word_1_296' title='bbox 1310 345 1383 376; x_wconf 82' lang='lat' dir='ltr'><strong>quae</strong></span> <span class='ocrx_word' id='word_1_297' title='bbox 1393 335 1537 368; x_wconf 87' lang='lat' dir='ltr'><strong>diximus</strong></span> <span class='ocrx_word' id='word_1_298' title='bbox 1550 337 1609 369; x_wconf 85' lang='lat' dir='ltr'><strong>lib.</strong></span> 
     </span>
     <span class='ocr_line' id='line_1_56' title="bbox 918 385 1149 425; baseline 0.009 -10"><span class='ocrx_word' id='word_1_299' title='bbox 918 388 945 416; x_wconf 76' lang='lat'><strong>1.</strong></span> <span class='ocrx_word' id='word_1_300' title='bbox 964 385 1081 425; x_wconf 80' lang='lat' dir='ltr'><strong>Epigr.</strong></span> <span class='ocrx_word' id='word_1_301' title='bbox 1097 390 1149 417; x_wconf 77' lang='lat'><strong>56.</strong></span> 
     </span>
    </p>

    <p class='ocr_par' dir='ltr' id='par_1_14' title="bbox 958 435 1588 477">
     <span class='ocr_line' id='line_1_57' title="bbox 958 435 1588 477; baseline 0.013 -12"><span class='ocrx_word' id='word_1_302' title='bbox 958 438 996 465; x_wconf 85' lang='lat'><strong>13</strong></span> <span class='ocrx_word' id='word_1_303' title='bbox 1020 435 1176 476; x_wconf 84' lang='lat' dir='ltr'><strong>Rogator]</strong></span> <span class='ocrx_word' id='word_1_304' title='bbox 1201 438 1381 477; x_wconf 82' lang='grc' dir='ltr'>Προσαῖτης,</span> <span class='ocrx_word' id='word_1_305' title='bbox 1402 440 1588 472; x_wconf 87' lang='lat' dir='ltr'><strong>mendicus.</strong></span> 
     </span>
    </p>

    <p class='ocr_par' dir='ltr' id='par_1_15' title="bbox 915 485 1609 569">
     <span class='ocr_line' id='line_1_58' title="bbox 957 485 1609 530; baseline 0.009 -14"><span class='ocrx_word' id='word_1_306' title='bbox 957 488 996 516; x_wconf 88' lang='lat'><strong>15</strong></span> <span class='ocrx_word' id='word_1_307' title='bbox 1020 485 1229 526; x_wconf 79' lang='lat' dir='ltr'><strong>Sz&#39;mplicibus,</strong></span> <span class='ocrx_word' id='word_1_308' title='bbox 1258 489 1326 528; x_wconf 46' lang='grc' dir='ltr'><strong>ἐξα]</strong></span> <span class='ocrx_word' id='word_1_309' title='bbox 1352 490 1429 520; x_wconf 83' lang='grc' dir='ltr'>Νοιι</span> <span class='ocrx_word' id='word_1_310' title='bbox 1454 491 1609 530; x_wconf 83' lang='lat' dir='ltr'><strong>hamatis,</strong></span> 
     </span>
     <span class='ocr_line' id='line_1_59' title="bbox 915 537 1183 569; baseline 0.011 -4"><span class='ocrx_word' id='word_1_311' title='bbox 915 545 979 566; x_wconf 90' lang='lat' dir='ltr'><strong>non</strong></span> <span class='ocrx_word' id='word_1_312' title='bbox 993 537 1183 569; x_wconf 87' lang='lat' dir='ltr'><strong>medicatis.</strong></span> 
     </span>
    </p>

    <p class='ocr_par' dir='ltr' id='par_1_16' title="bbox 914 587 1610 718">
     <span class='ocr_line' id='line_1_60' title="bbox 960 587 1610 632; baseline 0.009 -15"><span class='ocrx_word' id='word_1_313' title='bbox 960 589 998 617; x_wconf 85' lang='lat'><strong>16</strong></span> <span class='ocrx_word' id='word_1_314' title='bbox 1021 587 1204 628; x_wconf 57' lang='lat' dir='ltr'><strong>Dedit-atos]</strong></span> <span class='ocrx_word' id='word_1_315' title='bbox 1243 590 1290 620; x_wconf 91' lang='lat' dir='ltr'><strong>Ut</strong></span> <span class='ocrx_word' id='word_1_316' title='bbox 1319 599 1405 621; x_wconf 77' lang='lat' dir='ltr'><strong>vers.</strong></span> <span class='ocrx_word' id='word_1_317' title='bbox 1436 595 1467 622; x_wconf 82' lang='lat'><strong>3.</strong></span> <span class='ocrx_word' id='word_1_318' title='bbox 1495 601 1610 632; x_wconf 86' lang='lat' dir='ltr'><strong>supra.</strong></span> 
     </span>
     <span class='ocr_line' id='line_1_61' title="bbox 915 636 1608 679; baseline 0.009 -12"><span class='ocrx_word' id='word_1_319' title='bbox 915 636 1144 679; x_wconf 86' lang='lat' dir='ltr'><strong>‘Dedicatos,&#39;</strong></span> <span class='ocrx_word' id='word_1_320' title='bbox 1166 639 1199 669; x_wconf 85' lang='lat' dir='ltr'><strong>id</strong></span> <span class='ocrx_word' id='word_1_321' title='bbox 1223 644 1288 679; x_wconf 86' lang='lat' dir='ltr'><strong>est,</strong></span> <span class='ocrx_word' id='word_1_322' title='bbox 1311 646 1525 673; x_wconf 87' lang='lat' dir='ltr'><strong>consecratos</strong></span> <span class='ocrx_word' id='word_1_323' title='bbox 1541 643 1608 673; x_wconf 91' lang='lat' dir='ltr'><strong>Do-</strong></span> 
     </span>
     <span class='ocr_line' id='line_1_62' title="bbox 914 686 1063 718; baseline 0.013 -2"><span class='ocrx_word' id='word_1_324' title='bbox 914 686 1063 718; x_wconf 80' lang='lat' dir='ltr'><strong>niitiano.</strong></span> 
     </span>
    </p>

    <p class='ocr_par' dir='ltr' id='par_1_17' title="bbox 911 738 1608 972">
     <span class='ocr_line' id='line_1_63' title="bbox 954 738 1606 781; baseline 0.006 -13"><span class='ocrx_word' id='word_1_325' title='bbox 954 738 1057 770; x_wconf 72' lang='lat' dir='ltr'><strong>Epic.</strong></span> <span class='ocrx_word' id='word_1_326' title='bbox 1072 747 1176 770; x_wconf 74' lang='lat' dir='ltr'><strong>xxxi.</strong></span> <span class='ocrx_word' id='word_1_327' title='bbox 1200 742 1215 770; x_wconf 94' lang='lat'>1</span> <span class='ocrx_word' id='word_1_328' title='bbox 1237 741 1324 775; x_wconf 75' lang='lat' dir='ltr'><strong>Quod</strong></span> <span class='ocrx_word' id='word_1_329' title='bbox 1341 741 1439 781; x_wconf 73' lang='lat' dir='ltr'><strong>cupis,</strong></span> <span class='ocrx_word' id='word_1_330' title='bbox 1453 741 1522 781; x_wconf 55' lang='lat' dir='ltr'><strong>tiu]</strong></span> <span class='ocrx_word' id='word_1_331' title='bbox 1541 741 1606 772; x_wconf 83' lang='lat' dir='ltr'><strong>Re—</strong></span> 
     </span>
     <span class='ocr_line' id='line_1_64' title="bbox 912 789 1608 834; baseline 0.009 -15"><span class='ocrx_word' id='word_1_332' title='bbox 912 789 1060 829; x_wconf 75' lang='lat' dir='ltr'><strong>spondet</strong></span> <span class='ocrx_word' id='word_1_333' title='bbox 1084 790 1314 831; x_wconf 82' lang='lat' dir='ltr'><strong>Hippodamo,</strong></span> <span class='ocrx_word' id='word_1_334' title='bbox 1341 793 1398 834; x_wconf 89' lang='lat' dir='ltr'><strong>qui</strong></span> <span class='ocrx_word' id='word_1_335' title='bbox 1417 793 1565 832; x_wconf 88' lang='lat' dir='ltr'><strong>petierat</strong></span> <span class='ocrx_word' id='word_1_336' title='bbox 1588 803 1608 824; x_wconf 79' lang='lat' dir='ltr'><strong>a</strong></span> 
     </span>
     <span class='ocr_line' id='line_1_65' title="bbox 912 839 1607 884; baseline 0.009 -15"><span class='ocrx_word' id='word_1_337' title='bbox 912 839 1085 879; x_wconf 67' lang='lat' dir='ltr'><strong>Martiale,</strong></span> <span class='ocrx_word' id='word_1_338' title='bbox 1110 847 1148 872; x_wconf 89' lang='lat' dir='ltr'><strong>ut</strong></span> <span class='ocrx_word' id='word_1_339' title='bbox 1173 851 1292 873; x_wconf 90' lang='lat' dir='ltr'><strong>nomen</strong></span> <span class='ocrx_word' id='word_1_340' title='bbox 1309 853 1402 874; x_wconf 88' lang='lat' dir='ltr'><strong>snum</strong></span> <span class='ocrx_word' id='word_1_341' title='bbox 1417 844 1552 884; x_wconf 87' lang='lat' dir='ltr'><strong>scriptis</strong></span> <span class='ocrx_word' id='word_1_342' title='bbox 1570 845 1607 875; x_wconf 84' lang='lat' dir='ltr'><strong>il-</strong></span> 
     </span>
     <span class='ocr_line' id='line_1_66' title="bbox 911 890 1606 932; baseline 0.009 -13"><span class='ocrx_word' id='word_1_343' title='bbox 911 890 1087 929; x_wconf 83' lang='lat' dir='ltr'><strong>lustraret,</strong></span> <span class='ocrx_word' id='word_1_344' title='bbox 1117 892 1255 932; x_wconf 87' lang='lat' dir='ltr'><strong>quodid</strong></span> <span class='ocrx_word' id='word_1_345' title='bbox 1280 893 1343 924; x_wconf 91' lang='lat' dir='ltr'><strong>sibi</strong></span> <span class='ocrx_word' id='word_1_346' title='bbox 1364 893 1500 924; x_wconf 81' lang='lat' dir='ltr'><strong>lionoris</strong></span> <span class='ocrx_word' id='word_1_347' title='bbox 1519 894 1606 925; x_wconf 87' lang='lat' dir='ltr'><strong>arbi-</strong></span> 
     </span>
     <span class='ocr_line' id='line_1_67' title="bbox 914 941 1192 972; baseline 0.011 -3"><span class='ocrx_word' id='word_1_348' title='bbox 914 943 1073 971; x_wconf 86' lang='lat' dir='ltr'><strong>traretur.</strong></span> <span class='ocrx_word' id='word_1_349' title='bbox 1100 941 1192 972; x_wconf 80' lang='lat' dir='ltr'><strong>Ram.</strong></span> 
     </span>
    </p>

    <p class='ocr_par' dir='ltr' id='par_1_18' title="bbox 908 990 1607 1172">
     <span class='ocr_line' id='line_1_68' title="bbox 952 990 1605 1033; baseline 0.009 -14"><span class='ocrx_word' id='word_1_350' title='bbox 952 991 971 1019; x_wconf 84' lang='lat'><strong>3</strong></span> <span class='ocrx_word' id='word_1_351' title='bbox 999 990 1047 1020; x_wconf 80' lang='lat' dir='ltr'><strong>Ne</strong></span> <span class='ocrx_word' id='word_1_352' title='bbox 1059 991 1191 1030; x_wconf 76' lang='lat' dir='ltr'><strong>valeam]</strong></span> <span class='ocrx_word' id='word_1_353' title='bbox 1214 991 1270 1022; x_wconf 88' lang='lat' dir='ltr'><strong>De</strong></span> <span class='ocrx_word' id='word_1_354' title='bbox 1286 992 1335 1022; x_wconf 82' lang='lat' dir='ltr'><strong>his</strong></span> <span class='ocrx_word' id='word_1_355' title='bbox 1348 991 1512 1033; x_wconf 84' lang='lat' dir='ltr'><strong>formulis,</strong></span> <span class='ocrx_word' id='word_1_356' title='bbox 1527 994 1536 1012; x_wconf 89' lang='lat'>‘</span> <span class='ocrx_word' id='word_1_357' title='bbox 1550 994 1605 1025; x_wconf 89' lang='lat' dir='ltr'><strong>Ne</strong></span> 
     </span>
     <span class='ocr_line' id='line_1_69' title="bbox 911 1039 1606 1082; baseline 0.01 -13"><span class='ocrx_word' id='word_1_358' title='bbox 911 1039 1063 1077; x_wconf 88' lang='lat' dir='ltr'><strong>valeam,&#39;</strong></span> <span class='ocrx_word' id='word_1_359' title='bbox 1079 1045 1113 1071; x_wconf 82' lang='lat' dir='ltr'><strong>et</strong></span> <span class='ocrx_word' id='word_1_360' title='bbox 1140 1042 1149 1057; x_wconf 92' lang='lat'>‘</span> <span class='ocrx_word' id='word_1_361' title='bbox 1162 1041 1384 1082; x_wconf 78' lang='lat' dir='ltr'><strong>Disperc-ani,&#39;</strong></span> <span class='ocrx_word' id='word_1_362' title='bbox 1409 1043 1536 1075; x_wconf 84' lang='lat' dir='ltr'><strong>dictum</strong></span> <span class='ocrx_word' id='word_1_363' title='bbox 1554 1054 1606 1075; x_wconf 84' lang='lat' dir='ltr'><strong>su-</strong></span> 
     </span>
     <span class='ocr_line' id='line_1_70' title="bbox 910 1091 1607 1135; baseline 0.009 -15"><span class='ocrx_word' id='word_1_364' title='bbox 910 1099 971 1129; x_wconf 87' lang='lat' dir='ltr'><strong>pra</strong></span> <span class='ocrx_word' id='word_1_365' title='bbox 986 1091 1040 1122; x_wconf 90' lang='lat' dir='ltr'><strong>lib.</strong></span> <span class='ocrx_word' id='word_1_366' title='bbox 1060 1095 1090 1122; x_wconf 93' lang='lat' dir='ltr'><strong>l.</strong></span> <span class='ocrx_word' id='word_1_367' title='bbox 1110 1092 1227 1133; x_wconf 82' lang='lat' dir='ltr'><strong>Epigr.</strong></span> <span class='ocrx_word' id='word_1_368' title='bbox 1241 1095 1296 1124; x_wconf 71' lang='lat'><strong>40.</strong></span> <span class='ocrx_word' id='word_1_369' title='bbox 1310 1099 1345 1124; x_wconf 88' lang='lat' dir='ltr'><strong>et</strong></span> <span class='ocrx_word' id='word_1_370' title='bbox 1361 1095 1476 1135; x_wconf 85' lang='lat' dir='ltr'><strong>Epigr.</strong></span> <span class='ocrx_word' id='word_1_371' title='bbox 1495 1099 1524 1126; x_wconf 88' lang='lat'><strong>5.</strong></span> <span class='ocrx_word' id='word_1_372' title='bbox 1547 1095 1607 1127; x_wconf 86' lang='lat' dir='ltr'><strong>lib.</strong></span> 
     </span>
     <span class='ocr_line' id='line_1_71' title="bbox 908 1141 1095 1172; baseline 0.016 -3"><span class='ocrx_word' id='word_1_373' title='bbox 908 1141 940 1170; x_wconf 76' lang='lat'><strong>2.</strong></span> <span class='ocrx_word' id='word_1_374' title='bbox 960 1149 1047 1171; x_wconf 67' lang='lat' dir='ltr'><strong>vers.</strong></span> <span class='ocrx_word' id='word_1_375' title='bbox 1065 1144 1095 1172; x_wconf 91' lang='lat'><strong>1.</strong></span> 
     </span>
    </p>

    <p class='ocr_par' dir='ltr' id='par_1_19' title="bbox 901 1191 1607 2177">
     <span class='ocr_line' id='line_1_72' title="bbox 951 1191 1607 1233; baseline 0.008 -13"><span class='ocrx_word' id='word_1_376' title='bbox 951 1194 969 1220; x_wconf 83' lang='lat'>5</span> <span class='ocrx_word' id='word_1_377' title='bbox 999 1191 1113 1221; x_wconf 70' lang='lat' dir='ltr'><strong>Averso</strong></span> <span class='ocrx_word' id='word_1_378' title='bbox 1121 1191 1212 1229; x_wconf 76' lang='lat' dir='ltr'><strong>fonte</strong></span> <span class='ocrx_word' id='word_1_379' title='bbox 1222 1193 1375 1233; x_wconf 81' lang='lat' dir='ltr'><strong>sororum]</strong></span> <span class='ocrx_word' id='word_1_380' title='bbox 1399 1194 1498 1226; x_wconf 83' lang='lat' dir='ltr'><strong>Quod</strong></span> <span class='ocrx_word' id='word_1_381' title='bbox 1514 1204 1607 1225; x_wconf 79' lang='lat' dir='ltr'><strong>aver-</strong></span> 
     </span>
     <span class='ocr_line' id='line_1_73' title="bbox 909 1241 1605 1283; baseline 0.01 -14"><span class='ocrx_word' id='word_1_382' title='bbox 909 1244 1028 1270; x_wconf 86' lang='lat' dir='ltr'><strong>santur</strong></span> <span class='ocrx_word' id='word_1_383' title='bbox 1044 1241 1285 1283; x_wconf 78' lang='lat' dir='ltr'><strong>Musae,neque</strong></span> <span class='ocrx_word' id='word_1_384' title='bbox 1299 1243 1398 1275; x_wconf 82' lang='lat' dir='ltr'><strong>facile</strong></span> <span class='ocrx_word' id='word_1_385' title='bbox 1415 1245 1447 1275; x_wconf 90' lang='lat' dir='ltr'><strong>in</strong></span> <span class='ocrx_word' id='word_1_386' title='bbox 1473 1256 1605 1276; x_wconf 87' lang='lat' dir='ltr'><strong>versum</strong></span> 
     </span>
     <span class='ocr_line' id='line_1_74' title="bbox 908 1289 1606 1336; baseline 0.01 -17"><span class='ocrx_word' id='word_1_387' title='bbox 908 1289 1091 1322; x_wconf 81' lang='lat' dir='ltr'><strong>admittant</strong></span> <span class='ocrx_word' id='word_1_388' title='bbox 1117 1298 1259 1332; x_wconf 85' lang='lat' dir='ltr'><strong>propter</strong></span> <span class='ocrx_word' id='word_1_389' title='bbox 1288 1299 1505 1325; x_wconf 75' lang='lat' dir='ltr'><strong>contumaces</strong></span> <span class='ocrx_word' id='word_1_390' title='bbox 1536 1297 1606 1336; x_wconf 85' lang='lat' dir='ltr'><strong>ejus</strong></span> 
     </span>
     <span class='ocr_line' id='line_1_75' title="bbox 908 1340 1606 1383; baseline 0.01 -13"><span class='ocrx_word' id='word_1_391' title='bbox 908 1340 1064 1380; x_wconf 83' lang='lat' dir='ltr'><strong>syllabas.</strong></span> <span class='ocrx_word' id='word_1_392' title='bbox 1108 1343 1173 1373; x_wconf 79' lang='lat' dir='ltr'><strong>Vel</strong></span> <span class='ocrx_word' id='word_1_393' title='bbox 1189 1343 1314 1383; x_wconf 89' lang='lat' dir='ltr'><strong>potius,</strong></span> <span class='ocrx_word' id='word_1_394' title='bbox 1342 1349 1378 1375; x_wconf 91' lang='lat' dir='ltr'><strong>ut</strong></span> <span class='ocrx_word' id='word_1_395' title='bbox 1395 1345 1606 1377; x_wconf 82' lang='lat' dir='ltr'><strong>Musamber-</strong></span> 
     </span>
     <span class='ocr_line' id='line_1_76' title="bbox 908 1392 1606 1436; baseline 0.011 -16"><span class='ocrx_word' id='word_1_396' title='bbox 908 1392 975 1421; x_wconf 89' lang='lat' dir='ltr'><strong>tius</strong></span> <span class='ocrx_word' id='word_1_397' title='bbox 994 1392 1076 1431; x_wconf 87' lang='lat' dir='ltr'><strong>vult,</strong></span> <span class='ocrx_word' id='word_1_398' title='bbox 1090 1392 1152 1424; x_wconf 88' lang='lat' dir='ltr'><strong>hoc</strong></span> <span class='ocrx_word' id='word_1_399' title='bbox 1176 1403 1295 1424; x_wconf 89' lang='lat' dir='ltr'><strong>nomen</strong></span> <span class='ocrx_word' id='word_1_400' title='bbox 1312 1395 1419 1426; x_wconf 87' lang='lat' dir='ltr'><strong>Musis</strong></span> <span class='ocrx_word' id='word_1_401' title='bbox 1436 1395 1606 1436; x_wconf 84' lang='lat' dir='ltr'><strong>ingratum</strong></span> 
     </span>
     <span class='ocr_line' id='line_1_77' title="bbox 908 1441 1607 1483; baseline 0.01 -13"><span class='ocrx_word' id='word_1_402' title='bbox 908 1450 994 1480; x_wconf 81' lang='lat' dir='ltr'><strong>esse,</strong></span> <span class='ocrx_word' id='word_1_403' title='bbox 1019 1441 1108 1482; x_wconf 90' lang='lat' dir='ltr'><strong>quod</strong></span> <span class='ocrx_word' id='word_1_404' title='bbox 1133 1444 1255 1483; x_wconf 81' lang='lat' dir='ltr'><strong>pugnis</strong></span> <span class='ocrx_word' id='word_1_405' title='bbox 1287 1454 1325 1476; x_wconf 89' lang='lat' dir='ltr'><strong>ac</strong></span> <span class='ocrx_word' id='word_1_406' title='bbox 1365 1445 1454 1476; x_wconf 90' lang='lat' dir='ltr'><strong>bello</strong></span> <span class='ocrx_word' id='word_1_407' title='bbox 1483 1456 1607 1477; x_wconf 89' lang='lat' dir='ltr'><strong>conve-</strong></span> 
     </span>
     <span class='ocr_line' id='line_1_78' title="bbox 908 1490 1606 1537; baseline 0.01 -17"><span class='ocrx_word' id='word_1_408' title='bbox 908 1490 1055 1521; x_wconf 83' lang='lat' dir='ltr'><strong>nientius</strong></span> <span class='ocrx_word' id='word_1_409' title='bbox 1093 1501 1216 1523; x_wconf 88' lang='lat' dir='ltr'><strong>nomen</strong></span> <span class='ocrx_word' id='word_1_410' title='bbox 1254 1493 1477 1535; x_wconf 86' lang='lat' dir='ltr'><strong>Hippodami,</strong></span> <span class='ocrx_word' id='word_1_411' title='bbox 1506 1507 1606 1537; x_wconf 87' lang='lat' dir='ltr'><strong>quam</strong></span> 
     </span>
     <span class='ocr_line' id='line_1_79' title="bbox 906 1539 1606 1582; baseline 0.013 -12"><span class='ocrx_word' id='word_1_412' title='bbox 906 1539 1056 1581; x_wconf 88' lang='lat' dir='ltr'><strong>Apollini</strong></span> <span class='ocrx_word' id='word_1_413' title='bbox 1084 1546 1119 1573; x_wconf 89' lang='lat' dir='ltr'><strong>et</strong></span> <span class='ocrx_word' id='word_1_414' title='bbox 1145 1543 1271 1582; x_wconf 84' lang='lat' dir='ltr'><strong>Musis;</strong></span> <span class='ocrx_word' id='word_1_415' title='bbox 1310 1545 1381 1577; x_wconf 89' lang='lat' dir='ltr'><strong>sive</strong></span> <span class='ocrx_word' id='word_1_416' title='bbox 1406 1547 1513 1578; x_wconf 87' lang='lat' dir='ltr'><strong>Musis</strong></span> <span class='ocrx_word' id='word_1_417' title='bbox 1537 1557 1606 1579; x_wconf 89' lang='lat' dir='ltr'><strong>non</strong></span> 
     </span>
     <span class='ocr_line' id='line_1_80' title="bbox 907 1593 1605 1638; baseline 0.013 -18"><span class='ocrx_word' id='word_1_418' title='bbox 907 1600 1040 1631; x_wconf 82' lang='lat' dir='ltr'><strong>semper</strong></span> <span class='ocrx_word' id='word_1_419' title='bbox 1055 1597 1188 1631; x_wconf 86' lang='lat' dir='ltr'><strong>gratum</strong></span> <span class='ocrx_word' id='word_1_420' title='bbox 1213 1593 1247 1624; x_wconf 90' lang='lat' dir='ltr'><strong>id</strong></span> <span class='ocrx_word' id='word_1_421' title='bbox 1274 1600 1522 1638; x_wconf 77' lang='lat' dir='ltr'><strong>acceptumque</strong></span> <span class='ocrx_word' id='word_1_422' title='bbox 1546 1608 1605 1629; x_wconf 90' lang='lat' dir='ltr'><strong>no-</strong></span> 
     </span>
     <span class='ocr_line' id='line_1_81' title="bbox 907 1642 1603 1686; baseline 0.013 -15"><span class='ocrx_word' id='word_1_423' title='bbox 907 1651 993 1681; x_wconf 86' lang='lat' dir='ltr'><strong>men,</strong></span> <span class='ocrx_word' id='word_1_424' title='bbox 1009 1642 1069 1672; x_wconf 89' lang='lat' dir='ltr'><strong>sed</strong></span> <span class='ocrx_word' id='word_1_425' title='bbox 1096 1648 1178 1674; x_wconf 89' lang='lat' dir='ltr'><strong>tunc</strong></span> <span class='ocrx_word' id='word_1_426' title='bbox 1205 1643 1296 1676; x_wconf 88' lang='lat' dir='ltr'><strong>forte</strong></span> <span class='ocrx_word' id='word_1_427' title='bbox 1320 1655 1421 1686; x_wconf 90' lang='lat' dir='ltr'><strong>quum</strong></span> <span class='ocrx_word' id='word_1_428' title='bbox 1439 1657 1532 1678; x_wconf 86' lang='lat' dir='ltr'><strong>arma</strong></span> <span class='ocrx_word' id='word_1_429' title='bbox 1548 1658 1603 1680; x_wconf 88' lang='lat' dir='ltr'><strong>ca—</strong></span> 
     </span>
     <span class='ocr_line' id='line_1_82' title="bbox 905 1693 1603 1737; baseline 0.011 -16"><span class='ocrx_word' id='word_1_430' title='bbox 905 1697 1002 1722; x_wconf 86' lang='lat' dir='ltr'><strong>nunt.</strong></span> <span class='ocrx_word' id='word_1_431' title='bbox 1049 1693 1139 1732; x_wconf 87' lang='lat' dir='ltr'><strong>Ergo</strong></span> <span class='ocrx_word' id='word_1_432' title='bbox 1155 1703 1216 1724; x_wconf 81' lang='lat' dir='ltr'><strong>nec</strong></span> <span class='ocrx_word' id='word_1_433' title='bbox 1243 1695 1407 1734; x_wconf 84' lang='lat' dir='ltr'><strong>Martiali,</strong></span> <span class='ocrx_word' id='word_1_434' title='bbox 1431 1697 1488 1737; x_wconf 82' lang='lat' dir='ltr'><strong>qui</strong></span> <span class='ocrx_word' id='word_1_435' title='bbox 1513 1703 1603 1729; x_wconf 88' lang='lat' dir='ltr'><strong>totus</strong></span> 
     </span>
     <span class='ocr_line' id='line_1_83' title="bbox 906 1742 1606 1787; baseline 0.011 -16"><span class='ocrx_word' id='word_1_436' title='bbox 906 1742 938 1771; x_wconf 87' lang='lat' dir='ltr'><strong>in</strong></span> <span class='ocrx_word' id='word_1_437' title='bbox 955 1742 1050 1782; x_wconf 79' lang='lat' dir='ltr'><strong>nugis</strong></span> <span class='ocrx_word' id='word_1_438' title='bbox 1071 1748 1107 1774; x_wconf 87' lang='lat' dir='ltr'><strong>et</strong></span> <span class='ocrx_word' id='word_1_439' title='bbox 1128 1744 1216 1784; x_wconf 87' lang='lat' dir='ltr'><strong>jocis</strong></span> <span class='ocrx_word' id='word_1_440' title='bbox 1243 1749 1279 1775; x_wconf 85' lang='lat' dir='ltr'><strong>et</strong></span> <span class='ocrx_word' id='word_1_441' title='bbox 1304 1745 1449 1777; x_wconf 75' lang='lat' dir='ltr'><strong>Veneris</strong></span> <span class='ocrx_word' id='word_1_442' title='bbox 1474 1748 1606 1787; x_wconf 71' lang='lat' dir='ltr'><strong>praelio,</strong></span> 
     </span>
     <span class='ocr_line' id='line_1_84' title="bbox 907 1792 1605 1833; baseline 0.01 -12"><span class='ocrx_word' id='word_1_443' title='bbox 907 1792 961 1822; x_wconf 90' lang='lat' dir='ltr'><strong>vix</strong></span> <span class='ocrx_word' id='word_1_444' title='bbox 976 1798 1033 1823; x_wconf 86' lang='lat' dir='ltr'><strong>aut</strong></span> <span class='ocrx_word' id='word_1_445' title='bbox 1056 1802 1098 1823; x_wconf 81' lang='lat' dir='ltr'><strong>ne</strong></span> <span class='ocrx_word' id='word_1_446' title='bbox 1117 1793 1172 1822; x_wconf 87' lang='lat' dir='ltr'><strong>vix</strong></span> <span class='ocrx_word' id='word_1_447' title='bbox 1196 1793 1330 1833; x_wconf 87' lang='lat' dir='ltr'><strong>quidem</strong></span> <span class='ocrx_word' id='word_1_448' title='bbox 1358 1802 1493 1833; x_wconf 84' lang='lat' dir='ltr'><strong>gratum</strong></span> <span class='ocrx_word' id='word_1_449' title='bbox 1523 1798 1605 1828; x_wconf 87' lang='lat' dir='ltr'><strong>illud</strong></span> 
     </span>
     <span class='ocr_line' id='line_1_85' title="bbox 905 1844 1605 1885; baseline 0.01 -13"><span class='ocrx_word' id='word_1_450' title='bbox 905 1852 1037 1873; x_wconf 86' lang='lat' dir='ltr'><strong>nomen.</strong></span> <span class='ocrx_word' id='word_1_451' title='bbox 1060 1844 1105 1874; x_wconf 92' lang='lat' dir='ltr'><strong>Et</strong></span> <span class='ocrx_word' id='word_1_452' title='bbox 1117 1853 1180 1884; x_wconf 86' lang='lat' dir='ltr'><strong>pro</strong></span> <span class='ocrx_word' id='word_1_453' title='bbox 1192 1845 1407 1885; x_wconf 78' lang='lat' dir='ltr'><strong>aversosonte,</strong></span> <span class='ocrx_word' id='word_1_454' title='bbox 1416 1846 1605 1879; x_wconf 87' lang='lat' dir='ltr'><strong>Scriverius</strong></span> 
     </span>
     <span class='ocr_line' id='line_1_86' title="bbox 906 1894 1605 1938; baseline 0.009 -14"><span class='ocrx_word' id='word_1_455' title='bbox 906 1894 971 1935; x_wconf 82' lang='lat' dir='ltr'><strong>leg.</strong></span> <span class='ocrx_word' id='word_1_456' title='bbox 987 1895 1216 1933; x_wconf 76' lang='lat' dir='ltr'><strong>aversafronte.</strong></span> <span class='ocrx_word' id='word_1_457' title='bbox 1261 1896 1344 1927; x_wconf 86' lang='lat' dir='ltr'><strong>Tum</strong></span> <span class='ocrx_word' id='word_1_458' title='bbox 1362 1900 1370 1915; x_wconf 91' lang='lat'>‘</span> <span class='ocrx_word' id='word_1_459' title='bbox 1381 1897 1581 1938; x_wconf 88' lang='lat' dir='ltr'><strong>Impositum</strong></span> <span class='ocrx_word' id='word_1_460' title='bbox 1598 1901 1605 1912; x_wconf 87' lang='lat'>’</span> 
     </span>
     <span class='ocr_line' id='line_1_87' title="bbox 904 1944 1603 1987; baseline 0.01 -13"><span class='ocrx_word' id='word_1_461' title='bbox 904 1944 1007 1983; x_wconf 81' lang='lat' dir='ltr'><strong>dicit3</strong></span> <span class='ocrx_word' id='word_1_462' title='bbox 1044 1945 1130 1976; x_wconf 87' lang='lat' dir='ltr'><strong>alter</strong></span> <span class='ocrx_word' id='word_1_463' title='bbox 1156 1946 1246 1977; x_wconf 86' lang='lat' dir='ltr'><strong>enim</strong></span> <span class='ocrx_word' id='word_1_464' title='bbox 1275 1953 1451 1987; x_wconf 86' lang='lat' dir='ltr'><strong>parentum</strong></span> <span class='ocrx_word' id='word_1_465' title='bbox 1478 1959 1603 1981; x_wconf 86' lang='lat' dir='ltr'><strong>nomeu</strong></span> 
     </span>
     <span class='ocr_line' id='line_1_88' title="bbox 904 1993 1602 2040; baseline 0.009 -15"><span class='ocrx_word' id='word_1_466' title='bbox 904 1993 1025 2026; x_wconf 87' lang='lat' dir='ltr'><strong>infanti</strong></span> <span class='ocrx_word' id='word_1_467' title='bbox 1050 1995 1258 2036; x_wconf 86' lang='lat' dir='ltr'><strong>imponebat.</strong></span> <span class='ocrx_word' id='word_1_468' title='bbox 1305 1997 1517 2040; x_wconf 82' lang='lat' dir='ltr'><strong>Quandoque</strong></span> <span class='ocrx_word' id='word_1_469' title='bbox 1544 1999 1602 2031; x_wconf 89' lang='lat' dir='ltr'><strong>ho-</strong></span> 
     </span>
     <span class='ocr_line' id='line_1_89' title="bbox 902 2045 1604 2086; baseline 0.01 -11"><span class='ocrx_word' id='word_1_470' title='bbox 902 2045 990 2076; x_wconf 85' lang='lat' dir='ltr'><strong>noris</strong></span> <span class='ocrx_word' id='word_1_471' title='bbox 1005 2046 1117 2086; x_wconf 86' lang='lat' dir='ltr'><strong>gratia</strong></span> <span class='ocrx_word' id='word_1_472' title='bbox 1133 2046 1235 2078; x_wconf 88' lang='lat' dir='ltr'><strong>alicui</strong></span> <span class='ocrx_word' id='word_1_473' title='bbox 1250 2057 1293 2078; x_wconf 87' lang='lat' dir='ltr'><strong>ex</strong></span> <span class='ocrx_word' id='word_1_474' title='bbox 1317 2049 1433 2079; x_wconf 84' lang='lat' dir='ltr'><strong>amicis</strong></span> <span class='ocrx_word' id='word_1_475' title='bbox 1459 2050 1604 2082; x_wconf 86' lang='lat' dir='ltr'><strong>nominis</strong></span> 
     </span>
     <span class='ocr_line' id='line_1_90' title="bbox 901 2096 1603 2137; baseline 0.006 -11"><span class='ocrx_word' id='word_1_476' title='bbox 901 2096 1097 2136; x_wconf 85' lang='lat' dir='ltr'><strong>imponendi</strong></span> <span class='ocrx_word' id='word_1_477' title='bbox 1141 2096 1293 2137; x_wconf 83' lang='lat' dir='ltr'><strong>dignatio</strong></span> <span class='ocrx_word' id='word_1_478' title='bbox 1339 2099 1603 2132; x_wconf 81' lang='lat' dir='ltr'><strong>concedebatur.</strong></span> 
     </span>
     <span class='ocr_line' id='line_1_91' title="bbox 902 2146 1036 2177; baseline -0.015 -1"><span class='ocrx_word' id='word_1_479' title='bbox 902 2146 1036 2177; x_wconf 80' lang='lat' dir='ltr'><strong>Heruld.</strong></span> 
     </span>
    </p>

    <p class='ocr_par' dir='ltr' id='par_1_20' title="bbox 899 2197 1602 2730">
     <span class='ocr_line' id='line_1_92' title="bbox 942 2197 1602 2240; baseline 0.008 -13"><span class='ocrx_word' id='word_1_480' title='bbox 942 2200 961 2227; x_wconf 87' lang='lat'><strong>7</strong></span> <span class='ocrx_word' id='word_1_481' title='bbox 989 2197 1077 2232; x_wconf 76' lang='lat' dir='ltr'><strong>Quod</strong></span> <span class='ocrx_word' id='word_1_482' title='bbox 1105 2207 1159 2228; x_wconf 78' lang='lat' dir='ltr'><strong>nec</strong></span> <span class='ocrx_word' id='word_1_483' title='bbox 1184 2198 1404 2239; x_wconf 79' lang='lat' dir='ltr'><strong>Polyhymnia,</strong></span> <span class='ocrx_word' id='word_1_484' title='bbox 1432 2199 1502 2240; x_wconf 54' lang='lat' dir='ltr'><strong>fixa]</strong></span> <span class='ocrx_word' id='word_1_485' title='bbox 1526 2200 1602 2231; x_wconf 88' lang='lat' dir='ltr'><strong>Ele-</strong></span> 
     </span>
     <span class='ocr_line' id='line_1_93' title="bbox 901 2246 1602 2289; baseline 0.007 -13"><span class='ocrx_word' id='word_1_486' title='bbox 901 2246 996 2286; x_wconf 82' lang='lat' dir='ltr'><strong>giaco</strong></span> <span class='ocrx_word' id='word_1_487' title='bbox 1009 2256 1106 2276; x_wconf 87' lang='lat' dir='ltr'><strong>versu</strong></span> <span class='ocrx_word' id='word_1_488' title='bbox 1123 2247 1238 2278; x_wconf 86' lang='lat' dir='ltr'><strong>dicere</strong></span> <span class='ocrx_word' id='word_1_489' title='bbox 1254 2248 1310 2278; x_wconf 85' lang='lat' dir='ltr'><strong>vix</strong></span> <span class='ocrx_word' id='word_1_490' title='bbox 1327 2254 1394 2288; x_wconf 86' lang='lat' dir='ltr'><strong>est,</strong></span> <span class='ocrx_word' id='word_1_491' title='bbox 1407 2249 1460 2280; x_wconf 91' lang='lat' dir='ltr'><strong>cui</strong></span> <span class='ocrx_word' id='word_1_492' title='bbox 1474 2255 1602 2289; x_wconf 80' lang='lat' dir='ltr'><strong>praeest</strong></span> 
     </span>
     <span class='ocr_line' id='line_1_94' title="bbox 901 2297 1599 2340; baseline 0.007 -14"><span class='ocrx_word' id='word_1_493' title='bbox 901 2297 1138 2336; x_wconf 84' lang='lat' dir='ltr'><strong>Melpomene:</strong></span> <span class='ocrx_word' id='word_1_494' title='bbox 1155 2306 1217 2328; x_wconf 89' lang='lat' dir='ltr'><strong>nec</strong></span> <span class='ocrx_word' id='word_1_495' title='bbox 1225 2298 1362 2338; x_wconf 87' lang='lat' dir='ltr'><strong>Lyrico,</strong></span> <span class='ocrx_word' id='word_1_496' title='bbox 1371 2299 1426 2339; x_wconf 94' lang='lat' dir='ltr'><strong>qui</strong></span> <span class='ocrx_word' id='word_1_497' title='bbox 1437 2304 1490 2330; x_wconf 88' lang='lat' dir='ltr'><strong>est</strong></span> <span class='ocrx_word' id='word_1_498' title='bbox 1498 2299 1599 2340; x_wconf 89' lang='lat' dir='ltr'><strong>Poly-</strong></span> 
     </span>
     <span class='ocr_line' id='line_1_95' title="bbox 899 2347 1596 2388; baseline 0.006 -12"><span class='ocrx_word' id='word_1_499' title='bbox 899 2347 1060 2386; x_wconf 78' lang='lat' dir='ltr'><strong>hymniae:</strong></span> <span class='ocrx_word' id='word_1_500' title='bbox 1086 2355 1148 2377; x_wconf 88' lang='lat' dir='ltr'><strong>nec</strong></span> <span class='ocrx_word' id='word_1_501' title='bbox 1161 2347 1311 2378; x_wconf 88' lang='lat' dir='ltr'><strong>Heroico</strong></span> <span class='ocrx_word' id='word_1_502' title='bbox 1326 2348 1380 2379; x_wconf 89' lang='lat' dir='ltr'><strong>vel</strong></span> <span class='ocrx_word' id='word_1_503' title='bbox 1399 2348 1596 2388; x_wconf 84' lang='lat' dir='ltr'><strong>Dithyram-</strong></span> 
     </span>
     <span class='ocr_line' id='line_1_96' title="bbox 900 2396 1600 2438; baseline 0.006 -11"><span class='ocrx_word' id='word_1_504' title='bbox 900 2397 988 2437; x_wconf 85' lang='lat' dir='ltr'><strong>bico,</strong></span> <span class='ocrx_word' id='word_1_505' title='bbox 1016 2407 1082 2438; x_wconf 87' lang='lat' dir='ltr'><strong>quo</strong></span> <span class='ocrx_word' id='word_1_506' title='bbox 1104 2396 1159 2437; x_wconf 79' lang='lat' dir='ltr'><strong>pia</strong></span> <span class='ocrx_word' id='word_1_507' title='bbox 1190 2398 1343 2438; x_wconf 87' lang='lat' dir='ltr'><strong>Calliope</strong></span> <span class='ocrx_word' id='word_1_508' title='bbox 1380 2399 1533 2430; x_wconf 82' lang='lat' dir='ltr'><strong>Deorum</strong></span> <span class='ocrx_word' id='word_1_509' title='bbox 1565 2404 1600 2432; x_wconf 91' lang='lat' dir='ltr'><strong>et</strong></span> 
     </span>
     <span class='ocr_line' id='line_1_97' title="bbox 900 2448 1598 2482; baseline 0.004 -4"><span class='ocrx_word' id='word_1_510' title='bbox 900 2448 1052 2479; x_wconf 86' lang='lat' dir='ltr'><strong>Heroum</strong></span> <span class='ocrx_word' id='word_1_511' title='bbox 1068 2448 1184 2479; x_wconf 81' lang='lat' dir='ltr'><strong>laudes</strong></span> <span class='ocrx_word' id='word_1_512' title='bbox 1200 2449 1301 2479; x_wconf 83' lang='lat' dir='ltr'><strong>canit.</strong></span> <span class='ocrx_word' id='word_1_513' title='bbox 1333 2449 1598 2482; x_wconf 82' lang='lat' dir='ltr'><strong>Musambertius</strong></span> 
     </span>
     <span class='ocr_line' id='line_1_98' title="bbox 899 2499 1597 2540; baseline 0 -9"><span class='ocrx_word' id='word_1_514' title='bbox 899 2499 1077 2531; x_wconf 73' lang='lat' dir='ltr'><strong>contendit</strong></span> <span class='ocrx_word' id='word_1_515' title='bbox 1100 2508 1166 2530; x_wconf 91' lang='lat' dir='ltr'><strong>non</strong></span> <span class='ocrx_word' id='word_1_516' title='bbox 1191 2504 1258 2530; x_wconf 86' lang='lat' dir='ltr'><strong>tam</strong></span> <span class='ocrx_word' id='word_1_517' title='bbox 1282 2504 1423 2540; x_wconf 87' lang='lat' dir='ltr'><strong>propter</strong></span> <span class='ocrx_word' id='word_1_518' title='bbox 1449 2501 1597 2540; x_wconf 85' lang='lat' dir='ltr'><strong>syllabas</strong></span> 
     </span>
     <span class='ocr_line' id='line_1_99' title="bbox 900 2549 1597 2590; baseline 0.003 -10"><span class='ocrx_word' id='word_1_519' title='bbox 900 2554 1130 2587; x_wconf 72' lang='lat' dir='ltr'><strong>contumaceS‚</strong></span> <span class='ocrx_word' id='word_1_520' title='bbox 1175 2558 1271 2590; x_wconf 73' lang='lat' dir='ltr'><strong>quain</strong></span> <span class='ocrx_word' id='word_1_521' title='bbox 1315 2549 1597 2590; x_wconf 82' lang='lat' dir='ltr'><strong>significationem</strong></span> 
     </span>
     <span class='ocr_line' id='line_1_100' title="bbox 901 2599 1598 2640; baseline 0.003 -11"><span class='ocrx_word' id='word_1_522' title='bbox 901 2599 1081 2629; x_wconf 73' lang='lat' dir='ltr'><strong>abliorrere</strong></span> <span class='ocrx_word' id='word_1_523' title='bbox 1096 2607 1215 2628; x_wconf 88' lang='lat' dir='ltr'><strong>nomen</strong></span> <span class='ocrx_word' id='word_1_524' title='bbox 1225 2599 1426 2640; x_wconf 84' lang='lat' dir='ltr'><strong>Damasippi</strong></span> <span class='ocrx_word' id='word_1_525' title='bbox 1440 2609 1459 2630; x_wconf 85' lang='lat' dir='ltr'><strong>a</strong></span> <span class='ocrx_word' id='word_1_526' title='bbox 1471 2600 1598 2631; x_wconf 90' lang='lat' dir='ltr'><strong>mollio-</strong></span> 
     </span>
     <span class='ocr_line' id='line_1_101' title="bbox 900 2647 1597 2690; baseline 0.007 -13"><span class='ocrx_word' id='word_1_527' title='bbox 900 2648 990 2678; x_wconf 85' lang='lat' dir='ltr'><strong>ribus</strong></span> <span class='ocrx_word' id='word_1_528' title='bbox 1007 2647 1126 2686; x_wconf 89' lang='lat' dir='ltr'><strong>Musis‚</strong></span> <span class='ocrx_word' id='word_1_529' title='bbox 1142 2648 1262 2689; x_wconf 82' lang='lat' dir='ltr'><strong>quibus</strong></span> <span class='ocrx_word' id='word_1_530' title='bbox 1276 2658 1351 2680; x_wconf 90' lang='lat' dir='ltr'><strong>cum</strong></span> <span class='ocrx_word' id='word_1_531' title='bbox 1365 2658 1524 2690; x_wconf 86' lang='lat' dir='ltr'><strong>equorum</strong></span> <span class='ocrx_word' id='word_1_532' title='bbox 1541 2651 1597 2682; x_wconf 90' lang='lat' dir='ltr'><strong>do·</strong></span> 
     </span>
     <span class='ocr_line' id='line_1_102' title="bbox 899 2698 1131 2730; baseline 0.009 -2"><span class='ocrx_word' id='word_1_533' title='bbox 899 2698 1020 2729; x_wconf 88' lang='lat' dir='ltr'><strong>mitore</strong></span> <span class='ocrx_word' id='word_1_534' title='bbox 1038 2698 1131 2730; x_wconf 85' lang='lat' dir='ltr'><strong>nihil.</strong></span> 
     </span>
    </p>

    <p class='ocr_par' dir='ltr' id='par_1_21' title="bbox 904 2748 1595 2842">
     <span class='ocr_line' id='line_1_103' title="bbox 943 2748 1595 2789; baseline 0.008 -11"><span class='ocrx_word' id='word_1_535' title='bbox 943 2750 963 2778; x_wconf 87' lang='lat'><strong>9</strong></span> <span class='ocrx_word' id='word_1_536' title='bbox 990 2748 1136 2787; x_wconf 80' lang='lat' dir='ltr'><strong>Gratum,</strong></span> <span class='ocrx_word' id='word_1_537' title='bbox 1166 2748 1235 2789; x_wconf 56' lang='grc' dir='ltr'><strong>ξω]</strong></span> <span class='ocrx_word' id='word_1_538' title='bbox 1260 2748 1391 2789; x_wconf 89' lang='lat' dir='ltr'><strong>Mitius,</strong></span> <span class='ocrx_word' id='word_1_539' title='bbox 1421 2754 1456 2781; x_wconf 89' lang='lat' dir='ltr'><strong>et</strong></span> <span class='ocrx_word' id='word_1_540' title='bbox 1483 2753 1595 2783; x_wconf 82' lang='lat' dir='ltr'><strong>versui</strong></span> 
     </span>
     <span class='ocr_line' id='line_1_104' title="bbox 904 2799 1536 2842; baseline 0.003 -11"><span class='ocrx_word' id='word_1_541' title='bbox 904 2799 1025 2840; x_wconf 81' lang='lat' dir='ltr'><strong>aptius.</strong></span> <span class='ocrx_word' id='word_1_542' title='bbox 1070 2800 1210 2839; x_wconf 74' lang='lat' dir='ltr'><strong>Adopta]</strong></span> <span class='ocrx_word' id='word_1_543' title='bbox 1234 2799 1377 2832; x_wconf 83' lang='lat' dir='ltr'><strong>Assume</strong></span> <span class='ocrx_word' id='word_1_544' title='bbox 1394 2811 1453 2842; x_wconf 88' lang='lat' dir='ltr'><strong>pro</strong></span> <span class='ocrx_word' id='word_1_545' title='bbox 1468 2806 1536 2834; x_wconf 72' lang='lat' dir='ltr'><strong>tuo.</strong></span> 
     </span>
    </p>
   </div>
  </div>
 </body>
</html>
