1866 3131
356 152 403 182 M.
438 153 547 183 VAL.

108 245 180 276 nari
198 245 343 285 supplici
361 256 465 286 prece
483 253 650 287 petamus,
690 249 808 290 Bithy·

107 296 203 326 nicus
222 297 413 328 Martialem
424 299 545 338 jurare
561 300 665 331 voluit
678 310 742 331 non
757 309 807 330 es-

107 356 142 377 se
156 345 285 377 factum
299 358 319 378 a
331 357 366 378 se
381 349 470 389 quod
485 350 541 380 ille.
553 351 726 388 arguebat.
743 351 808 381 Re-

107 403 203 428 cusat
220 398 330 429 Poeta
347 399 480 439 jurare,
505 405 540 431 et
563 401 609 432 ait
631 401 640 418 ‘
654 403 740 432 malo
757 411 807 433 sa-

106 446 298 478 tisfacere2’
315 455 428 489 potest
443 450 587 490 intelligi
603 452 689 482 male
701 452 809 491 illum,

106 504 142 528 ut
180 499 347 529 homiuem
383 500 591 540 religiosum,
626 502 808 542 deprecari

106 551 237 590 culpam
266 561 364 591 quam
383 551 522 590 jurare:
549 557 583 582 at
609 553 665 583 ille
689 554 806 593 sentit,

106 607 262 639 paratum
280 612 315 631 se
333 602 444 641 potius
460 602 558 634 fateri
584 604 616 634 id
643 605 738 645 cujus
755 614 806 636 ar-

107 650 284 689 guebatur.
310 653 384 682 cas.

149 702 256 733 Eme.
281 711 405 734 Lxxxr.
432 704 661 745 Callistratus,
685 711 723 737 ut
750 716 806 737 ne-

106 753 230 783 minem
259 752 461 793 offenderet,
490 755 652 787 laudabat
677 766 807 788 omnes.

107 805 214 836 Poeta
246 811 350 846 negat
376 816 491 838 verum
524 818 599 839 esse
626 809 807 850 judicium,

106 856 194 896 quod
212 866 273 887 uec
291 867 407 888 omnes
424 859 491 889 sint
520 868 632 898 pares,
657 870 719 891 nec
737 871 806 892 om-

106 915 163 936 ues
180 907 247 937 sint
263 907 352 939 boni.
398 908 452 939 Ita
468 908 540 939 fieri
561 915 596 940 ut
613 911 757 951 improbi
773 922 806 942 e-

106 957 185 987 tiam
196 958 392 998 laudentur3
406 960 494 999 quod
504 961 559 1001 qui
569 959 746 1002 facit,ipse
757 972 806 993 re-

106 1008 382 1047 prehendendum
393 1020 428 1040 se
443 1010 555 1042 docet.
583 1011 703 1052 Neque
719 1016 805 1044 enim

104 1065 193 1090 esset
210 1060 349 1096 malitia,
369 1061 396 1091 si
413 1062 501 1092 nulla
518 1063 551 1093 in
571 1063 694 1094 mundo
713 1063 807 1094 boni-

105 1113 174 1147 tas;
201 1115 236 1140 et
253 1116 381 1142 contra.
427 1112 489 1142 Cui
506 1113 618 1143 omnia
635 1114 722 1153 alba,
748 1115 806 1155 qui

106 1160 210 1190 malos
228 1171 323 1202 aeque
341 1172 379 1193 ac
396 1162 501 1193 bonos
524 1165 712 1203 promiscue
736 1165 805 1195 lau-

105 1211 177 1247 dat,
206 1213 318 1252 arguit
344 1223 379 1242 se
401 1214 525 1252 judicii
550 1214 673 1245 infirmi
700 1220 735 1245 et
754 1216 806 1245 vel

105 1262 209 1292 livore
224 1263 278 1292 vel
294 1262 487 1294 adulatione
502 1264 694 1305 praepediti.
720 1265 806 1296 vide

105 1323 180 1353 qua».
204 1314 412 1354 Chrysippus
438 1313 609 1345 referente
631 1313 710 1346 Aul.
728 1316 808 1347 Gel-

104 1366 162 1404 lio,
178 1366 264 1396 libro
280 1369 311 1396 6.
330 1366 444 1406 capite
462 1369 493 1398 1.

149 1417 255 1449 Eme.
292 1425 434 1448 Lxxxn.
482 1416 592 1448 Notat
630 1418 804 1449 avaritiam

107 1468 240 1506 Umbri,
265 1469 323 1508 qui
350 1468 425 1508 plus
450 1477 582 1508 pauper
605 1468 749 1499 donarat
773 1469 805 1499 in

105 1519 339 1549 Saturnalibus
380 1519 510 1557 Poe't‘ae,
545 1528 644 1559 quam
683 1519 778 1549 dives
797 1531 804 1550 ε

106 1578 236 1608 pauper
253 1569 406 1599 aliculam
422 1579 431 1606 ;
456 1569 548 1599 dives
567 1569 686 1600 alicam
705 1569 807 1600 dona-

107 1620 176 1650 bat.
224 1620 308 1651 Cum
338 1629 416 1649 vero
442 1620 531 1650 alica
553 1621 694 1650 crassior
710 1621 755 1651 sit
771 1626 807 1652 et

106 1671 203 1701 vilior
219 1680 316 1711 quam
334 1671 468 1708 alicula,
488 1671 609 1709 Poeta,
636 1671 713 1702 dum
738 1672 805 1702 lau-

106 1721 189 1752 dare
207 1721 370 1752 Umbrum
390 1721 536 1760 videtur,
549 1723 672 1762 carpit,
685 1728 721 1753 ut
737 1733 805 1754 sor-

106 1772 271 1802 didiorem
288 1771 430 1809 factum,
446 1782 543 1811 quam
558 1773 636 1803 olim
652 1773 706 1803 nbi
723 1783 806 1813 pau·

107 1832 167 1863 per
183 1822 259 1853 fuit.
305 1823 370 1853 Sed
389 1823 465 1853 audi
483 1823 564 1864 quid
583 1823 626 1854 H.
642 1824 806 1857 Salmutb.

106 1872 239 1903 adferat
257 1873 298 1904 ad
318 1873 490 1904 Pancirol.
506 1883 581 1913 cap.
595 1874 637 1904 de
655 1874 806 1906 vestibus

106 1926 283 1956 Veterum.
298 1926 416 1962 Tus-at,
432 1926 551 1966 inquit,
567 1926 684 1957 Umbri
702 1927 807 1957 avari-

106 1976 207 2006 tiam:
241 1976 297 2016 qui
325 1975 403 2005 olim
432 1985 561 2015 pauper
585 1976 677 2007 misit
701 1977 806 2007 alicu-

104 2027 169 2057 lam
184 2038 192 2064 ;
218 2037 307 2057 nunc
324 2027 417 2057 dives
434 2027 554 2058 alicam
573 2028 697 2059 mittat.
735 2028 807 2059 Ali-

106 2078 193 2116 cula‚
221 2082 308 2115 tog-ae
333 2078 383 2108 vel
402 2077 587 2118 chlamydis
605 2088 712 2118 genus
730 2086 805 2117 est3

105 2130 190 2160 alica
206 2134 333 2166 autem,
355 2133 454 2169 potus
470 2138 513 2159 ex
536 2129 616 2159 Zea.
641 2128 758 2169 Epigr.
776 2133 807 2160 6.

106 2179 163 2210 lib.
182 2182 232 2210 13.
247 2178 346 2210 infra.
392 2180 492 2219 Cujus
514 2186 627 2210 tamen
655 2190 731 2210 cuin
749 2180 807 2210 ali-

106 2229 183 2259 cula
221 2229 395 2260 videretur
429 2229 677 2269 diminutivum,
713 2230 807 2261 credi

107 2284 221 2319 posset
238 2279 310 2310 haec
326 2280 382 2309 illa
398 2280 506 2311 vilior.

150 2330 254 2359 Epio.
272 2338 430 2360 Lxxxut.
457 2331 670 2370 Coenipetam
687 2330 729 2361 ad
747 2341 806 2362 un-

107 2389 204 2420 guem
222 2380 408 2410 describit:
435 2380 523 2410 unde
547 2381 662 2420 discis,
685 2382 805 2422 quibus

107 2430 236 2460 artibus
274 2431 352 2460 olim
389 2431 562 2470 captarint
599 2432 806 2470 adulatores,

106 2482 260 2520 clientes,
287 2486 321 2511 et
346 2482 486 2520 parasiti
505 2482 734 2522 potentiorum
748 2493 806 2514 cu-

108 2532 203 2561 linas.
231 2531 313 2561 Rud.

153 2585 166 2612 1
185 2582 215 2612 E
228 2581 369 2621 thermis]
387 2580 555 2612 Gruterus
573 2591 590 2612 e
610 2583 691 2613 Mss.
709 2583 806 2623 legit,

105 2633 137 2663 in
153 2633 290 2663 thermis.
322 2633 529 2671 Menogenes
544 2633 631 2663 enim
646 2634 736 2664 istud
750 2643 806 2664 ne-

107 2683 233 2721 gotium
250 2692 349 2713 onme
366 2684 552 2714 exercebat
570 2685 602 2713 in
621 2684 700 2724 ipsis
717 2685 806 2715 ther-

107 2732 179 2762 mis.
233 2733 307 2763 Non
333 2735 391 2774 est,
415 2732 486 2773 ὄζω]
524 2733 733 2775 Menogenes
761 2743 808 2764 sc.

582 153 854 184 MAR'rlALls
891 155 1049 185 EPIGR.
1087 156 1177 186 [AB.
1211 157 1301 187 ΧΗ.

1446 148 1559 191 1423

859 249 984 281 dextra
1004 252 1105 291 juxta
1123 262 1162 284 ac
1180 253 1264 284 laeva
1281 255 1383 295 pilam
1399 255 1562 296 excipiet,

859 306 894 331 et
909 300 969 331 tibi
984 301 1155 334 adscribet
1168 311 1360 345 exceptam,
1378 306 1469 337 velut
1482 306 1560 337 doc·

860 356 896 381 to
913 352 994 382 artis
1011 352 1100 392 pilae.
1129 354 1238 386 Pilam
1252 365 1334 397 ergo
1347 357 1560 397 trigonalem‚

860 411 925 432 non
943 411 962 432 a
978 401 1086 442 figura
1103 405 1208 444 ipsius
1234 407 1333 445 pila‘3
1358 407 1416 438 sed
1442 407 1559 438 luden-

859 453 957 492 tium,
974 455 1056 485 etin
1074 457 1210 495 trigono
1223 459 1382 490 stantium
1396 460 1561 501 appellat.

859 504 942 534 Rau.
988 506 1060 536 Non
1075 506 1135 546 est]
1162 508 1238 538 Non
1255 510 1348 549 licet,
1365 521 1431 542 non
1448 517 1559 552 potes.

901 557 921 585 2
946 556 1154 597 Menogenen]
1179 558 1406 600 Coenipetam.

901 609 920 636 3
958 607 1118 649 Τι’ρίιὶιινη]
1162 609 1206 639 Et
1230 611 1238 626 ‘
1258 611 1432 650 tepidum’
1454 611 1563 651 addit,

857 655 930 686 scil.
956 657 1078 688 sudore
1105 658 1292 689 ludentium
1318 661 1561 694 madefactum.

860 706 1029 747 Loeraque]
1051 708 1169 747 Epigr.
1194 711 1247 740 72.
1274 709 1333 740 lib.
1352 714 1381 741 7.
1406 721 1491 742 vers.
1511 715 1561 742 ll.

859 756 1040 797 Trigonem]
1064 758 1187 790 Pilam.
1204 761 1323 801 Epigr.
1342 764 1392 792 19.
1413 762 1469 794 lib.
1485 766 1517 794 4.

900 809 919 837 4
944 807 1092 848 Impune,
1117 809 1186 849 ἔξω]
1214 811 1261 841 Ut
1289 811 1352 841 tibi
1378 818 1559 853 exceptam

859 855 988 888 referas
1015 859 1130 899 pilam,
1155 860 1299 893 initurus
1322 862 1412 902 apud
1436 868 1471 894 te
1487 873 1559 904 gra·

860 907 952 939 tiam.

901 962 921 989 6
941 960 983 989 Εἰ
996 959 1099 998 sijum
1118 962 1210 1001 lotus,
1221 963 1290 1003 ὅπῃ]
1308 962 1338 994 A
1356 963 1487 995 balneis
1506 974 1561 995 ve-

859 1019 894 1039 ro
912 1010 1182 1051 discumbebant,
1206 1017 1286 1043 ante
1312 1013 1431 1044 balnea
1449 1024 1485 1045 se
1502 1024 1559 1045 ex-

858 1059 1246 1096 ei·cebant‚(liscnbitui-i
1258 1063 1365 1094 soleas
1378 1064 1559 1104 ponebant.

860 1107 954 1139 Infra
982 1111 1100 1151 Epigr.
1132 1114 1184 1143 88.
1243 1113 1450 1154 Menogenes
1481 1124 1560 1146 vero

858 1170 964 1192 coenae
983 1172 1100 1193 caussa
1118 1169 1187 1194 tam
1212 1170 1285 1195 erat
1310 1164 1497 1205 officiosus;
1523 1171 1561 1197 ut

858 1211 960 1241 etiam
977 1213 1149 1253 lotusjani
1166 1219 1202 1245 et
1218 1215 1388 1254 soleatus3
1412 1216 1475 1246 lioc
1494 1223 1560 1255 est,

853 1262 925 1302 jam
942 1263 1173 1304 accubiturus,
1187 1275 1253 1296 non
1269 1266 1434 1298 dubitarit
1451 1268 1560 1308 inqui-

857 1322 938 1344 nare
956 1313 1072 1354 pedes.

900 1366 919 1394 7
944 1364 1071 1404 Lintea]
1096 1364 1149 1395 Ad
1175 1364 1326 1405 balneas,
1350 1367 1472 1407 quibus
1487 1378 1560 1400 cor-

858 1423 919 1453 pus
936 1418 1061 1453 tergas.
1084 1414 1194 1454 Supra
1210 1415 1384 1456 Epigram.
1400 1419 1454 1448 71.
1474 1428 1560 1450 vers.

859 1468 887 1494 1.
942 1464 1024 1495 Nive
1053 1464 1235 1496 candidiora
1263 1466 1419 1506 loquetur]
1458 1468 1560 1499 Dicet

856 1516 961 1546 lintea
977 1521 1034 1547 tua
1051 1526 1126 1548 esse
1147 1518 1225 1548 nive
1243 1518 1451 1558 candidiora,
1479 1521 1560 1551 licet

857 1567 938 1606 sint,
952 1570 1018 1598 διε.

900 1619 920 1646 9
941 1616 1095 1657 Exiguos]
1112 1618 1229 1650 Raros.
1251 1618 1340 1649 Secto
1352 1620 1457 1660 dente]
1474 1621 1560 1652 Pec-

859 1667 942 1698 tine.

902 1721 940 1749 10
969 1718 1063 1749 Dicet
1091 1719 1258 1759 Achilleas,
1283 1720 1354 1760 dra]
1389 1721 1560 1753 Laudabit

856 1769 1026 1809 pulchras,
1043 1762 1178 1809 densas,
1193 1769 1310 1809 flavas,
1328 1771 1431 1802 instar
1445 1771 1560 1803 Achil-

857 1820 996 1851 learum.

900 1873 935 1901 ll
959 1871 1110 1910 Fumosae,
1126 1871 1196 1911 Cra]
1218 1871 1298 1912 Ipse
1312 1871 1372 1902 tibi
1390 1872 1559 1904 ministra-

856 1921 907 1953 bit
925 1922 1049 1961 vinmu,
1075 1932 1138 1963 quo
1165 1922 1351 1954 utebantur
1375 1924 1407 1953 in
1430 1923 1559 1955 balneis

857 1973 898 2003 ad
917 1973 1073 2004 sudorem
1087 1983 1145 2004 seu
1163 1974 1324 2005 vomitum
1340 1985 1348 2012 ;
1370 1975 1459 2015 quod
1477 1975 1559 2006 licet

856 2023 1016 2063 vapidum
1035 2024 1092 2062 sit,
1109 2030 1141 2054 et
1159 2034 1201 2055 ex
1220 2025 1286 2055 ima
1302 2025 1433 2065 lagenae
1459 2031 1557 2066 parte

855 2075 1228 2117 (qiiaeMetapb.*rp6ms
1239 2076 1560 2116 dicitur‚)lau·.labit

859 2131 971 2156 tamen
986 2137 993 2156 ε
1018 2125 1122 2165 τρόπις
1149 2127 1322 2167 Hesycliio
1340 2132 1392 2158 est
1406 2128 1445 2158 τὸ
1460 2130 1558 2158 κατώ-

855 2189 952 2207 τατον
965 2179 1019 2213 τῆς
1034 2176 1115 2216 νηὸς,
1143 2178 1204 2209 lioc
1229 2183 1294 2216 est,
1322 2177 1436 2209 infima
1462 2180 1558 2210 navis

858 2238 955 2268 pars:
979 2229 1033 2259 liic
1059 2238 1121 2268 pro
1148 2228 1226 2259 vino
1246 2238 1288 2258 ex
1307 2228 1421 2259 infima
1439 2230 1558 2269 lagena

856 2279 1040 2309 deterrimo
1069 2284 1105 2309 et
1137 2278 1275 2318 vapido,
1305 2278 1457 2318 adeoque
1485 2280 1559 2319 ipsa

856 2328 955 2368 faece,
980 2330 1148 2369 accipitur
1172 2329 1422 2369 Metapborice.
1469 2331 1558 2360 Gru—

856 2385 948 2411 terus
965 2391 1006 2411 ex
1023 2380 1129 2411 tribus
1145 2380 1226 2410 Mss.
1245 2380 1326 2419 legit
1343 2381 1466 2419 propin,
1483 2391 1557 2421 quae

856 2441 921 2461 vox
939 2437 989 2462 est
1007 2431 1111 2462 niliili.
1136 2430 1321 2461 Scriceriffl.

901 2485 939 2512 12
967 2481 1092 2512 Frontis
1112 2484 1141 2512 et
1169 2481 1323 2511 humorem
1349 2481 1488 2520 colliget]
1516 2483 1557 2513 {tt

854 2533 926 2572 ipse
940 2533 1121 2562 vernaliter
1134 2531 1196 2561 tibi
1213 2531 1370 2561 sudorem
1384 2531 1558 2571 deterget.

899 2585 937 2612 14
967 2582 1059 2621 Veni]
1085 2581 1137 2611 Ad
1157 2591 1298 2618 coenam,
1325 2582 1472 2612 servitiis
1490 2584 1557 2613 suis

855 2633 1078 2672 extorquebit
1095 2632 1155 2662 tibi
1173 2632 1422 2662 invitationem.

898 2684 1001 2714 Eme.
1020 2691 1175 2715 LxxxiV.
1200 2686 1215 2714 l
1236 2683 1443 2723 Herniarum]
1460 2685 1555 2715 Scro-

859 2738 992 2764 torum:
1018 2739 1070 2766 est
1087 2739 1201 2765 autem
1219 2733 1336 2765 hernia
1353 2743 1409 2766 seu
1427 2744 1555 2774 ramex,
