1866 3131
253 174 364 215 1442

249 281 257 296 ‘
271 283 313 313 Et
327 280 461 321 rapiant
477 279 604 311 celeres
617 278 689 309 vela
705 282 829 318 negata
840 275 946 308 Noti!

248 332 380 363 Salmas.

293 383 400 413 EP1G.
417 389 506 412 xxx.
529 383 548 411 2
566 380 617 411 Sit
628 379 817 421 modnfirma
826 379 946 419 manus]

248 433 282 463 Si
301 443 366 463 non
384 436 485 471 erret,
501 431 527 461 si
542 440 605 462 non
622 430 722 461 cedat
738 439 865 460 manus,

293 485 397 514 EPIG.
418 491 524 513 xxxr.
550 485 565 512 l
586 482 717 520 DeJecta
743 482 845 520 longo,
874 479 943 519 Cym]

248 534 429 564 Declinata
456 533 509 563 vel
526 537 628 563 exuta
649 542 668 562 a
684 531 772 562 fera:
798 531 845 561 sie
863 539 945 569 aper

247 585 304 615 ille
344 583 531 614 Ovidianus
568 582 734 614 Adonidis
770 584 778 598 ‘
795 581 943 611 excussit

248 634 359 674 pando
385 633 552 664 venabula
582 632 714 671 rostro,'
744 631 775 662 in
803 640 942 671 puerum

246 695 358 716 ruens.
405 686 497 716 Malo
511 684 598 716 enim
615 684 657 714 de
676 688 787 714 rostro
803 682 876 722 apri
894 682 942 711 in-

248 736 415 775 telligere,
448 745 547 776 quam
570 734 611 765 de
639 733 816 771 venabulo,
846 732 940 772 cujus

246 787 378 826 longam
397 786 504 816 aciem
532 785 683 815 Raderus
705 782 773 813 dici
796 787 941 812 rostrum

246 841 354 876 putat.

287 890 307 917 2
330 886 459 927 Brevis]
480 886 586 918 Scriv.
603 886 687 917 levis.
731 886 853 916 Sensus
871 889 939 915 est:

244 937 278 967 Si
308 937 495 967 excusserit
526 937 587 968 tibi
617 935 819 967 venabulum
847 943 941 975 aper,

242 987 417 1027 supplebit
434 987 542 1017 vicem
559 985 717 1017 venabuli
734 986 856 1016 culter.

286 1038 392 1068 Epio.
422 1046 544 1068 xxxu.
575 1040 594 1068 2
611 1039 708 1068 Arma
731 1035 942 1074 tribunicium,

242 1088 311 1128 ἐγὼ]
347 1087 520 1119 Gladiolus
549 1098 639 1118 zonae
667 1095 849 1127 appensus,
876 1094 941 1125 quo

244 1137 387 1169 donatos
412 1138 548 1169 honoris
575 1148 676 1169 causa
701 1137 854 1168 tribunos
871 1136 941 1166 cin-

243 1189 368 1229 gebant
395 1190 631 1230 imperatores,
657 1193 694 1220 ut
719 1189 841 1220 Suram
856 1188 941 1218 Tra·

237 1240 339 1280 janus
356 1240 444 1280 apud
461 1240 618 1270 Dionem.

285 1291 391 1320 Eme.
408 1299 544 1321 xxxui.
569 1293 584 1320 1
606 1289 720 1319 Cur-vis
738 1288 855 1328 signat,
873 1286 942 1327 gc]

242 1339 296 1371 An
320 1341 438 1371 circuli
464 1340 518 1371 isti
546 1345 581 1371 et
599 1349 691 1370 venae
708 1339 740 1370 in
757 1339 829 1379 ipso
851 1336 942 1369 ferro

242 1396 432 1431 temperato
445 1391 635 1431 apparent?
652 1396 689 1421 ut
705 1390 825 1421 volunt
838 1389 941 1420 inter-

242 1446 357 1482 pretes
373 1453 380 1472 ;
406 1451 448 1471 au
469 1441 633 1472 manubrii
650 1440 884 1471 armamenta?

285 1492 394 1522 Erro.
422 1500 553 1522 xxxiv.
578 1494 594 1521 1
615 1490 767 1521 Curvavit
796 1490 828 1520 in
857 1489 942 1529 usus]

243 1543 271 1573 E
286 1543 416 1574 directo
433 1553 514 1573 ense
537 1542 568 1572 in
596 1541 729 1572 falcem.
773 1541 828 1571 Sic
845 1540 941 1580 galea

242 1592 273 1622 in
289 1592 420 1623 alveum
439 1591 480 1622 ad
499 1601 597 1632 apum
617 1589 799 1629 mellfficia,
816 1589 941 1621 Alciat.

244 1642 406 1673 Emblcm.
424 1645 495 1673 177.

285 1693 390 1723 EP1G.
408 1701 522 1724 xxxv.
547 1695 561 1723 l
579 1692 691 1723 Auctio
707 1690 852 1730 nummis]
875 1691 941 1721 Bo-

242 1752 358 1773 norum
373 1743 642 1783 proscriptorum
659 1742 882 1773 subhastatio.

281 1794 300 1822 2
325 1792 421 1832 Hoec]
436 1792 572 1823 Securis
585 1792 720 1830 bellica,
735 1791 940 1821 Amazonum

240 1843 426 1874 inventum.
474 1842 731 1882 Quadringentis,
747 1841 816 1882 ssa]
839 1841 940 1872 Unde.

240 1894 302 1924 hoc
320 1894 489 1934 pretium?
512 1893 554 1923 ab
585 1903 751 1924 armorum
779 1892 941 1933 penuria?

241 1952 281 1972 an
300 1943 342 1973 ab
359 1943 515 1973 artifice?
542 1943 585 1973 N.
602 1943 640 1973 L.

283 1993 387 2023 Epic.
405 2002 536 2023 xxxvr.
555 1995 570 2022 1
587 1990 778 2029 Hoecarma]
804 1990 937 2021 Forfex.

282 2044 302 2072 2
325 2043 406 2073 Hoec
421 2043 521 2081 longis
540 2042 642 2082 utilis]
666 2042 840 2081 Scalprum
866 2047 931 2071 tou·

240 2092 376 2123 soi-ium.
416 2093 571 2133 Namque
588 2097 623 2123 et
640 2101 767 2133 ungues
783 2102 937 2122 resecare

239 2141 281 2172 ad
302 2146 454 2172 tonsores
473 2142 681 2182 pertinebat,
707 2147 745 2173 ut
771 2142 812 2172 de
836 2142 936 2172 Bruti

238 2192 363 2223 Porcia
375 2192 480 2224 refert
493 2193 568 2224 Val.
585 2194 679 2224 Max.
692 2193 751 2224 lib.
770 2196 800 2225 3.
816 2203 890 2233 cap.
904 2196 935 2223 2.

239 2249 272 2273 et
289 2243 346 2273 lib.
363 2245 394 2275 4.
409 2253 485 2283 cap.
502 2246 533 2274 6.
549 2250 584 2274 et
596 2243 638 2274 de
652 2243 803 2281 Vulteio,
827 2244 936 2274 Hora-

240 2295 306 2325 tius
322 2295 477 2335 Epistola
488 2298 520 2326 7.
549 2295 626 2325 libri
654 2298 683 2325 l.
732 2294 845 2334 Genis]
868 2294 935 2325 No-

239 2346 370 2377 vacula.

282 2395 389 2426 Eme.
418 2404 572 2426 xxxvu.
603 2393 862 2435 Componendos
879 2394 936 2432 ait,

239 2449 274 2476 et
302 2445 585 2486 constringendos
612 2445 645 2475 in
671 2445 793 2475 scrinio
823 2444 937 2483 libros,

237 2504 278 2525 ne
292 2495 392 2526 soluti
405 2500 676 2535 corrumpantur,
689 2500 722 2525 et
735 2495 834 2525 tineis
849 2494 935 2526 blat-

238 2546 348 2585 tisque
363 2545 543 2576 ludibrium
560 2545 654 2576 fiant.
682 2545 761 2576 Rad.

280 2596 384 2627 Eme.
414 2605 578 2627 xxxviii.
617 2599 636 2627 2
670 2597 840 2635 Texantur,
865 2595 934 2635 εμπ]

239 2644 458 2686 Reliquarum
483 2647 654 2685 regionum
672 2646 852 2678 arundines
878 2656 933 2687 pa-

236 2694 358 2726 lustres
375 2697 523 2727 serviuut
538 2697 644 2728 solum
658 2697 851 2737 operiendis
866 2703 933 2730 tec-

238 2744 291 2775 tis,

720 183 858 212 NOTAE
895 181 1153 211 VARIORUM
1190 182 1240 212 ΙΝ

1040 276 1145 307 ΕΡιῦ.
1164 283 1297 306 xxxlx.
1323 277 1336 305 1
1361 274 1470 305 Dulcis
1483 273 1612 313 conscia,
1627 273 1704 314 Era]

997 330 1005 345 ‘
1017 330 1075 359 Me
1090 329 1203 359 ludere
1216 332 1304 358 teste
1318 327 1479 365 lucerua‚’
1489 332 1551 358 ἃς.
1575 328 1695 368 Epigr.

998 383 1069 410 104.
1093 379 1152 410 lib.
1180 382 1231 410 11.
1257 379 1481 419 Exigiturque
1508 379 1695 410 testimoni-

996 440 1050 460 um
1074 440 1093 460 a
1118 430 1255 460 lucerna
1281 435 1400 460 contra
1427 429 1696 469 Megapenthen,

996 481 1134 511 Lucian.
1150 478 1345 510 Κατάπλους.

1038 531 1143 561 Epio.
1161 539 1218 561 xa.
1246 529 1443 568 [Am-illam,
1467 528 1535 568 Bm]
1559 529 1693 561 Cande-

995 581 1039 620 la,
1054 592 1128 622 quae
1151 582 1273 612 ancilla
1296 587 1347 612 est
1374 582 1534 618 lucernae,
1552 585 1694 620 praestat

994 638 1130 662 noctem
1158 638 1263 663 tutam
1291 642 1308 662 a
1327 631 1602 662 tenebrionibus:
1628 632 1695 669 vel,

994 682 1144 713 candela
1174 693 1247 724 quae
1279 683 1342 713 tibi
1368 687 1459 712 sorte
1482 681 1637 721 contigit,
1656 686 1694 712 ut

994 738 1074 773 pote
1092 735 1251 774 pauperis
1277 743 1410 770 munus,
1434 731 1613 772 praestabit
1631 731 1694 762 tibi

992 784 1079 814 idem
1107 783 1251 815 officium
1278 783 1366 825 quod
1394 783 1507 814 divitis
1534 783 1692 820 lucerna;

993 834 1129 864 conscia
1145 835 1277 865 scilicet
1301 834 1366 864 erit
1392 833 1496 863 dulcis
1513 832 1641 871 lectuli,
1658 838 1693 864 et

993 885 1067 915 luce
1094 885 1202 916 miuus
1229 886 1322 916 clara
1349 883 1519 924 praebebit
1551 883 1693 922 ancill‘ae,

993 938 1144 967 consorti
1172 937 1331 977 pauperis
1359 936 1453 975 lecti,
1473 935 1587 966 ‘Quas
1605 934 1693 965 timi-

994 986 1056 1017 dus
1073 987 1234 1017 tenebras
1251 987 1354 1017 vellet
1372 986 1496 1016 habere
1516 985 1648 1025 pudor!

1036 1038 1143 1068 EPIG.
1158 1046 1231 1068 xm.
1246 1036 1386 1078 Polym.]
1396 1037 1497 1067 Plura
1511 1036 1632 1067 babens
1647 1037 1692 1067 el-

993 1086 1126 1126 lychnia
1140 1097 1197 1118 seu
1208 1085 1503 1125 funiculosffnlgas.
1528 1087 1579 1117 Ex
1596 1085 1693 1117 πολὺς

993 1142 1027 1166 et
1037 1136 1124 1176 μύξα,
1147 1138 1246 1169 Unde
1258 1137 1387 1176 δίμυξος,
1399 1137 1690 1178 τρίμυξος,πολύμυ·

991 1188 1117 1227 ξος,Ιιοε
1130 1192 1194 1227 est,
1205 1189 1343 1219 lucerna
1354 1188 1496 1219 duorum
1507 1189 1690 1228 ellychnio-

994 1247 1078 1275 rmn,
1095 1238 1211 1276 trium,
1233 1243 1267 1268 et
1295 1239 1453 1278 plurium.
1499 1238 1585 1277 Μύξα
1612 1249 1691 1270 vero

992 1288 1045 1318 hic
1060 1288 1146 1318 idem
1176 1289 1266 1329 quod
1293 1287 1475 1327 ἐλλύχνιονε
1501 1299 1559 1319 seu
1583 1288 1691 1320 fomes

991 1338 1104 1380 lychni
1119 1345 1156 1370 et
1183 1340 1329 1370 lucernae
1348 1351 1356 1370 z
1381 1340 1428 1369 ita
1450 1340 1533 1369 utin
1552 1349 1617 1370 nna
1642 1341 1689 1370 lu-

992 1399 1094 1420 cerna
1108 1390 1221 1430 plures
1235 1390 1426 1430 lychnuchi,
1443 1399 1500 1419 seu
1519 1390 1603 1429 nasi,
1620 1400 1689 1421 ros-

993 1444 1126 1480 traque,
1143 1450 1216 1480 quae
1245 1441 1412 1470 sustinent
1441 1441 1492 1470 vel
1520 1441 1692 1480 candelas,

992 1491 1044 1521 vel
1075 1500 1216 1529 cereos;
1254 1496 1290 1521 ut
1321 1491 1508 1531 plerunque
1543 1492 1690 1531 pensiles

991 1545 1069 1571 sunt
1093 1540 1286 1581 lychnuchi,
1301 1541 1357 1581 qni
1373 1550 1444 1578 sex,
1465 1546 1610 1580 septem,
1631 1545 1691 1571 aut

991 1591 1088 1630 plura
1104 1592 1229 1621 lumina
1241 1592 1272 1621 in
1291 1592 1406 1622 orbem
1423 1590 1544 1621 ferant.
1573 1591 1653 1622 Rad.

1035 1641 1140 1672 Eric.
1159 1650 1248 1673 xmr.
1266 1644 1285 1672 2
1298 1641 1472 1681 Subducta]
1498 1642 1601 1672 Furto
1611 1642 1688 1673 sub-

991 1690 1076 1722 lata:
1101 1698 1138 1722 ut
1155 1692 1270 1732 Epigr.
1285 1695 1337 1723 59.
1355 1692 1412 1724 lib.
1429 1695 1460 1723 9.
1477 1694 1539 1724 &c.

1034 1742 1257 1774 Emaxmn.
1282 1743 1442 1782 Corinth]
1465 1744 1516 1774 Ex
1541 1752 1607 1774 aere
1622 1745 1687 1775 Co-

991 1795 1128 1835 rinthi0,
1155 1797 1243 1839 quod
1275 1797 1452 1837 optimum.
1497 1797 1584 1827 Vide
1612 1807 1685 1838 quae

991 1847 1032 1877 ad
1060 1857 1148 1879 vers.
1180 1851 1256 1879 795.
1294 1847 1427 1879 Medeae
1453 1849 1592 1879 Senecae
1617 1858 1690 1879 nos-

991 1897 1047 1927 tri.

1034 1950 1048 1977 l
1077 1948 1224 1985 Nomina,
1240 1949 1307 1989 ssa]
1342 1949 1531 1979 Lucernam
1548 1959 1566 1979 a
1590 1949 1687 1980 Grae-

989 1996 1036 2026 cis
1062 2006 1227 2036 accepere
1251 1997 1401 2037 frugales
1421 1999 1572 2037 Romani,
1586 1999 1684 2038 longe

989 2051 1067 2087 post
1096 2046 1349 2084 candelabrum,
1378 2047 1409 2077 in
1427 2058 1494 2087 quo
1517 2047 1687 2087 figebatur

988 2097 1128 2127 candela
1144 2106 1203 2127 seu
1219 2097 1387 2127 funiculus
1402 2098 1534 2129 ardens,

1033 2147 1136 2177 Erro.
1153 2156 1248 2178 xmv.
1272 2150 1291 2178 2
1308 2148 1447 2178 Lucerna
1463 2148 1534 2189 tibi]
1552 2148 1683 2181 Arden-

988 2202 1021 2228 te
1037 2199 1169 2238 pariter
1187 2199 1297 2238 ligneo
1320 2199 1535 2230 candelabro.

1032 2248 1135 2279 Epic.
1154 2257 1235 2279 xzv.
1261 2249 1334 2279 Pila
1349 2248 1439 2289 pag]
1463 2250 1568 2280 Dicta
1581 2259 1683 2290 paga-

988 2299 1074 2336 nica,
1091 2299 1144 2329 vel
1163 2299 1204 2329 ab
1227 2299 1414 2329 hominibus
1446 2300 1602 2340 paganis,
1627 2301 1681 2331 vel

987 2349 1082 2388 pagis
1114 2349 1264 2388 urbanis,
1292 2349 1411 2390 quibus
1447 2357 1521 2381 erat
1547 2351 1579 2380 in
1609 2360 1682 2382 usu.

987 2399 1061 2429 Pila
1073 2401 1237 2439 paganica
1251 2400 1363 2440 plmna
1373 2399 1591 2440 farciebatur,
1601 2403 1682 2431 mol-

985 2449 1048 2479 lior
1064 2455 1139 2480 erat
1162 2450 1242 2490 pila,
1267 2450 1382 2481 durior
1398 2456 1433 2481 et
1456 2452 1562 2481 minor
1586 2450 1681 2491 folle,

985 2500 1093 2540 major
1109 2500 1278 2540 trigonali.
1310 2502 1392 2532 Rad-

1029 2552 1044 2579 l
1074 2549 1236 2590 Οῇῗὶεὶζίε]
1258 2551 1346 2582 Quia
1362 2561 1452 2590 aegre
1476 2551 1624 2592 stipatur
1647 2552 1679 2581 in

986 2599 1098 2639 pilam.
1150 2600 1312 2637 Paganica
1341 2602 1458 2641 pluma,
1492 2603 1559 2643 Sym]
1590 2602 1679 2632 Vide

986 2649 1156 2689 Epigram.
1175 2652 1224 2680 19.
1249 2651 1308 2682 lib.
1331 2655 1362 2682 4.

1026 2699 1132 2730 Erro.
1150 2708 1248 2730 xnvr.
1274 2703 1286 2731 l
1311 2701 1485 2740 Nobilibus]
1509 2701 1597 2732 Scal.
1613 2711 1675 2730 mo-

984 2749 1103 2781 bilibus.
1142 2751 1248 2781 Sci-iv.
1287 2752 1432 2791 conject.
1468 2752 1506 2782 Si
1543 2763 1588 2782 me
1616 2753 1675 2782 scis
