1866 3131
389 178 433 208 M.
469 178 575 207 VAL.
611 177 884 207 MARTIALIS
921 178 1077 208 EPIGR.
1114 178 1204 207 1113.
1238 178 1307 208 IX.

124 272 341 304 Domitianus
370 284 491 314 pueros
520 274 607 305 intra
637 274 817 314 septimum

123 334 244 355 annum
265 325 437 365 prostitui,
460 330 494 356 et
513 324 694 355 Scatiniam
722 333 816 354 revo-

119 376 222 406 cavit.
255 376 350 406 Suet.
369 376 467 406 Dom.
484 385 560 415 cap.
574 378 604 406 8.

162 429 179 455 7
204 426 363 456 Succurrit
390 426 525 466 ephebis]
550 426 602 456 Ne
629 430 816 456 castraren-

120 482 187 507 tur.
211 476 319 516 Supra
336 476 451 516 Epigr.
468 478 498 507 7.
515 485 601 508 vers.
618 479 649 506 3.
663 481 697 507 et
713 476 770 507 lib.
783 479 815 507 ὃ.

118 527 235 567 Epigr.
251 529 282 558 2.
300 535 388 557 verS.
404 529 436 557 3.

162 578 266 608 Eme.
284 586 319 608 x.
346 575 545 616 Bithynicus
559 576 737 617 quotannis
752 576 816 607 Fa-

118 626 172 657 bio
190 636 249 658 sex
276 627 379 657 millia
406 626 475 657 HS.
503 626 657 663 donavit,
686 632 722 657 ut
740 631 814 657 tan—

117 676 193 707 dem
211 678 318 708 haeres
330 676 537 708 scriberetur
553 686 572 706 a
584 676 701 707 Fabio.
746 676 814 707 Sed

118 728 242 758 Fabius
268 732 375 759 artem
400 727 562 768 captandi
594 732 727 766 notans,
756 728 815 759 illa

116 787 195 808 sena
211 778 314 808 millia
331 777 554 818 consumpsit,
578 782 614 809 et
631 778 813 819 Bithynico

114 828 259 858 moriens
277 828 322 858 nil
338 828 476 868 legavit.
523 828 734 860 Querentem
757 828 814 859 Bi·

114 878 285 918 thynicum
297 878 540 910 solaturPoiita
551 878 724 910 irridendo
735 889 813 920 cap-

113 934 272 961 tatorem.
317 931 408 970 Noli,
434 931 554 972 inquit,
577 931 672 972 queri
689 931 751 962 tibi
767 932 813 962 nil

112 980 262 1019 legatum
277 991 285 1012 ς
308 981 484 1021 quotannis
500 980 590 1011 enim
607 980 668 1011 tibi
684 981 814 1021 legavit

112 1040 172 1061 sex
199 1031 315 1070 millia,
342 1041 419 1072 quae
444 1031 578 1062 solebas
601 1036 703 1063 antea
730 1033 812 1064 dare

110 1081 231 1120 Fabio,
247 1086 282 1112 et
299 1082 443 1121 posthac
459 1092 524 1112 non
542 1082 649 1113 dabis.
672 1083 754 1114 Rarl.

154 1135 171 1162 l
198 1132 267 1163 Tibi
293 1133 409 1171 legavit
440 1132 570 1173 Fabius,
594 1132 662 1173 ἐγὼ]
700 1135 811 1167 Quem

107 1182 351 1222 haeredipetam
367 1187 512 1214 notarat.

151 1236 171 1264 4
195 1235 320 1273 Annua,
348 1233 416 1274 [swa]
452 1233 530 1264 Tibi
561 1233 633 1274 jam
672 1239 810 1266 manent

91 1286 208 1324 ‚6000.
232 1284 305 1316 HS.
332 1294 406 1325 quae
425 1283 531 1314 Fabio
548 1284 626 1314 vivo
651 1284 808 1316 conferre

108 1344 218 1366 annua
232 1334 375 1374 solebas,
390 1340 428 1366 ut
444 1334 551 1365 haeres
568 1334 775 1367 scribereris.

151 1385 257 1416 EP1G.
276 1394 326 1416 xl.
350 1385 527 1415 Parasitus
545 1385 734 1416 instruatur
749 1395 807 1416 ne-

108 1445 204 1466 cesse
229 1440 281 1466 est
307 1440 431 1466 octava
455 1439 529 1466 arte
556 1435 716 1475 ingenua,
745 1436 807 1467 hoc

108 1490 173 1525 est,
202 1485 415 1517 Adulatoria.
462 1485 608 1517 Gulosus
638 1487 808 1527 coenipeta

106 1536 266 1577 loquatur
283 1535 466 1576 placentia,
483 1540 519 1567 ut
538 1535 594 1576 qui
609 1536 807 1568 libertatem

108 1586 254 1627 dapibus
284 1586 488 1617 vendiderit.
548 1587 722 1626 Epigram.
752 1590 805 1618 53.

107 1636 165 1666 lib.
183 1638 213 1666 2.
239 1636 354 1667 Liberi
370 1636 458 1666 enim
481 1636 588 1666 libere
606 1636 649 1667 de
666 1638 806 1668 aliorum

106 1686 196 1717 vitiis
213 1688 405 1728 loquuntur,
425 1686 549 1716 nemini
566 1686 805 1718 blandiuntur:

104 1738 182 1768 hinc
199 1747 217 1768 a
235 1737 366 1767 nemine
384 1737 588 1767 invitantur:
614 1737 721 1777 gulosi
741 1737 805 1769 nisi

105 1788 287 1818 adulentur
302 1792 335 1817 et
351 1787 487 1817 riserint
504 1796 579 1817 cum
602 1787 805 1828 ridentibus,

101 1847 167 1868 non
186 1842 361 1868 vocantur.
385 1837 536 1867 Raderus.

150 1889 255 1919 Eme.
280 1896 345 1918 xn.
385 1887 435 1918 De
459 1887 577 1917 Earino
612 1887 804 1930 Domitiani]

104 1938 217 1969 Puero
233 1936 436 1968 Domitiani.

146 1988 250 2020 Ludit
262 1989 294 2019 in
319 1988 452 2019 nomine
470 1987 599 2027 Earini,
615 1988 800 2020 Domitiani

104 2039 279 2070 Eunuchi:
319 2044 354 2070 et
381 2047 502 2069 nomen
533 2038 670 2078 quidem
700 2039 800 2071 dulce

101 2099 187 2129 esse,
201 2089 289 2131 quod
303 2099 322 2120 a
335 2098 412 2120 vere
425 2090 468 2119 sit
481 2088 678 2120 deductum.
703 2090 800 2122 Grae-

102 2140 148 2171 cis
164 2140 252 2170 euim
271 2138 322 2179 ἔαρ
345 2140 354 2157 ‘
369 2149 427 2170 ver
439 2139 448 2152 ’
462 2144 579 2170 sonat:
605 2139 663 2170 sed
681 2145 799 2171 contu-

102 2190 248 2221 macibus
262 2190 398 2230 syllabis
409 2194 575 2230 constare,
586 2190 799 2233 syllabasque

103 2250 304 2280 repugnare.

146 2293 161 2320 1
182 2290 388 2331 Nomen‚5;c.]
409 2289 551 2330 Ἐαρινὸς,
566 2300 701 2331 vernus,
719 2292 798 2323 viri-

103 2341 166 2380 dis,
182 2341 222 2372 ab
245 2339 298 2382 ἔαρ
323 2351 394 2381 ver,
417 2342 505 2383 quod
530 2340 668 2373 floribus
693 2343 797 2374 abun-

103 2392 175 2422 dat.

144 2446 163 2473 2
198 2442 280 2474 Pars
304 2442 419 2483 optima
440 2443 529 2484 anni]
565 2444 646 2475 Ver.
673 2444 798 2477 Omnia

103 2497 182 2524 tunc
195 2492 331 2525 florent.

144 2547 161 2574 3
187 2543 324 2585 Hyblam
342 2545 419 2584 quod
434 2543 532 2585 sapit]
567 2546 638 2576 Mel
656 2555 697 2576 ex
723 2546 795 2587 Hy-

101 2594 157 2625 bla
173 2595 300 2626 Siciliae
318 2599 442 2626 monte.
487 2594 667 2636 Atticosque
680 2597 795 2637 flores]

102 2644 232 2684 Apibus
249 2645 407 2686 depastos
433 2645 466 2677 in
495 2646 659 2688 Hymetto
682 2652 795 2679 monte

100 2694 239 2727 Atticae.

1455 169 1565 211 1:327

911 275 930 303 4
957 273 1069 311 Nidos,
1085 272 1154 313 go]
1178 273 1359 305 Phoenicis.
1380 274 1498 315 Epigr.
1511 279 1566 306 55.

869 321 928 353 lib.
946 325 978 352 6.
996 332 1079 353 vers.
1097 326 1126 354 2.

910 375 930 402 6
955 372 1082 413 Cybeles
1103 375 1194 414 puer]
1236 374 1335 416 Atys.
1369 375 1486 416 Epigr.
1512 378 1567 406 86.

866 423 890 453 l.
907 426 940 454 2.

909 475 928 504 7
955 474 1018 509 Qui
1030 476 1149 515 pocula,
1168 475 1236 515 Era]
1261 475 1490 516 Ganyrnede5‚
1506 475 1568 508 Jo-

868 524 916 555 vis
932 525 1126 564 pocillator.

909 576 928 604 8
958 574 1146 614 Parrhasia,
1171 576 1238 616 ᾅτκ]
1278 577 1448 609 Palatina.
1485 579 1565 619 Epi-

866 633 972 664 gram.
987 629 1040 657 55.
1062 625 1119 656 lib.
1138 629 1168 658 7.
1185 636 1274 657 vers.
1289 630 1321 657 2.
1367 627 1478 668 Sonos]
1504 629 1567 660 Lo-

867 675 990 716 quaris.

906 729 927 756 9
950 727 1159 767 Respondent,
1184 726 1254 767 eya]
1288 727 1410 758 Omnis
1438 729 1560 769 gratia,

864 782 1037 817 venustas,
1065 778 1249 818 elegantia,
1274 783 1310 809 et
1337 779 1488 811 suavitas
1513 789 1565 811 re·

864 828 1048 868 spondent,
1062 833 1098 860 et
1115 829 1228 860 insunt
1244 830 1298 860 ori
1315 834 1386 861 tuo.

906 881 946 909 ll
971 880 1124 910 Nonrurli
1135 880 1285 921 volebam]
1307 881 1416 912 Versu
1430 881 1564 922 elegan-

863 929 903 969 ti,
920 931 1023 961 tereti
1037 936 1072 962 et
1088 931 1244 962 rotundo.

907 983 946 1010 12
974 981 1019 1011 Τιι
1042 981 1171 1022 syllaba,
1199 982 1267 1022 Kyta]
1305 982 1421 1013 Prima
1452 982 1563 1014 brevis

863 1039 939 1060 cum
965 1031 1101 1072 reliquis
1120 1032 1256 1071 paribus
1279 1031 1398 1072 officit,
1424 1043 1489 1074 quo
1505 1035 1564 1065 rni-

861 1088 923 1110 nus
958 1089 1058 1111 versu
1093 1082 1240 1122 eleganti
1271 1082 1416 1114 dicatur.
1470 1084 1561 1116 Hinc

862 1131 871 1146 ‘
888 1131 1109 1171 Equotutium
1122 1131 1130 1145 ’
1148 1133 1324 1173 Horatius,
1347 1134 1356 1150 ‘
1369 1134 1561 1174 Sigillaria'

861 1180 1013 1211 Lucilius
1027 1182 1263 1213 circumlocuti
1274 1189 1362 1223 sunt,
1378 1193 1438 1214 seu
1449 1185 1561 1225 potius

860 1230 1078 1270 conjicienda
1093 1231 1232 1271 dedere,
1250 1233 1258 1249 ‘
1271 1234 1357 1265 Quae
1370 1243 1469 1265 versu
1481 1234 1561 1265 hex.

860 1285 990 1311 ametro
1006 1290 1072 1311 non
1089 1282 1190 1321 plane
1205 1282 1319 1313 dicere
1335 1284 1465 1323 possis!

903 1332 942 1360 13
968 1331 1102 1370 Dicunt,
1121 1331 1189 1371 δῖα]
1211 1331 1278 1362 Ἐπ’
1294 1331 1412 1363 ἄνθεσιν
1426 1332 1560 1374 εἰαρινοῖ-

858 1390 919 1411 σιν.
944 1381 1085 1413 Homer.
1102 1382 1144 1413 Il.
1159 1386 1194 1414 B.

902 1432 941 1461 14
965 1430 1027 1462 Sed
1047 1432 1166 1471 Groeci,
1192 1431 1260 1473 δῖα]
1296 1433 1436 1466 Homer.
1464 1435 1507 1467 ΙΙ.
1525 1439 1559 1467 Ε.

849 1478 941 1520 ’Ἆρες
956 1479 1024 1521 ἅρες
1043 1481 1240 1523 βροτολοιγὲ,
1265 1483 1413 1523 μιαιφόνε,
1428 1496 1559 1524 τειχεσι-

856 1532 983 1568 πλῆτα;
1008 1532 1064 1562 ubi
1080 1533 1188 1573 prima
1216 1533 1250 1564 in
1270 1533 1361 1574 Ἄρες
1376 1537 1560 1567 communi-

859 1587 911 1613 ter
936 1587 1129 1622 usurpatur,
1155 1583 1214 1614 sed
1241 1585 1371 1615 variato
1401 1592 1557 1618 accentu.

857 1632 949 1663 Hinc
975 1637 1009 1663 et
1028 1633 1174 1664 Lucilius
1199 1634 1291 1670 lusit,
1316 1636 1419 1668 APEC
1453 1639 1555 1669 APEC

857 1682 971 1714 Graeci
988 1687 1026 1714 ut
1041 1683 1183 1715 faciunt.

899 1737 940 1765 16
964 1734 1062 1765 Nobis
1089 1744 1161 1775 nou,
1187 1735 1257 1775 ᾅ’σ.]
1291 1736 1398 1768 Nobis
1426 1739 1556 1770 Latinis

855 1783 965 1823 poetis
978 1794 1043 1815 non
1056 1784 1264 1824 permittitur
1275 1786 1391 1817 eadem
1405 1788 1556 1819 licentia.

897 1837 1003 1868 EP1G.
1022 1846 1105 1869 xm.
1124 1841 1139 1868 1
1156 1837 1331 1878 Ὀπώρινος]
1349 1839 1390 1870 Id
1405 1845 1471 1879 est,
1484 1840 1555 1871 Aue·

853 1887 1024 1918 tumnalis.

893 1939 914 1967 2
937 1936 1124 1978 Χειμέρινος]
1146 1938 1188 1969 Id
1201 1943 1265 1979 est,
1282 1939 1470 1973 Hibernus.

894 1990 912 2018 3
936 1987 1072 2028 Θέρινος]
1095 1988 1136 2019 Id
1153 1990 1390 2030 est,AEst1vus.

892 2040 913 2068 4
941 2038 1057 2079 Verna]
1079 2038 1222 2079 Ἐαρινὸς,
1239 2040 1272 2070 id
1286 2045 1349 2080 est,
1363 2041 1509 2073 Vernus.

892 2088 999 2119 EP1G.
1017 2097 1092 2120 xrv.
1110 2091 1125 2119 l
1157 2090 1267 2120 Tenerz'
1281 2090 1371 2130 anni]
1396 2091 1507 2122 Veris.

893 2142 913 2170 2
936 2139 1129 2179 Βνευε,ᾃ”ε.]
1164 2140 1281 2171 Flores
1303 2150 1435 2181 vernos,
1464 2142 1551 2173 veris

850 2189 996 2220 honores
1014 2190 1048 2220 in
1066 2189 1246 2229 Hymetto.

892 2244 910 2272 3
936 2241 1081 2272 Acidalia
1105 2243 1258 2272 arundine
1279 2242 1388 2282 pingi]
1426 2243 1548 2275 Cnidio

849 2292 996 2323 calamo:
1021 2301 1063 2322 an
1075 2291 1239 2323 columb-«e
1252 2302 1376 2333 penna,
1390 2303 1464 2334 quae
1481 2294 1548 2325 Ve-

848 2342 938 2372 neris
956 2341 1047 2373 avis?
1071 2340 1125 2372 An
1143 2350 1256 2381 penna
1271 2351 1328 2372 seu
1340 2343 1465 2382 sagitta
1481 2343 1546 2374 Cu-

848 2392 986 2434 pidinis,
1004 2391 1150 2423 Veneris
1163 2390 1247 2421 filii?
1272 2391 1360 2422 Vide
1377 2392 1476 2433 Epig.
1494 2396 1545 2424 13.

846 2444 868 2474 l.
886 2447 917 2475 6.
934 2453 1019 2474 vers.
1036 2447 1067 2473 5.

889 2497 908 2525 4
935 2494 1101 2534 Cytherea,
1112 2492 1179 2533 fisa]
1202 2494 1279 2526 Qua
1292 2494 1406 2525 Venus
1420 2504 1545 2535 praeses

847 2545 935 2576 veris
951 2545 1062 2584 pingit
1079 2544 1187 2574 varios
1199 2543 1309 2575 flores.

890 2597 907 2624 5
933 2594 1068 2633 Nomen,
1090 2594 1281 2634 Erythraez's]
1313 2594 1447 2626 Nomen
1471 2596 1543 2638 dig-

846 2656 938 2686 num,
968 2646 1056 2686 quod
1087 2650 1183 2677 notet
1213 2646 1330 2678 littera
1359 2646 1453 2678 facta
1482 2658 1542 2681 seu

848 2697 990 2738 scripta,
1016 2697 1205 2738 Erythraeis
1233 2697 1374 2739 lapillis3
1411 2698 1445 2730 id
1476 2704 1541 2739 est,
