1866 3131
278 197 382 238 ’135ίὶ

273 313 392 334 novum
412 303 516 334 Fastis
529 302 638 343 aperit
648 300 801 334 felicibus
815 302 960 341 annum,²

272 360 334 388 &a

313 411 331 438 4
356 406 449 437 Plebe
467 407 590 442 Numoe,
604 404 674 444 ἐγὼ]
697 404 802 436 Plebe
819 405 910 435 tenui
927 410 961 436 et

271 466 433 497 paupere,
448 456 634 496 cujusmodi
647 456 717 496 ipse
732 454 796 486 fuit
812 455 933 487 Numa.

313 512 330 539 5
358 507 531 548 Respiciut]
555 506 637 545 Alii,
662 506 816 547 respiciet.
836 506 959 538 Juven.

270 559 379 598 Satyr.
396 561 426 589 3.
445 567 530 588 vers.
547 559 620 588 184.
650 557 827 592 Dominum,
842 566 959 595 regern-

267 609 340 650 qne]
362 608 558 647 Patronnm,
583 617 665 649 quos
688 617 784 647 reges
800 612 835 638 et
858 607 961 637 domi-

268 668 327 689 nos
344 658 500 697 vocabat,
518 663 555 688 ut
568 667 668 698 snpra
684 667 784 697 saepe.

310 711 330 739 6
358 709 423 739 Hoc
439 712 484 747 tu,
499 709 568 749 alsa]
591 709 707 748 Egone
731 712 764 738 te
782 712 960 747 patronum

268 760 432 799 salutabo,
448 760 504 801 qui
527 760 598 800 ipse
615 760 697 790 alios
714 759 838 789 salutas
855 757 959 788 multo

267 809 422 840 blandius
439 819 538 851 quam
555 819 618 849 ego
637 809 691 840 te?

309 863 328 891 8
353 861 415 891 Per
431 861 571 900 medium,
585 861 654 901 Qu]
675 860 739 890 Sed
757 864 791 890 et
814 858 886 899 ipsc
903 858 959 889 ali-

266 920 302 941 os
320 911 494 950 praecedis,
518 910 735 942 anteambulo
761 918 958 950 comesque3

266 961 517 1001 Epigrammate
529 965 582 992 36.
597 962 652 992 lib.
667 964 697 992 3.
713 971 798 992 vers,
813 963 844 992 4.

307 1015 327 1041 9
350 1011 483 1052 Saepius,
506 1012 575 1052 ἐξα]
612 1011 711 1044 Quod
740 1010 960 1050 attendentis,

263 1060 418 1101 faventis,
433 1062 735 1103 applaudentisque
751 1061 879 1101 signum
897 1066 959 1092 est.

308 1116 346 1143 10
371 1114 510 1152 Pariter,
534 1113 603 1153 fisa]
628 1112 833 1153 Applaudis:
859 1111 924 1150 vel,
941 1121 960 1141 a

263 1161 349 1194 facie
361 1164 473 1204 jactas
495 1173 620 1199 manus,
634 1163 727 1204 quasi
743 1171 804 1202 per
818 1161 958 1192 admira-

263 1213 400 1244 tionem.
423 1214 544 1246 Juven.
562 1214 630 1244 Sat.
646 1216 677 1244 3.
694 1222 780 1243 vers.
798 1214 870 1242 106.

308 1266 347 1294 12
374 1264 489 1294 Divisit
512 1267 642 1301 nostras,
667 1262 737 1303 [yon]
774 1263 879 1303 AEque
907 1272 957 1292 su-

263 1323 335 1343 mus
354 1314 514 1352 clientes;
542 1323 598 1344 vos
624 1313 801 1353 purpurati
829 1318 957 1343 tantuin

263 1362 412 1394 distincti
438 1363 518 1393 estis
538 1373 556 1394 a
583 1363 679 1394 nobis
701 1362 837 1403 togatis.
884 1363 958 1403 Vel,

262 1423 319 1443 vos
344 1414 519 1454 purpurati
535 1414 675 1444 clientes
691 1413 879 1444 exclusistis
897 1423 955 1444 nos

262 1469 395 1503 togatos
411 1464 452 1494 ab
469 1463 580 1495 officio
593 1464 766 1495 clientum.
808 1464 955 1496 Turneb.

262 1517 316 1545 30.
347 1514 406 1546 lib.
427 1517 479 1545 30.
525 1515 684 1554 Purpura
713 1515 801 1545 euim
824 1515 954 1555 insigne

262 1565 487 1596 Romanorum
505 1566 776 1607 magistratuum.
822 1567 955 1597 Dimisit

261 1617 430 1648 Gruterus
465 1627 504 1648 eo
545 1617 646 1648 modo
691 1618 953 1658 interpretatur:

258 1667 367 1699 Jussit
383 1677 456 1698 esse
471 1667 621 1707 feriatas,
636 1668 771 1698 inutiles
789 1667 954 1700 reddidit:

259 1723 417 1759 tanquam
444 1719 471 1748 si
499 1719 751 1749 dimitterentur
775 1719 831 1749 tali
848 1718 954 1757 facto,

260 1778 325 1799 non
344 1779 441 1801 secus
464 1779 563 1810 quam
581 1769 730 1809 symbolo
746 1769 888 1809 quodam
906 1769 955 1799 di-

259 1819 460 1850 mittebatur
476 1824 534 1850 aut
562 1819 700 1857 Concio,
716 1826 774 1850 aut
796 1820 954 1851 Senatus.

259 1870 315 1900 Sic
331 1874 367 1899 et
385 1869 511 1900 Noster
527 1869 585 1899 lib.
605 1871 635 1898 1.
652 1869 770 1909 Epigr.
793 1872 844 1899 78.
867 1870 876 1885 ‘
892 1869 953 1899 Di-

261 1920 415 1960 misitque
426 1920 567 1950 animam
586 1919 746 1949 nobiliore
762 1918 872 1959 rogoz'
896 1918 951 1950 lib.

260 1973 289 2000 2.
321 1970 439 2009 Epigr.
468 1972 519 2000 16.
550 1969 714 1999 ‘Dimitte
744 1969 951 2000 Machaonas

264 2020 403 2051 omnes!

302 2073 406 2102 EmG.
443 2080 493 2101 xl.
534 2070 573 2101 In
610 2079 748 2110 parcum
786 2069 949 2107 amir-um,

262 2131 335 2152 zese
367 2126 479 2152 tamen
518 2120 685 2161 Pyladem
716 2126 751 2151 et
790 2121 951 2151 Theseum

254 2173 387 2211 jactare
405 2182 532 2203 ausum.
571 2171 681 2202 Poeta
698 2181 792 2202 veros
809 2171 857 2201 ait
872 2172 951 2202 ami-

258 2222 472 2262 cos,nonqui
495 2222 620 2262 aliquid
649 2221 787 2262 donent,
811 2223 867 2253 sed
897 2223 952 2263 qui

258 2272 358 2303 πάντα
371 2272 454 2303 κοινὰ
469 2272 629 2303 habeant.

302 2328 314 2355 1
363 2325 489 2363 Theseu,
529 2323 784 2365 Perithoumque]
829 2325 952 2356 Nobile

260 2375 441 2405 amicorum
457 2384 529 2414 par.

300 2428 318 2455 3
346 2425 470 2465 Pyladi,
500 2424 568 2464 Era]
591 2424 656 2455 Vel
681 2423 794 2455 infimo
824 2424 951 2455 servitii

259 2484 397 2505 munere
421 2473 571 2514 defungi,
594 2479 633 2505 ut
657 2480 823 2514 praestare
844 2480 950 2506 matu-

257 2525 335 2564 lam,
348 2525 399 2555 vel
415 2534 536 2565 porcos
548 2534 698 2564 pascere.

300 2577 318 2604 4
343 2575 458 2604 Porcos
483 2583 608 2613 pascere
638 2573 797 2613 Perithoi]
834 2574 949 2613 Forte,

258 2625 346 2665 quod
359 2625 390 2654 in
409 2623 604 2664 glandiferis
621 2623 721 2654 Pindi
734 2624 834 2664 sylvis
848 2623 947 2664 dege-

259 2673 316 2703 bat
336 2674 526 2704 Perithous.

299 2727 318 2754 ὓ
346 2724 542 2764 Είὶοεανημιι
556 2723 697 2763 multum]
715 2723 947 2756 QuaeritGru-

260 2780 363 2811 terna,
383 2778 490 2803 utrum
515 2772 602 2813 apud
624 2773 794 2812 fullonem,
814 2784 853 2804 an
869 2783 947 2804 vero

728 207 865 237 NOTAE
901 208 955 234 x'A
970 207 1117 236 RIORU
1130 207 1158 235 ,Ἡ
1195 208 1243 236 1>ss

1010 302 1213 332 tinctorem?
1258 303 1454 343 Respondet
1491 303 1699 336 Scriverius:

1010 353 1149 383 ‘Lotani
1174 353 1304 393 togam'
1327 354 1424 390 dixit,
1451 359 1487 385 ut
1511 355 1609 386 alibi:
1633 356 1700 387 ‘Et

1010 403 1111 432 lotam
1129 402 1226 433 niveo
1244 408 1355 443 togam
1370 404 1521 435 Galeso:‘
1545 404 1624 445 quia
1639 414 1698 436 sae-

1011 453 1081 492 pius
1100 453 1170 483 lana
1190 452 1324 484 flumine
1340 455 1481 485 lavatur.
1517 454 1593 486 Hoc
1619 455 1700 486 nihil

1009 508 1062 533 est
1078 502 1205 534 dicere.
1243 504 1377 534 Etenim
1394 505 1492 535 aliter
1509 510 1585 545 toga
1601 506 1699 536 niveo

1010 553 1133 584 Galeso
1164 554 1243 591 lota,
1280 555 1378 586 aliter
1415 555 1538 586 dicitur
1580 560 1699 596 terque

1010 609 1197 645 quaterque
1222 605 1301 636 lota.
1346 605 1410 636 Illa
1430 606 1489 636 lib.
1522 609 1548 636 2.
1582 606 1698 646 Epigr.

1008 656 1059 685 43.
1082 660 1116 685 et
1139 655 1196 685 lib.
1227 658 1257 686 4.
1287 656 1403 696 Epigr.
1427 659 1478 688 28.
1498 662 1549 687 est
1567 656 1660 687 facta
1680 666 1699 687 e

1009 705 1085 735 lana
1105 705 1308 737 Tarentina:
1345 712 1381 737 ut
1406 707 1462 737 lib.
1493 710 1523 738 8.
1550 708 1613 748 Ep.
1641 710 1697 738 27.

1008 756 1016 772 ‘
1031 756 1136 787 Baetis
1157 757 1190 786 in
1214 756 1383 796 Hesperia
1409 762 1443 789 te
1469 767 1599 799 quoque
1616 759 1699 790 lavit

1009 806 1096 837 ove.'
1134 806 1328 848 Alloquitur
1355 814 1468 848 togam
1503 809 1701 840 Parthenia.

1009 867 1098 888 nam.
1143 858 1286 889 Galesus
1304 859 1343 890 ad
1357 860 1548 899 Tarentum,
1572 864 1609 891 ut
1626 861 1700 891 Βεε-

1010 908 1052 938 tis
1068 909 1099 938 in
1120 908 1296 949 Hispania,
1313 920 1405 948 oves,
1419 915 1454 941 et
1472 910 1566 941 sicin
1581 910 1699 942 ovibus

1010 960 1132 998 lanam,
1149 959 1181 990 in
1198 961 1282 990 lanis
1307 959 1455 991 suturam
1483 965 1593 1002 togam
1609 961 1699 992 lave-

1010 1014 1099 1040 runt.
1138 1010 1184 1041 At
1213 1010 1305 1041 ‘lota
1335 1014 1454 1051 terque
1492 1012 1700 1052 quaterque'

1009 1066 1077 1099 est,
1093 1060 1181 1100 apud
1209 1060 1369 1092 fullonem
1387 1061 1540 1093 sordibus
1556 1067 1700 1103 purgata

1009 1117 1042 1142 et
1069 1111 1286 1151 interpolata,
1313 1111 1401 1153 quod
1429 1112 1579 1143 viliorem
1605 1111 1701 1144 facit.

1009 1162 1057 1192 Ut
1088 1161 1174 1202 apud
1206 1162 1424 1192 Petronium:
1464 1161 1699 1192 ‘Vestimenta

1007 1212 1108 1251 Tyria
1125 1212 1194 1242 sine
1211 1212 1327 1251 dubio,
1341 1212 1477 1253 sedjam
1491 1213 1594 1243 semel
1609 1213 1700 1244 lota.'

1011 1261 1195 1294 Gronovius.
1240 1262 1282 1292 Et
1298 1262 1407 1302 lotum]
1432 1261 1476 1292 Et
1494 1267 1607 1302 togam
1630 1272 1696 1293 non

1007 1320 1110 1351 usque
1127 1311 1210 1341 adeo
1227 1311 1354 1349 tritam,
1370 1320 1434 1342 non
1453 1312 1538 1342 ultra
1555 1316 1607 1342 ter
1619 1322 1698 1353 qua-

1007 1366 1100 1391 terve
1131 1362 1243 1393 lotam.
1295 1361 1473 1392 Salmasius
1490 1363 1572 1401 legit
1595 1363 1638 1393 Et
1656 1364 1697 1393 Io-

1008 1416 1084 1452 tam,
1098 1416 1133 1443 ut
1161 1413 1331 1451 minimum,
1359 1415 1410 1453 350.
1436 1413 1635 1445 Obsoletam
1661 1420 1696 1445 et

1007 1463 1062 1494 diu
1092 1464 1239 1495 habitam
1270 1464 1443 1505 intelligit,
1468 1470 1587 1505 utpote
1622 1475 1696 1506 qnae

1006 1518 1058 1544 ter
1073 1514 1113 1544 ad
1127 1513 1285 1545 fullonem
1302 1515 1346 1546 sit
1362 1515 1462 1546 missa
1477 1515 1617 1546 maculis
1629 1516 1699 1546 elu-

1006 1564 1111 1594 endis.
1147 1564 1228 1595 'l'ria
1251 1574 1371 1605 nempe
1396 1564 1530 1596 fullonis
1562 1565 1700 1605 propria

1006 1618 1084 1644 sunt
1116 1614 1149 1644 in
1178 1614 1344 1654 poliendis
1375 1616 1606 1646 vestimentis:
1631 1615 1697 1655 pri-

1006 1674 1094 1695 mum
1107 1665 1143 1694 τὸ
1157 1663 1292 1703 πλύνειν,
1309 1665 1434 1704 lavare,
1448 1670 1581 1706 tergere
1595 1665 1696 1703 nitro,

1005 1721 1099 1747 creta
1114 1716 1259 1756 cimolia,
1282 1720 1317 1747 et
1333 1716 1507 1748 similibus.
1555 1716 1599 1747 Ut
1620 1716 1698 1746 mul-

1003 1769 1080 1805 tum,
1095 1766 1162 1806 fisa]
1187 1768 1237 1797 Ex
1250 1776 1394 1807 persona
1410 1767 1528 1798 Po'etae
1546 1767 1696 1807 interpo-

1004 1816 1116 1854 situm,
1129 1817 1334 1856 indignantis
1350 1822 1463 1857 togam
1479 1817 1695 1859 imputatam,

1004 1868 1099 1907 qnasi
1113 1877 1231 1908 magna
1244 1868 1301 1897 illa
1315 1877 1366 1897 res
1381 1868 1460 1898 siet.

1045 1920 1063 1947 7
1090 1918 1149 1948 Nil
1178 1927 1323 1957 unquam,
1353 1917 1419 1957 Sym]
1457 1917 1594 1958 Quippe
1637 1918 1693 1959 qui

1003 1969 1113 1999 omnia
1148 1978 1222 1999 cum
1257 1968 1386 2008 Pylade
1425 1969 1694 2000 communicavit.

1003 2019 1101 2050 Quod
1130 2019 1208 2059 quia
1236 2023 1270 2048 tu
1300 2028 1363 2048 non
1391 2017 1485 2056 facis,
1512 2018 1570 2049 sed
1588 2019 1694 2049 multa

1001 2078 1116 2107 negas,
1133 2078 1197 2098 non
1215 2077 1249 2098 es
1268 2077 1365 2098 verus
1379 2068 1515 2098 amicus.

1046 2119 1148 2149 Eme.
1165 2127 1230 2149 ΧΠ.
1253 2118 1364 2148 Vovet
1389 2128 1554 2149 secessum
1574 2119 1691 2150 Domi-

1003 2170 1050 2199 tio
1065 2167 1255 2207 felicem‚et
1273 2167 1430 2199 reditum.
1455 2168 1594 2200 AEmiliae
1612 2170 1692 2201 urbs

1002 2220 1123 2250 dicitur
1137 2219 1328 2259 Apollinea,
1346 2220 1399 2250 vel
1416 2230 1434 2250 a
1447 2220 1692 2252 liberalioribus

1002 2270 1198 2310 disciplinis,
1214 2270 1265 2300 vel
1279 2270 1320 2300 ob
1339 2271 1500 2310 templum
1516 2270 1692 2312 Apollinis.

1003 2321 1085 2350 Rau.

1045 2373 1059 2400 1
1086 2370 1223 2399 AEmilz'ae
1235 2370 1358 2410 gentes]
1381 2370 1432 2400 De
1448 2370 1510 2401 hoc
1527 2370 1601 2402 loco
1614 2371 1691 2402 vide

1003 2420 1084 2451 Not.
1101 2420 1141 2449 ad
1162 2420 1232 2450 Liv.
1260 2420 1317 2450 lib.
1336 2428 1441 2451 xxix.
1457 2423 1488 2450 2.
1515 2421 1583 2461 ubi,
1600 2422 1689 2462 quod

1000 2481 1113 2511 operae
1131 2472 1527 2511 peccaverunt,corriges
1543 2482 1584 2502 ex
1601 2482 1691 2503 erra-

1000 2522 1054 2552 tis.
1079 2521 1177 2551 Gron.
1222 2521 1359 2551 AEmz'lioe
1370 2520 1492 2560 gentes]
1517 2521 1632 2561 Epigr.
1657 2525 1688 2553 4.

1000 2571 1056 2602 lib.
1087 2574 1118 2601 3.
1142 2581 1228 2600 vers.
1250 2573 1281 2601 2.
1318 2571 1497 2610 Apollineas
1518 2571 1686 2611 Vercellas]

1001 2622 1173 2663 Oppidum
1213 2622 1417 2659 Insubrium,
1470 2622 1526 2653 ubi
1567 2622 1690 2663 Apollo

1000 2673 1132 2704 colitur.
1168 2672 1254 2702 Vide
1283 2672 1348 2702 Ph.
1370 2672 1560 2703 Cluverium
1578 2673 1634 2704 lib.
1657 2676 1686 2704 1.

999 2723 1075 2753 Ital.
1092 2721 1205 2763 Antiq.
1230 2732 1302 2762 cap.
1318 2725 1369 2753 23.

1039 2776 1058 2803 ‘2
1084 2772 1266 2802 Plia'e'tontei
1297 2771 1393 2811 Pasti]
1418 2771 1542 2811 Padm,
1571 2772 1685 2803 Erida-
