1866 3131
388 217 433 244 M.
471 216 529 245 x'A
542 216 578 244 [a.

130 316 174 347 ta,
205 311 344 350 urbana,
382 311 540 342 clientum
571 310 731 349 ambitus,
760 314 823 340 xc.

133 363 244 401 Epigr.
262 365 314 393 51.
331 361 429 399 infra,
446 372 532 392 vers.
552 365 583 392 6.
608 364 616 378 ‘
629 362 659 391 0
672 361 827 392 tunicata

130 413 247 452 q11ies.'
292 414 384 444 Mens
405 413 522 453 quieta]
549 412 658 442 Animi
686 421 824 442 concor-

129 464 217 494 diam
240 465 371 495 Seneca
398 468 494 503 putat
510 473 672 493 summum
691 462 825 493 bonum.

172 518 192 544 6
220 514 308 545 Vires
330 513 486 553 ingenuoe]
518 514 568 544 Ex
587 513 648 551 his,
666 523 740 554 qua:
757 522 825 542 orn-

129 564 184 594 nia
198 569 317 595 notant
338 562 527 603 significare
540 563 576 592 τὸ
600 565 608 579 ‘
622 562 826 602 ingenurun,'

129 616 209 645 nihil
241 615 281 646 ad
310 615 396 645 hunc
424 614 616 644 rhombum.
663 615 825 645 Nativum

129 665 259 703 dicunt,
289 666 444 705 simplex,
470 665 717 705 incorruptum,
741 676 825 706 prar-

128 721 233 754 stans,
250 717 398 754 elegans.
444 716 550 746 Immo
577 717 586 732 ‘
604 716 761 757 iugenuoe
780 717 825 747 vi-

128 766 191 796 res'
209 771 297 804 sunt,
309 771 596 806 temperataemon
612 767 735 806 nimiae,
751 778 824 808 quae

127 816 274 846 deceant
289 816 456 846 hominem
481 817 590 847 animo
607 818 710 857 magis
729 829 824 859 quam

126 868 281 898 membris
307 867 555 899 aestimaudnm.
612 869 668 900 Sic
699 879 823 909 supra:

125 919 339 949 ‘Invalidum
371 924 423 949 est
459 919 551 949 nobis
578 920 826 961 ingenuumque

127 969 238 1001 latus.’
284 971 329 1001 Et
360 969 499 1009 ovidio,
527 970 713 1001 ‘Invalida²
739 972 826 1002 vires

125 1019 351 1060 ingenuaeque
367 1019 470 1051 mihi!
501 1020 562 1051 Cui
578 1026 759 1061 propterea
776 1022 825 1052 in-

74 1109 77 1112 ·
125 1069 274 1109 dignum,
288 1071 296 1086 ‘
313 1070 501 1110 Ingenuum
519 1071 603 1102 dura
614 1082 740 1112 ponere
754 1082 826 1103 cor-

127 1130 190 1160 pus
206 1120 330 1151 humo.'
376 1121 432 1152 Sic
462 1121 659 1153 Ammianus
688 1123 744 1153 lib.
775 1126 827 1154 19.

128 1173 136 1188 ‘
153 1172 238 1201 Cum
266 1171 315 1201 ire
353 1171 506 1211 protinus
536 1181 765 1212 pergeremus,
791 1178 827 1204 et

126 1221 306 1251 incedendi
332 1221 506 1252 nimietate
522 1232 713 1262 superarer,
729 1229 765 1254 ut
782 1224 828 1254 in.

126 1276 243 1302 suetus
273 1271 465 1311 ingenuus?
518 1272 646 1304 Eodem
678 1275 829 1314 pertinet

128 1321 244 1352 Nostri
275 1321 332 1353 lib.
365 1324 416 1353 12.
449 1322 569 1363 Epigr.
600 1326 631 1354 4.
664 1325 674 1342 ⁴
687 1325 735 1354 Tu
767 1324 826 1355 das

125 1372 347 1412 ingenuaejus
361 1373 439 1403 mihi
453 1374 627 1412 pigritiaffl
671 1375 828 1406 Socrates

125 1422 274 1461 dicebat,
289 1422 335 1453 ὅτι
349 1422 368 1459 ἡ
384 1422 475 1462 ἀργία
496 1423 616 1463 ἀδελφὴ
631 1425 688 1461 τῆς
707 1424 827 1455 ἐλευθε-

125 1473 188 1512 ρίας
201 1472 280 1512 ἐστὶ,
302 1478 339 1504 et
354 1483 429 1514 quae
446 1474 477 1503 in
492 1473 578 1505 hanc
597 1484 666 1505 rem
680 1475 828 1506 AElianus

126 1524 185 1555 lib.
210 1526 262 1554 10.
284 1523 366 1554 Var.
394 1533 469 1564 cap.
495 1527 544 1555 14.
582 1524 701 1556 Cicero
723 1526 782 1556 lib.
798 1530 828 1557 2.

127 1577 169 1607 de
185 1576 285 1607 Orat.
309 1577 318 1592 ⁴
333 1576 418 1606 Mihi
445 1576 533 1606 enim
559 1577 646 1608 liber
669 1588 741 1608 esse
761 1588 827 1610 non

126 1627 277 1665 videtur,
294 1627 429 1667 quinon
446 1627 717 1667 aliquandonihil
733 1628 828 1668 agit)

130 1679 267 1709 Gronov.
317 1677 406 1708 Vires
418 1677 574 1718 ingenuae]
591 1678 728 1718 Εὐφυεῖς,
745 1689 826 1719 quas

125 1735 159 1760 et
176 1730 311 1768 sapiens
326 1733 447 1768 optat:
465 1728 543 1759 hinc
557 1728 710 1769 ingenuae
723 1735 827 1769 artes,

128 1785 287 1821 tanquam
304 1778 421 1809 liberm
437 1784 474 1809 et
495 1778 639 1818 nobiles,
654 1789 828 1820 opponun-

127 1836 181 1860 tur
204 1829 384 1860 servilibus
402 1833 437 1859 et
454 1829 671 1868 ignobilibus.
703 1831 712 1847 ⁴
727 1830 826 1870 Inge-

126 1880 228 1910 nuus’
251 1889 330 1919 ergo
348 1879 488 1919 proprie
505 1879 649 1910 nativus.
696 1880 827 1912 Salubre

125 1929 248 1971 corpus]
272 1930 371 1960 Mens
387 1939 467 1960 sana
484 1930 514 1960 in
530 1939 674 1970 corpore
691 1940 782 1963 sano.

168 1985 186 2012 7
213 1982 354 2011 Prudens
366 1980 565 2020 simplicitas]
589 1982 598 1998 ‘
614 1981 732 2012 Estote
747 1992 826 2022 pru-

124 2032 244 2062 dentes
259 2031 347 2062 sicut
362 2035 551 2071 serpentes,
574 2031 746 2071 simplices
761 2033 825 2063 sic-

125 2088 164 2113 ut
185 2081 374 2112 columbae!
420 2081 518 2111 Pares
546 2081 654 2120 amici]
683 2081 825 2113 Convic—

127 2138 217 2164 tores
256 2131 375 2163 faciles
405 2137 441 2163 et
470 2132 626 2171 jucundi.
673 2132 827 2173 Impares

127 2183 214 2213 enim
245 2192 381 2222 genere,
411 2181 558 2221 fortuna,
591 2182 724 2223 opibus,
749 2191 826 2214 raro

127 2241 225 2273 pares
243 2238 365 2272 gerunt
380 2232 519 2269 animos,
542 2231 621 2262 dum
645 2233 755 2273 major
770 2234 828 2264 mi-

127 2293 241 2314 norem
254 2282 355 2313 facile
372 2282 570 2322 contemnit,
592 2285 655 2314 Sec.

171 2337 190 2364 8
216 2333 381 2364 Convictus
401 2331 525 2371 facilis]
571 2332 745 2372 Convivae,
772 2335 826 2365 vel

127 2386 200 2425 ipse
216 2384 310 2415 cibus
326 2382 500 2423 parabilis,
524 2392 586 2414 nec
607 2384 704 2423 mari,
720 2388 825 2424 terra,

126 2440 162 2466 et
185 2435 263 2465 aere
281 2433 479 2473 exquisitus,
498 2433 575 2472 gula
590 2442 655 2463 non
673 2434 823 2465 irritata:

125 2485 166 2515 τὰ
180 2484 221 2523 μὴ
238 2483 380 2514 πείθοντα
393 2481 464 2512 τοὺς
475 2481 517 2520 μὴ
529 2484 690 2514 πεινῶντας
706 2484 826 2524 ἐσθίειν,

127 2537 177 2567 καὶ
204 2535 275 2566 τοὺς
297 2534 339 2572 μὴ
369 2535 515 2573 διψῶντας
537 2532 645 2574 πίνειν,
669 2535 826 2576 Xenoph.

127 2588 253 2625 Ἀπομν.
265 2585 295 2617 ά.

170 2641 191 2668 9
215 2638 324 2669 Saluta
339 2633 435 2673 curis]
473 2635 482 2651 ‘
498 2634 528 2665 O
548 2634 627 2676 quid
640 2636 758 2669 solutis
774 2642 826 2669 est

128 2688 258 2720 beatius
275 2686 364 2717 curis
376 2685 395 2715 !'
419 2685 542 2715 Catull.

171 2741 210 2770 10
237 2735 347 2776 Tarus]
369 2735 450 2767 'l'ori
467 2735 569 2775 socia,
585 2745 679 2768 uxor.

615 215 643 243 M
657 216 679 244 Α
690 214 800 244 ΚἸῚΑ
814 214 885 243 ΙΛΞ
923 214 1078 243 EPIGR-

1117 215 1205 244 Lux.
1242 215 1290 243 x.
1464 204 1575 245 1369

922 312 956 339 11
979 309 1118 349 Somnus,
1130 311 1198 351 Mu]
1212 309 1353 341 Somnus
1369 308 1490 347 facilis,
1506 319 1578 340 sua·

878 361 939 395 viz,
955 360 1078 391 brevis,

923 413 960 441 12
987 411 1077 445 Quod
1105 411 1157 450 sis,
1184 421 1246 441 esse
1274 410 1364 451 velis]
1389 410 1578 441 Contentus

878 466 936 492 tua
956 468 1060 499 sorte,
1089 461 1295 500 conditione,
1325 460 1480 490 fortuna:
1514 468 1577 490 nec

878 521 947 552 prae
961 516 994 541 te
1011 510 1235 551 aliosjudices
1250 511 1377 542 beatos.
1401 511 1458 540 Δεῖ
1469 509 1529 550 ’γὰρ
1541 508 1578 539 τὸ

875 561 969 601 παρὸν
984 561 1016 591 εὐ
1028 562 1135 592 ποιεῖν.

919 616 957 643 13
982 611 1229 651 ιςυ)ητνιιιιη,8)ἐ.]
1243 612 1367 642 Mortis
1381 621 1445 641 non
1463 611 1582 652 libido,

876 673 940 694 non
958 662 1049 703 fuga.
1094 663 1214 693 Senec.
1242 662 1351 702 Epist.
1375 665 1427 693 24.
1451 665 1504 693 70.
1528 665 1582 692 78.

877 719 912 744 et
928 714 1036 744 Beata
1054 713 1130 743 Vita
1148 723 1224 753 cap.
1239 716 1269 742 5.
1282 714 1349 743 ἄιε.

920 764 1021 794 EmG.
1041 771 1172 793 XLvin.
1217 761 1403 801 Inscriptio
1423 760 1579 792 continet

877 819 1127 854 argumentum.

922 868 935 895 1
964 865 1114 903 Numam,
1144 862 1213 903 astu]
1248 863 1350 895 Isidis
1381 863 1577 895 sacerdotes

876 916 1002 946 reversi
1038 915 1080 946 ab
1117 915 1331 954 indagatione
1367 914 1427 945 filii
1466 915 1579 945 amissi

876 966 993 1007 (quam
1021 966 1171 1007 quotidie
1199 964 1510 1005 repraesentabant)
1533 965 1579 995 in-

876 1016 991 1047 dicant
1007 1021 1245 1056 testanturque
1262 1024 1335 1045 esse
1353 1015 1467 1045 horam
1485 1021 1582 1045 octa-

877 1077 964 1107 vam,
979 1067 1012 1098 id
1026 1072 1091 1103 est,
1108 1066 1289 1097 secundam
1308 1076 1326 1096 a
1343 1065 1502 1096 meridie.

920 1123 939 1150 2
965 1120 1006 1150 Et
1018 1120 1116 1159 pilata
1134 1118 1230 1158 redit]
1256 1119 1364 1148 Locus
1382 1117 1464 1147 mire
1479 1126 1581 1148 vexa-

877 1174 943 1209 tus,
961 1179 1058 1210 quem
1076 1170 1124 1200 sic
1141 1169 1362 1209 interpretor.
1406 1167 1416 1184 ‘
1428 1168 1578 1198 Pilatam

877 1220 1060 1251 cohortem’
1072 1220 1203 1260 accipio
1217 1220 1389 1250 cohortem
1406 1219 1580 1259 pra‘toria-

877 1280 994 1301 norum
1011 1271 1153 1301 militum
1175 1269 1253 1310 pilis
1271 1274 1489 1308 armatorum,
1506 1279 1579 1310 quae

878 1321 919 1351 ad
936 1321 1097 1361 palatium
1115 1320 1173 1350 illo
1190 1319 1243 1350 die
1259 1320 1420 1350 excubias
1447 1324 1579 1355 efferat.

878 1371 1058 1402 Suetonius
1086 1370 1223 1401 Othone
1253 1378 1328 1409 cap.
1359 1372 1391 1400 6.
1415 1370 1424 1386 ⁴
1441 1370 1582 1400 Tulerat

878 1422 1006 1452 animus
1020 1425 1098 1462 post
1109 1419 1326 1461 adoptionem
1341 1419 1455 1450 statim
1470 1426 1583 1450 castra

878 1481 1062 1512 occupare,
1089 1474 1347 1511 coenantemque
1382 1470 1415 1500 in
1455 1470 1581 1510 palatio

880 1523 1022 1554 Galbam
1039 1522 1179 1563 aggredi
1195 1532 1202 1552 :
1222 1521 1281 1552 sed
1295 1520 1429 1552 obstitit
1447 1531 1583 1562 respec-

879 1577 933 1604 tus
949 1572 1109 1612 cohortis,
1124 1581 1200 1612 qnae
1220 1575 1299 1601 tunc
1311 1571 1502 1602 excubabat
1517 1582 1525 1610 ;
1542 1582 1582 1603 ne

879 1627 1081 1654 oneraretur
1094 1620 1234 1659 invidia,
1248 1621 1336 1661 quod
1350 1621 1501 1661 ejusdem
1516 1626 1583 1653 sta-

879 1672 972 1703 tione
1001 1677 1037 1702 et
1061 1670 1164 1702 Caius
1187 1669 1301 1700 fuerat
1324 1670 1456 1701 occisus
1474 1676 1508 1702 et
1527 1671 1585 1702 de·

879 1727 990 1753 sertus
1009 1721 1127 1752 Nero.’
1185 1719 1240 1750 Ita
1273 1720 1361 1750 enim
1399 1721 1582 1761 legendum

879 1782 954 1803 cum
986 1770 1146 1812 antiquiS,
1172 1779 1251 1808 non,
1279 1771 1361 1800 Erat
1387 1773 1520 1811 animas,
1545 1776 1584 1804 ut

880 1822 1109 1862 subjecerunt.
1154 1819 1332 1850 Sallustius
1346 1820 1448 1852 Catil.
1472 1823 1481 1838 ‘
1498 1822 1583 1852 Diu-

880 1873 945 1904 tius
968 1873 1001 1902 in
1017 1872 1068 1902 his
1084 1870 1167 1901 locis
1184 1879 1270 1908 esse,
1287 1870 1419 1901 etiamsi
1437 1872 1582 1903 maxime

879 1925 1009 1955 animus
1022 1921 1122 1960 ferat,
1140 1919 1298 1951 frumenti
1317 1925 1418 1961 atque
1442 1922 1582 1953 aliarum

879 1984 991 2005 rerum
1022 1976 1157 2013 egestas
1192 1970 1374 2010 prohibet.’
1417 1972 1580 2003 Ovidius:

877 2032 885 2044 ‘
901 2028 940 2058 In
959 2036 1045 2058 nova
1062 2025 1131 2056 fert
1145 2023 1298 2055 animus!
1343 2023 1497 2054 Lucanus
1521 2023 1580 2055 lib.

879 2081 909 2109 1.
933 2078 941 2093 ‘
957 2078 1039 2108 Fert
1056 2075 1186 2107 animus
1204 2084 1319 2105 causas
1337 2078 1506 2104 tantarum
1523 2084 1581 2105 ex-

878 2138 1034 2170 promere
1063 2125 1198 2158 rerum.’
1242 2125 1308 2156 Illa
1343 2125 1446 2165 igitur
1477 2125 1581 2165 pilata

878 2178 1140 2218 coltorsjamque
1159 2175 1272 2213 rediit,
1287 2184 1408 2214 nempe
1420 2174 1452 2204 in
1469 2179 1581 2205 castra

878 2229 1097 2271 praetoriana,
1135 2230 1170 2256 et
1197 2225 1302 2256 subiit
1328 2233 1449 2264 nempe
1474 2224 1581 2256 altera

877 2280 967 2310 illius
994 2278 1087 2308 vices
1116 2274 1304 2314 excipiens.
1349 2274 1426 2304 Non
1442 2274 1580 2314 quidem

878 2327 1078 2361 confirmare
1092 2334 1225 2366 possum
1237 2324 1329 2354 circa
1343 2328 1494 2354 octavam
1511 2324 1581 2355 diei

877 2381 1006 2417 horam,
1029 2383 1066 2408 ut
1093 2376 1157 2406 illis
1180 2372 1454 2413 computabatur,
1475 2373 1579 2406 fuisse

877 2430 1041 2461 stationes
1069 2429 1214 2457 mutatas
1231 2434 1238 2454 :
1264 2423 1346 2454 satis
1364 2428 1475 2454 tamen
1493 2425 1578 2455 veri.

876 2480 984 2511 simile
1000 2482 1065 2515 est,
1080 2486 1154 2507 cum
1169 2475 1222 2505 vel
1238 2473 1505 2514 occupatissimis
1521 2484 1579 2505 no-

876 2541 920 2562 na
936 2533 1028 2560 esset
1039 2527 1121 2557 hora
1134 2533 1258 2555 coenae:
1285 2528 1318 2553 et
1331 2528 1401 2554 tum
1418 2523 1490 2555 dies
1501 2534 1581 2565 ope.

876 2590 971 2611 rosus
999 2586 1060 2618 pro
1084 2580 1206 2607 exacto
1225 2573 1420 2604 haberetur.
1467 2575 1510 2605 Et
1528 2576 1577 2615 pi-

876 2634 948 2664 lata
973 2629 1090 2661 cohors
1109 2626 1180 2666 jam
1207 2629 1243 2655 et
1265 2624 1365 2654 rediit
1391 2629 1425 2654 et
1449 2624 1574 2666 subiit;

875 2687 914 2714 ut
928 2681 1092 2721 appareat
1105 2677 1167 2706 hoc
1183 2683 1283 2705 sensu
1297 2674 1403 2704 necin
1416 2675 1576 2715 repetitis

876 2729 1049 2773 particulis
1063 2723 1264 2766 copulativis
1279 2723 1406 2765 aliquid
1420 2723 1494 2755 duri
1508 2725 1574 2757 hae-
