1866 3131
409 184 458 212 M.
491 182 600 212 VAL.
636 178 908 210 MARTIAMS
946 179 1105 208 EPIGR.
1140 178 1231 207 Llss.
1266 178 1311 207 V·

176 281 279 311 Epio.
303 287 416 310 Lxxv.
440 281 456 309 1
482 278 577 317 Legis
590 285 696 307 caussa
711 274 830 315 nupsit,

131 332 200 371 8502]
223 332 308 363 Quae
326 325 463 369 lege'et
486 328 564 369 jure
591 326 718 367 nupsit.
763 324 828 355 Sed

132 381 217 412 ludit
238 380 348 410 l'o'eta
364 389 441 410 cum
464 389 483 408 a
509 377 684 408 notatione
705 373 830 415 ‘legis'

133 436 169 461 et
197 427 406 470 ‘legitimae,'
439 434 509 459 tum
540 427 583 457 ab
614 426 832 466 homonymia

131 481 188 511 τοῦ
210 480 416 521 ‘legitimam
431 478 452 510 :'
475 478 568 520 quasi
585 477 699 508 dicat:
727 476 832 506 Adul-

134 538 207 564 tera
224 532 330 562 Laelia
356 531 473 571 nupsit
497 530 650 563 Quincto
679 528 831 558 moecho:

133 583 279 623 ideoque
295 585 387 612 metu
398 581 482 621 legis
492 580 594 612 Juliae
612 579 645 609 in
659 578 832 609 adulteros

131 632 210 662 latae
226 636 262 662 et
276 640 296 662 a
312 630 506 662 Domitiano
519 633 700 660 revocatae.
744 627 833 658 Vide

133 682 251 721 Epigr.
266 685 295 712 7.
310 681 369 712 lib.
390 684 420 712 6.
445 681 537 720 Lege
552 685 587 710 et
604 681 657 710 88.
683 677 834 708 Ausonii.

133 733 228 762 Uxor
253 732 404 772 legitima
428 737 504 762 erat
530 729 662 768 νόμιμος,
686 739 762 770 qnae
785 739 834 759 se-

134 782 280 813 cuudum
306 783 398 822 leges
416 782 449 812 in
466 791 602 812 manum
620 781 734 811 mariti
756 790 834 811 con-

134 838 274 865 venerat
300 833 381 864 κατὰ
405 831 530 872 νόμιμον
558 830 698 870 σύνοδον,
721 835 760 861 ut
790 831 837 861 lo-

134 886 251 926 quitur
281 884 381 915 Philo
411 884 557 923 alicubi;
583 888 617 914 et
649 882 836 922 opponitur

131 936 280 975 παλλακῇ
313 939 349 965 et
379 934 590 965 concubinae.
651 932 719 964 Hic
751 940 835 971 ergo

135 995 220 1016 uxor
236 986 401 1024 legitima,
427 994 500 1026 quae
515 984 619 1016 Juliae
642 982 727 1022 legis
745 985 837 1012 metu

135 1035 264 1076 nupsit.
290 1036 425 1067 Herum.

179 1087 282 1117 Epic.
308 1094 436 1117 Lxxvi.
489 1084 592 1117 Jocus
627 1083 660 1114 in
695 1082 838 1114 Cinnam

136 1146 337 1178 pauperem,
353 1147 371 1167 a
384 1135 642 1176 comparatione
659 1133 840 1164 Mithrida-

139 1187 194 1226 tis,
217 1196 348 1217 veneno
364 1186 508 1224 adsueti,
525 1190 561 1216 et
576 1184 709 1223 Cinnae,
726 1183 820 1214 fami.

182 1242 197 1270 1
223 1239 364 1277 Profecit
373 1237 539 1278 poto,85c.]
556 1236 646 1267 Vide
658 1236 747 1266 Plin.
760 1235 843 1266 Nat.

138 1289 232 1320 Hist.
259 1289 317 1320 lib.
336 1291 390 1321 25.
416 1298 492 1329 cap.
511 1290 542 1320 2.
566 1291 602 1318 et
617 1286 661 1318 A.
679 1286 768 1318 Gell.
785 1286 844 1317 lib.

140 1342 191 1372 17.
210 1349 287 1380 cap.
302 1342 355 1370 16.

180 1391 286 1421 Eme.
305 1398 447 1421 nxxvu.
479 1392 499 1419 2
526 1388 624 1419 Ferre
643 1385 755 1426 oleum]
782 1385 843 1417 As—

139 1441 365 1473 sentationem
376 1446 409 1471 et
419 1439 601 1470 blanditias
611 1438 844 1478 potentiorum

139 1491 466 1524 auribusinstillare.
499 1489 588 1519 Vide
599 1489 698 1529 adag.
720 1490 728 1505 ‘
740 1488 844 1518 Ferre

141 1553 198 1575 ore
213 1542 349 1574 oleum.'
395 1540 592 1580 Auriculam]
615 1541 669 1571 Al.
684 1539 843 1570 auricula:

140 1595 176 1625 id
216 1600 282 1633 est,
317 1599 350 1623 le
389 1602 463 1623 esse
502 1601 584 1623 aure
620 1592 750 1631 supina,
787 1589 846 1630 qni

142 1646 227 1676 alios
276 1644 395 1674 audire
449 1641 664 1674 adverseris:
710 1641 846 1670 inverso

142 1695 279 1735 adagio,
303 1696 312 1711 ‘
328 1694 451 1725 Oleum
478 1702 536 1724 ore
565 1697 702 1732 gestare
715 1691 735 1721 :’
758 1689 848 1730 quod

144 1745 187 1776 de
205 1754 244 1776 eo
261 1744 388 1775 dicitur
404 1743 461 1784 qui
483 1743 574 1783 loqui
600 1745 713 1772 cavet.
761 1739 848 1769 Vide

146 1796 319 1836 Epigram.
342 1797 394 1825 42.
410 1794 468 1824 lib.
492 1796 525 1824 6.
569 1792 634 1823 Vel
659 1790 771 1821 Poeta
794 1790 848 1820 hic

144 1847 298 1878 habitum
314 1845 438 1886 capitis
454 1845 487 1874 in
504 1843 653 1874 Marullo
669 1842 790 1873 irridet
811 1851 850 1872 ac

145 1902 258 1936 notat,
269 1902 303 1926 nt
318 1896 373 1937 qui
389 1895 531 1936 perinde
545 1893 683 1925 incedat
696 1898 730 1923 et
745 1897 850 1932 caput

144 1948 179 1978 in
205 1946 362 1977 dextrum
390 1951 449 1976 aut
477 1945 650 1976 sinistrum
674 1944 850 1974 humerum

144 1997 297 2037 inclinet,
319 2006 358 2027 ac
376 1997 404 2028 si
419 1996 531 2028 oleum
548 1997 582 2026 in
598 1996 654 2026 illa
669 1994 789 2034 ferret,
811 2004 850 2026 ae

145 2047 310 2080 sollicitus
327 2053 431 2087 esset,
455 2057 498 2078 ne
521 2046 715 2077 effunderet
735 2057 744 2084 3
769 2056 852 2088 quos

145 2098 450 2130 incurvicervicum
507 2106 612 2139 pecus
665 2098 852 2130 nominant.

149 2149 232 2179 lead.

194 2200 299 2230 Eme.
323 2207 482 2230 Lxxvur.
505 2199 644 2231 Turanii
657 2209 781 2230 nomen
795 2209 852 2230 ve-

150 2260 224 2281 rum
242 2255 305 2289 est,
320 2250 362 2280 ad
379 2259 480 2291 quem
499 2251 657 2290 Epistola
679 2251 852 2282 Martialis

149 2301 237 2331 libro
253 2304 286 2331 9.
331 2299 744 2341 ‘Ave‚mi'l‘urani,’&c.
780 2301 853 2332 Siu-

150 2352 276 2392 gularis
303 2351 368 2382 fuit
386 2352 499 2392 po'etae
527 2353 667 2394 amicus,
692 2363 792 2396 quem
818 2359 854 2385 et

152 2402 296 2434 fratrem
315 2403 478 2442 appellat.

195 2456 211 2484 1
238 2454 276 2484 Si
291 2453 390 2493 tristi,
410 2453 478 2494 Βία]
504 2454 557 2485 Ne
583 2454 693 2486 tristis
714 2458 750 2486 et
765 2455 854 2485 solus

151 2504 242 2536 domi
259 2513 384 2544 coenes,
397 2504 524 2544 poteris
539 2503 628 2545 apud
643 2514 696 2536 me
710 2514 855 2544 coenare,

150 2555 277 2596 frugali
297 2560 333 2586 et
351 2555 499 2594 parabili
517 2565 635 2586 mensa
661 2560 855 2587 contentus.

151 2605 208 2637 Ad
221 2604 387 2644 ejusmodi
400 2614 531 2635 coenam
546 2603 666 2636 invitat
677 2605 855 2636 Persicum

152 2658 329 2691 Juvenalis
358 2658 473 2698 Satyr.
513 2660 564 2690 11.
601 2663 637 2690 et
671 2658 855 2699 Septitinm

154 2709 300 2749 Plinius,
323 2708 434 2749 Epist.
454 2711 505 2740 15.
525 2708 585 2739 lib.
611 2712 642 2740 1.
689 2708 788 2740 Tristi
803 2709 856 2737 ‹io-

154 2758 308 2798 mieoenin]
326 2759 403 2790 Non
419 2758 507 2800 quod
520 2759 689 2791 Turanins
707 2769 855 2801 panper3

196 2812 352 2853 Delph.et
377 2812 448 2843 Vur.
464 2812 549 2843 Clas.

819 2812 964 2842 Martini.

1470 165 1582 208 1249

881 271 938 302 sed
952 271 1039 311 quod
1053 271 1235 309 (lomi,sine
1246 269 1464 302 familiarium
1478 269 1582 301 affatu

881 331 914 356 et
928 335 1002 363 usu,
1018 325 1148 356 tristius
1160 335 1258 366 quam
1271 327 1360 356 inter
1370 324 1505 356 sodales
1518 333 1583 354 eoe-

881 381 1024 407 nalurus
1042 380 1143 406 esset.

925 430 943 457 3
967 426 1005 457 Si
1032 427 1109 457 soles
1131 425 1300 466 προπίνειν]
1350 425 1582 465 Apponentur

884 477 944 508 tibi
962 479 995 508 in
1013 476 1223 514 libationem,
1248 475 1501 516 promulsidem,
1525 483 1582 504 an-

883 527 1078 567 tecoenium‚
1103 527 1331 568 gustationem
1357 536 1414 557 seu
1439 529 1586 565 gustum,

883 579 926 610 de
941 589 1008 620 quo
1024 578 1081 610 lib.
1099 581 1150 609 10.
1169 577 1288 618 Epigr.
1305 580 1358 608 31.
1377 586 1463 607 vers.
1480 580 1511 608 4.
1527 576 1588 607 lib.

885 633 935 662 ll.
952 630 1070 670 Epigr.
1088 632 1140 660 32.
1155 638 1239 659 vers.
1253 631 1285 659 4.
1300 633 1336 658 et
1351 628 1414 668 Ep.
1430 631 1484 658 53.
1501 636 1587 658 vers.

886 686 936 714 12.
990 680 1151 722 Προπίνειν
1174 689 1254 720 ergo
1281 683 1347 718 est,
1375 684 1585 719 praegustare

885 739 966 765 aule
992 742 1136 764 coenam.
1182 730 1334 761 Verbum
1366 729 1454 760 enim
1483 730 1492 745 ‘
1511 738 1586 768 pro-

886 783 985 825 pino’
1013 782 1103 824 apud
1129 782 1268 813 Latinos
1290 789 1357 811 non
1385 779 1427 810 de
1451 779 1588 819 potione

886 839 1032 872 tantum,
1044 833 1103 864 sed
1123 833 1163 863 de
1176 832 1254 863 cibo
1269 831 1373 862 etiam
1391 835 1589 870 usurpatum

886 885 1035 925 reperio.
1062 883 1132 915 Jul.
1149 882 1334 923 capitolin.
1360 881 1392 911 in
1414 881 1464 911 M.
1483 881 1589 910 Aulo-

886 936 982 966 nino:
1003 935 1226 965 ‘Venenatam
1241 936 1372 973 partem
1382 931 1592 962 fratrieden·

887 985 964 1015 dam
977 982 1185 1025 propinans-¹
1208 983 1348 1013 Terent.
1362 981 1395 1011 in
1408 981 1589 1012 Eunucho:

888 1036 897 1052 ‘
911 1035 1012 1065 Hunc
1028 1043 1092 1073 ego
1109 1033 1203 1064 vobis
1219 1031 1466 1063 comedendum
1485 1035 1520 1062 et
1532 1031 1590 1061 de-

891 1085 1069 1116 ridendum
1085 1084 1253 1125 propino!
1300 1085 1344 1115 Et
1359 1085 1523 1115 translate
1536 1084 1592 1114 ali-

892 1146 990 1177 quem
1008 1135 1186 1166 ridendum
1201 1136 1275 1166 aliis
1292 1135 1487 1175 propinare.
1516 1135 1591 1165 Pla-

891 1191 948 1217 cet
978 1185 1115 1217 Radero
1141 1186 1230 1226 quod
1258 1186 1411 1217 Bisciola
1437 1186 1592 1216 notavit:

893 1238 977 1268 dicit
988 1238 1077 1268 enim
1088 1237 1284 1268 Martialem
1300 1238 1444 1269 voluisse
1458 1237 1591 1267 dicere:

895 1288 968 1319 Non
983 1290 1111 1319 deerunt
1125 1287 1198 1326 tibi,
1222 1288 1248 1318 sz'
1263 1288 1344 1319 voles
1358 1287 1523 1329 προπίνειν,
1540 1287 1569 1318 V
1570 1287 1594 1317 i-

893 1341 936 1371 les
952 1341 1049 1379 Cupp.
1070 1342 1126 1380 850.
1169 1340 1272 1372 Quasi
1289 1339 1395 1379 dicat,
1417 1349 1483 1370 non
1500 1338 1597 1369 defu-

895 1395 971 1421 tura
987 1391 1033 1420 illi
1050 1399 1176 1430 genera
1190 1390 1362 1428 ciborum;
1389 1400 1476 1431 quae,
1488 1390 1514 1420 si
1529 1389 1597 1420 vel-

894 1440 1065 1471 letlibare
1090 1441 1267 1481 Toranius,
1291 1440 1496 1471 desiderium
1519 1450 1596 1481 pos-

895 1495 972 1522 sent
1002 1491 1156 1522 excitare
1187 1491 1337 1523 bibendi.
1398 1492 1596 1532 Hodieque,

896 1552 971 1572 cnm
990 1541 1031 1571 ad
1051 1541 1232 1572 bibendum
1254 1543 1450 1581 invitamus,
1467 1543 1498 1573 id
1516 1542 1598 1572 faci-

897 1601 983 1631 mus,
998 1592 1110 1631 olivis‚
1127 1593 1323 1632 porris‚&c.
1368 1593 1501 1623 Merula
1517 1603 1597 1623 vero

898 1642 1078 1683 legendum
1096 1649 1213 1674 censet
1228 1655 1235 1674 ι
1259 1643 1387 1674 sessiles
1405 1644 1599 1683 propinquoe,

899 1693 931 1723 id
961 1697 1023 1732 est,
1048 1693 1195 1733 lactncae
1222 1694 1378 1733 vulgares
1403 1695 1435 1724 in
1461 1693 1598 1723 urbanis

901 1743 1006 1774 hortis
1037 1753 1141 1784 usque
1170 1744 1290 1775 obviae.
1349 1744 1449 1783 Nam,
1477 1744 1601 1784 inquil,

899 1794 908 1809 ‘
922 1793 1105 1833 propinare
1117 1793 1125 1806 ’
1143 1803 1210 1823 non
1227 1793 1269 1824 de
1285 1793 1362 1824 cibo
1379 1793 1517 1831 dicitur,
1541 1793 1599 1823 sed

900 1846 943 1876 de
973 1850 1068 1885 potu.
1114 1845 1305 1885 Praeterea,
1330 1845 1405 1886 quis
1433 1844 1517 1875 vidit
1541 1853 1601 1875 un-

900 1905 997 1937 quam
1015 1895 1135 1925 herbas
1159 1894 1348 1935 propinari,
1376 1900 1410 1925 et
1427 1894 1459 1925 in
1477 1895 1604 1935 princi·

901 1947 958 1988 pio
974 1955 1080 1977 coenae
1095 1946 1106 1975 ?

953 2001 973 2029 4
1002 1998 1085 2029 Viles
1102 1997 1309 2038 Cappadocoe]
1337 1997 1498 2028 Lactucae
1515 1997 1602 2037 Cap-

902 2050 1068 2090 padocae:
1092 2049 1149 2080 lib.
1166 2051 1218 2080 13.
1234 2049 1352 2089 Epigr.
1369 2050 1420 2079 14.
1466 2047 1603 2088 Graves]

903 2100 1087 2132 Odorene?
1121 2099 1173 2130 An
1192 2109 1311 2140 graves
1338 2099 1526 2138 stomacho,
1548 2108 1602 2130 ca-

902 2151 979 2192 piti,
995 2150 1123 2181 oculis?

946 2207 963 2232 5
991 2201 1123 2243 Cybium
1139 2201 1247 2231 latebit
1272 2200 1352 2241 ovis]
1385 2201 1493 2231 Piscis
1509 2210 1527 2231 e
1545 2209 1606 2240 pe-

903 2252 1062 2284 lamidum
1087 2261 1213 2292 genere
1237 2252 1363 2282 concisi
1389 2250 1510 2289 frusta,
1533 2250 1604 2280 ovis

903 2303 1012 2343 ruptis
1037 2302 1127 2333 frixa
1153 2306 1189 2333 et
1214 2305 1319 2332 tecta.
1353 2301 1442 2332 Plin.
1463 2300 1522 2331 lib.
1551 2300 1605 2331 32¹.

905 2364 981 2395 cap.
1000 2356 1049 2384 11.
1075 2358 1110 2383 ct
1126 2351 1310 2383 Athenaeus
1326 2351 1385 2382 lib.
1402 2354 1433 2382 3.
1450 2360 1525 2390 cap.
1540 2354 1592 2382 52.

946 2408 966 2435 (i
994 2403 1118 2443 Unctis]
1143 2404 1292 2442 Propter
1307 2402 1417 2432 oleum
1430 2401 1605 2431 cauliculis

906 2456 1107 2498 superfundi
1134 2454 1280 2486 solitum.
1314 2454 1407 2494 Lips.
1434 2457 1465 2484 5.
1494 2453 1605 2493 Epist.

906 2509 1037 2540 Quaest.
1056 2510 1085 2537 1.
1101 2506 1157 2536 lib.
1193 2505 1361 2537 Gruterus
1380 2505 1504 2535 retinet
1516 2505 1606 2544 ustis,

907 2563 1048 2599 propter
1064 2556 1214 2587 ἀντίθεσιν
1228 2556 1284 2586 τοῦ
1305 2555 1470 2595 ‘algentis
1493 2554 1604 2596 horti,'

906 2609 994 2650 qnod
1013 2617 1082 2648 seq.

949 2662 968 2689 7
995 2657 1186 2697 Cauliculus]
1219 2657 1388 2687 Coliculus
1415 2666 1474 2687 seu
1504 2657 1608 2688 cauli-

908 2709 1015 2748 culus,
1029 2707 1212 2739 acaulibus
1226 2707 1355 2745 dictus3
1381 2707 1542 2738 brassicae
1554 2714 1608 2739 est

908 2759 1051 2790 interior
1069 2768 1154 2799 pars,
1171 2763 1303 2789 resecta
1317 2767 1334 2789 a
1356 2758 1474 2789 caule:
1500 2759 1547 2789 ita
1573 2765 1608 2790 nt

1448 2814 1467 2842 <1
1493 2812 1522 2842 h
