1866 3131
586 187 632 215 n.
668 185 778 215 vm..
814 185 1099 216 MARTlALlS.
1455 174 1564 217 1473

177 404 434 446 REGENSUl
454 405 706 446 Editionum
720 404 985 459 praecedenti
1003 416 1148 456 pauca
1164 405 1218 444 de
1240 417 1361 446 more
1384 401 1563 457 subjici·-

118 485 230 522 mus,
253 486 352 525 quae
376 473 445 514 vel
467 487 494 514 a
514 473 765 527 Bipontinis
789 471 1088 526 praetcrmissa
1117 476 1218 513 sunt
1233 473 1300 512 vel
1321 474 1424 525 post
1446 470 1564 512 Mar-

120 539 271 579 tialem
293 541 348 580 ab
369 540 424 580 iis
445 539 611 580 editum
640 540 855 593 prodiere.

178 606 242 648 Μ.
276 606 332 647 V.
351 606 588 656 Martialis,
613 607 707 648 sine
728 619 853 656 anno,
876 607 991 654 loco,
1014 610 1059 647 et
1078 606 1254 646 nomine
1285 606 1468 647 editoris
1491 608 1566 646 aut

120 675 399 729 typographi,
418 676 507 716 4to.
522 674 732 716 Biblioth.
756 674 1072 728 Spenceriana,
1088 673 1194 714 Vol.
1219 686 1272 715 11.
1295 688 1340 728 p.
1355 675 1453 714 175.

177 742 242 782 M.
273 742 329 783 V.
359 742 579 784 Martialis
612 743 701 784 alia
732 743 881 792 editio,
913 743 1006 783 sinc
1036 756 1166 792 anno,
1195 743 1308 792 loco,
1329 745 1372 783 et
1391 740 1568 782 nomine

119 810 304 851 editoris
326 814 402 851 aut
420 812 697 865 typographi.
740 811 856 852 lbid.

179 877 242 918 M.
256 877 313 919 V.
332 877 552 919 Martialis
568 891 666 919 cum
680 882 912 920 comment.
926 878 1166 928 Calderini,
1180 878 1253 919 fol.
1269 876 1427 918 Venet.
1442 875 1568 917 1485.

125 945 334 987 Biblioth.
357 945 514 987 Pinell.

180 1012 245 1052 M.
259 1013 318 1053 V.
336 1013 554 1055 Martialis
575 1014 949 1068 Epigrammatum
970 1014 1093 1055 Libri
1113 1024 1212 1055 xiv.
1231 1025 1332 1053 cum
1348 1024 1570 1052 commen-

121 1080 245 1121 tariis
267 1081 458 1122 Domitii
479 1081 701 1123 Calderini
725 1082 1010 1131 Veronensis,
1033 1081 1146 1122 Ven.
1170 1080 1296 1121 1491.
1327 1080 1406 1120 fol.
1463 1079 1574 1120 Bib-

120 1149 242 1190 lioth.
265 1149 599 1191 Advocatorum
621 1151 737 1203 apud
759 1151 922 1191 Edinb.

178 1216 330 1257 Editio
346 1217 569 1257 Martialis
586 1217 753 1269 prodiit
772 1217 897 1256 1492.
915 1229 992 1270 per
1006 1216 1323 1256 Bernardinum
1343 1214 1397 1255 de
1418 1214 1574 1256 choris

123 1283 177 1324 de
190 1283 421 1324 Cremona.
481 1283 598 1323 Vide
619 1283 819 1324 Harlesii
837 1283 994 1336 Suppl.
1013 1282 1070 1323 ad
1093 1282 1222 1323 Brev.
1241 1281 1349 1321 Not.
1370 1283 1447 1322 διο.
1470 1280 1574 1323 Vol.

124 1362 174 1391 11.
195 1365 240 1404 p.
260 1348 359 1391 118.

179 1418 408 1459 Editiones
436 1416 623 1459 Aldinas
657 1423 743 1459 tres
781 1422 947 1460 tant-um
985 1420 1228 1458 memorant
1270 1416 1498 1470 Bipontini
1530 1421 1575 1456 et

126 1486 381 1527 Fabricius:
399 1485 476 1526 sed
491 1490 683 1538 quatuor
695 1488 820 1526 notat
837 1485 1090 1534 Harlesius,
1107 1498 1146 1524 n.
1163 1483 1430 1524 1501.1510.
1447 1482 1575 1524 1512.

124 1554 250 1594 1517.
283 1552 456 1606 Adjicit
474 1566 590 1604 vero,
607 1566 710 1593 num
728 1566 881 1594 omnes
895 1554 985 1593 sint
1007 1552 1222 1604 genuinae,
1236 1551 1368 1591 fidem
1389 1563 1438 1591 se
1458 1562 1574 1604 prae-

125 1625 238 1663 stare
253 1634 341 1662 non
357 1634 490 1674 posse
506 1634 517 1672 ;
540 1625 584 1662 et
596 1622 817 1675 suspicari
837 1620 1009 1661 videtur
1030 1620 1157 1660 exiis
1177 1632 1310 1660 unam
1326 1616 1498 1673 (1501.)
1512 1631 1569 1659 ex

127 1689 248 1730 Guil.
265 1688 447 1742 Huyon,
467 1691 543 1729 aut
556 1701 614 1728 ex
637 1689 726 1729 alia
741 1688 933 1741 quadam
950 1687 1129 1728 officina
1143 1687 1294 1728 furtim
1316 1687 1495 1727 exiisse.

182 1756 248 1796 M.
271 1755 328 1795 V.
346 1755 567 1796 Martialis
589 1756 953 1809 Spectaculorum
969 1755 1116 1804 Liber,
1139 1759 1182 1796 et
1199 1754 1575 1809 Epigrammatum

127 1825 306 1877 primus,
338 1836 440 1864 cum
467 1822 759 1876 Cornucopiae
803 1822 898 1863 sive
941 1823 1255 1863 commentario
1293 1820 1572 1874 amplissimo

129 1892 232 1933 Nic.
260 1891 429 1932 Perotti
451 1891 688 1945 Sipontini,
711 1891 855 1931 Paris.
878 1891 1009 1931 1507.
1031 1890 1104 1931 fol.

184 1959 249 2000 M.
270 1959 328 2000 V.
351 1958 574 2000 Martialis
596 1959 735 2012 Lugd.
756 1959 882 2000 1518.
898 1959 999 2001 Svo.

186 2027 251 2068 M.
274 2027 331 2067 V.
363 2026 586 2068 Martialis
624 2027 999 2081 Epigrammatum
1029 2026 1152 2067 Libri
1176 2037 1278 2066 xlv.
1308 2025 1467 2067 Venet.
1504 2036 1575 2078 ap.

128 2095 233 2137 Ald.
255 2094 379 2136 1534.
401 2094 502 2135 Svo.
526 2095 736 2135 Biblioth.
758 2095 886 2135 Bodl.

186 2161 250 2202 M.
282 2161 339 2201 V.
378 2161 604 2202 Martialis
634 2162 1010 2216 Epigrammatum
1044 2164 1232 2202 octavus
1263 2161 1409 2209 Liber,
1432 2159 1574 2200 Paris.

129 2228 254 2270 1548.
269 2229 359 2270 4to.

190 2296 252 2336 M.
268 2296 325 2336 V.
350 2296 569 2338 Martialis
588 2297 726 2351 Lugd.
746 2298 848 2338 Bat.
870 2297 994 2338 1548.
1010 2297 1109 2337 Svo.

190 2362 252 2402 M.
271 2363 326 2403 V.
344 2363 578 2414 Martialis,
592 2368 668 2406 διο.
687 2365 1073 2419 interpretantibus
1088 2362 1320 2404 Calderino
1332 2366 1374 2403 ct
1391 2362 1576 2412 Merula,

133 2430 287 2471 venet.
310 2429 435 2471 1552.
453 2430 550 2471 Svo.

191 2497 254 2538 M.
276 2496 335 2537 V.
354 2496 574 2538 Martialis
591 2485 1049 2552 Lugd.Bata{1.1600.
1083 2498 1222 2538 mmo.

191 2565 256 2606 M.
278 2564 335 2606 V.
353 2564 576 2606 Martialis
599 2566 737 2620 Lugd.
761 2568 919 2609 Batav.
933 2567 1058 2609 1612.
1081 2566 1221 2606 lssmo.

189 2632 253 2673 M.
275 2632 334 2673 V.
352 2632 573 2674 Martialis
594 2647 694 2674 cum
708 2636 1033 2676 commentariis
1056 2633 1273 2684 Famabii,
1296 2632 1434 2673 Lond.
1451 2630 1577 2672 1633.

195 2699 412 2741 Martialis
462 2700 801 2755 Epigrammata,
833 2704 987 2744 edente
1021 2701 1214 2743 Ricardo
1256 2700 1496 2754 Busheyio,
1538 2699 1580 2740 in

221 2766 375 2807 Delpſtret
394 2767 464 2799 l'nr.
486 2769 569 2799 Clas.
786 2769 930 2799 Marsica.
1420 2770 1436 2797 5
1464 2766 1492 2797 Α
