1866 3131
360 189 407 218 M.
441 190 552 219 VAL.
588 189 869 219 MAR'riALis
906 191 1063 221 EPJGR.
1098 192 1192 221 Llss.
1227 191 1279 221 ΙΙ.

137 284 155 312 7
182 282 261 313 ila-c
289 287 374 322 sunt,
405 283 541 323 singula]
573 285 623 315 Ex
651 284 790 320 singulis

94 335 345 374 epigrammatis
371 336 504 376 junctis
530 337 627 367 simul
657 336 792 367 libellus

93 384 144 415 tit.
206 386 269 415 Est
299 387 403 425 igitur
433 386 627 426 absurdum,
661 387 791 427 singula

96 446 155 475 per
184 447 218 467 se
248 437 358 477 magni
386 436 513 475 facere,
549 437 646 467 simul
678 441 791 467 autem

94 487 206 516 onmia
231 487 376 517 collecta
402 486 554 518 fastidire
580 491 614 519 et
631 487 792 527 abjicere.

90 537 98 551 ‘
120 537 214 567 Sinu'
240 542 353 568 antem
375 537 384 554 ‘
401 537 498 568 ferre’
534 539 590 568 vel
613 540 622 555 ‘
637 542 794 577 gestares

94 586 238 618 formula
261 592 314 618 est
341 588 558 619 usitatissima
581 589 671 629 apud
700 593 791 620 vete—

96 648 159 677 res,
173 649 233 678 pro
248 639 383 670 charum
401 639 540 671 habere.
565 640 771 671 aniresim.

138 692 177 719 10
203 689 285 724 Quid
294 691 430 730 prodest,
446 690 513 730 Sym]
538 691 706 723 Quorsum
723 696 792 721 stu-

92 738 149 769 dui
182 740 359 771 brevitati?
384 739 512 771 frustra
541 740 656 771 curavi
688 745 725 771 ut
754 741 791 772 li-

93 788 154 819 ber
170 790 281 820 tenuis
295 795 397 830 esset,
410 800 473 821 nec
490 791 640 822 umbilici
655 791 714 832 (dc
727 801 791 832 quo

93 850 148 879 ep.
177 844 231 872 (57.
254 841 274 872 l.
296 840 340 882 1.)
363 842 624 873 crassitudinem
651 842 792 872 excede-

93 896 155 929 ret,
171 891 196 921 si
214 896 327 922 tamen
345 897 380 923 tu
406 891 572 923 delicatus
596 897 630 922 et
651 892 790 931 supinus

93 942 200 972 lector
214 942 360 973 triduum
378 942 425 973 illi
442 942 587 982 legendo
600 942 760 973 insumas.

136 994 174 1022 13
201 993 380 1033 Nunquam,
406 992 476 1033 ξω]
504 992 586 1031 Alii,
618 993 790 1032 Nusquam.

94 1047 130 1073 nt
146 1051 201 1082 ep.
229 1045 258 1073 4.
283 1043 304 1072 l.
334 1046 363 1073 l.
409 1043 560 1081 mesols,
588 1043 654 1073 lieu
678 1042 789 1073 nescis

93 1092 235 1123 dominae
252 1091 392 1123 fastidia
409 1093 546 1130 Romae‚'
562 1094 626 1123 &a

135 1146 173 1174 15
198 1142 352 1183 Bovillas]
377 1142 553 1183 Oppidum
584 1142 620 1173 in
648 1142 699 1173 via
715 1141 791 1172 Ari-

93 1192 181 1232 cina,
194 1202 259 1223 non
274 1193 374 1233 longe
389 1203 407 1224 a
420 1193 537 1225 Roma.

137 1246 176 1274 16
200 1243 417 1281 Interiungere
441 1243 566 1284 quaem's]
589 1243 680 1274 Male
706 1243 790 1283 legi-

94 1298 148 1324 tur
165 1295 233 1324 Iter
248 1293 393 1333 jungere.
438 1294 499 1324 Est
526 1294 613 1324 enim
638 1292 790 1331 interjun-

90 1353 176 1382 gere,
193 1344 276 1384 jugo
293 1344 421 1374 solvere
435 1353 535 1384 equos
552 1353 610 1373 seu
624 1343 723 1373 boves
740 1353 792 1373 re-

89 1392 249 1425 fectionis
276 1394 404 1434 gratia:
428 1398 480 1424 est
509 1398 621 1424 autem
654 1392 789 1433 Allego-

92 1445 161 1474 ria:
187 1444 324 1475 brevem
342 1444 463 1474 librum
479 1453 545 1474 non
563 1453 629 1474 uno
646 1442 790 1474 decursu

92 1493 252 1534 perlegis,
279 1503 393 1524 verum
420 1494 451 1524 in
479 1493 602 1524 itinere
624 1494 730 1524 haeres
755 1499 791 1524 et

93 1554 228 1585 pausam
256 1545 400 1575 oscitans
417 1545 618 1585 interponis.
662 1545 713 1575 Ad
732 1544 791 1574 Cu-

93 1594 222 1634 moenus]
249 1595 301 1625 Ad
329 1595 441 1625 lucum
471 1599 505 1624 et
535 1595 699 1634 templum
730 1594 792 1624 Ca·

93 1654 276 1676 moenarum
294 1649 392 1675 extra
406 1649 538 1684 portam
552 1643 711 1684 Appiam.
732 1644 792 1675 sed

93 1694 170 1725 vide
186 1694 249 1725 Ph.
266 1694 416 1725 Cluverii
434 1694 614 1731 Italiam,l.
631 1696 662 1724 3.
681 1704 711 1724 c.
728 1696 759 1724 4.

138 1747 176 1775 17
200 1745 221 1775 Ι
243 1743 414 1784 nunC‚85c.]
440 1744 664 1785 Epanalepsis
683 1744 791 1776 Ironi-

93 1805 144 1833 ca,
157 1805 257 1835 supra
269 1804 356 1826 vers.
370 1798 399 1825 1.

135 1846 237 1877 Eme.
254 1854 319 1876 vn.
344 1848 359 1875 l
386 1843 564 1884 Declamas]
581 1844 708 1874 Notum
726 1844 792 1874 dis-

93 1898 217 1930 crimen
242 1898 332 1928 inter
347 1896 611 1927 declamatorem
630 1900 665 1926 et
681 1900 791 1927 orato-

91 1958 179 1980 rem:
206 1947 330 1979 Orator
355 1956 453 1977 veras
475 1956 603 1986 causas,
625 1946 791 1977 declama-

93 2003 146 2029 tor
174 1998 284 2037 fictas,
313 1997 447 2038 agebat.
497 1997 582 2027 Tum
617 1997 705 2028 belle
738 1997 791 2028 hic

92 2047 351 2089 χαρακτηρίζεται
365 2047 505 2088 ardelio,
521 2048 578 2088 qui
607 2057 682 2078 cum
710 2048 791 2078 nihil

91 2099 177 2131 bene
190 2104 281 2139 agat,
296 2099 367 2139 agit
381 2099 491 2129 onmia
503 2099 602 2138 belle,
614 2098 648 2129 id
675 2103 740 2137 est,
758 2100 791 2130 in

92 2149 246 2180 omnibus
262 2149 370 2180 bellus
393 2149 456 2179 sibi
482 2149 637 2188 videtur;
661 2154 698 2181 et
720 2150 792 2180 nul-

91 2201 141 2231 las
167 2205 272 2239 artes,
288 2199 396 2230 nullas
411 2199 573 2230 scientias
589 2200 721 2239 ignotas
736 2200 793 2230 ha-

92 2250 163 2289 bet,
185 2259 225 2280 ac
261 2249 302 2280 de
332 2249 486 2280 omuibus
515 2249 677 2291 loquitur,
703 2249 793 2280 belle

98 2300 225 2341 potius,
262 2300 295 2330 id
332 2304 395 2337 est,
422 2304 581 2340 tanquam
607 2300 705 2331 homo
736 2299 793 2340 qui

93 2350 218 2390 politus
236 2349 342 2379 videri
359 2350 431 2380 vult
447 2350 497 2381 καὶ
520 2350 670 2390 εὐομιλος,
693 2359 792 2391 quam

92 2399 212 2439 perite.
256 2399 354 2429 Tales
381 2399 485 2439 igitur
500 2400 652 2431 homines
675 2400 792 2441 appel-

92 2449 210 2480 labant
232 2447 466 2490 ‘ardeliones,'
489 2451 545 2490 qui
576 2451 667 2482 circa
682 2450 794 2482 omnia

94 2499 288 2537 volitarent,
312 2503 347 2529 et
363 2499 480 2530 nullibi
494 2499 614 2540 pedem
631 2500 791 2541 figerent.

94 2550 228 2580 Herald.
255 2550 356 2587 Belle,
369 2550 437 2590 aaz]
463 2550 516 2581 Ad
533 2550 620 2583 hunc
638 2551 794 2584 Attalum

94 2604 148 2632 est
177 2600 385 2641 epigramma
412 2601 432 2632 l.
461 2604 492 2632 1.
529 2604 582 2632 80.
610 2602 666 2632 ubi
700 2603 792 2634 illius

96 2650 395 2691 πολυπραγμοσύνην
421 2652 541 2692 carpit.
586 2652 653 2684 Hic
671 2652 793 2684 irridet

97 2701 322 2742 arrogantiam
348 2705 384 2732 et
400 2702 603 2742 jactantiam
619 2703 789 2744 ejusdem:

98 2759 163 2791 qua
178 2751 288 2784 omnia
305 2750 490 2785 affectabat
517 2757 552 2784 et
570 2753 741 2795 jactabat,
757 2758 793 2785 et

1432 181 1543 223 ,1139

843 288 955 314 tamen
986 285 1068 315 nihil
1093 285 1229 325 agebat.

844 337 893 365 10.
906 335 927 366 l.
947 339 975 366 1.

885 387 904 414 8
927 385 1072 426 Ardelz'o]
1111 384 1353 426 Πυλυπράγμων,
1390 384 1489 425 Angl.
1525 396 1544 415 ιι

842 436 1007 477 busybody.
1019 441 1055 467 ut
1068 437 1090 467 l.
1101 439 1129 468 1.
1143 438 1250 477 epigr.
1262 441 1313 469 80.
1324 437 1429 468 multa
1443 446 1544 477 agen-

842 486 885 517 do
900 486 979 516 nihil
997 496 1110 527 agens,
1121 487 1175 528 qui
1189 492 1224 518 ut
1243 488 1399 519 videatur
1417 488 1543 528 aliquid

843 547 914 568 esse
931 538 962 568 in
980 538 1146 578 omnibus,
1166 538 1246 569 nihil
1263 544 1316 569 est
1330 539 1361 569 in
1380 539 1542 579 singulis:

842 588 851 604 ‘
868 598 1029 630 nusquam
1053 589 1143 620 enim
1160 593 1226 628 est,
1243 589 1298 629 qni
1316 589 1439 630 ubique
1467 590 1544 628 ests

842 639 972 669 Seneca
985 638 1087 678 epist.
1104 642 1137 670 2.
1183 639 1253 670 Alii
1270 639 1311 670 ab
1334 640 1343 656 ‘
1362 639 1493 670 ardore'
1509 646 1545 671 et

843 689 972 729 impetu
990 690 1096 720 multa
1121 689 1299 729 tentantis,
1324 689 1407 720 nihil
1429 699 1545 729 prose.-

842 740 1000 780 qucntis;
1026 740 1094 770 Alii
1117 740 1159 771 ab
1178 739 1348 771 ‘ardeola'
1379 740 1445 779 avi,
1468 750 1542 781 quae

842 792 874 821 in
898 792 1011 822 volatu
1028 792 1170 822 multum
1187 795 1314 829 movet,
1334 801 1450 832 parum
1467 801 1544 831 pro-

841 846 968 880 movet,
996 841 1173 873 diductum
1200 842 1328 873 volunt.
1373 842 1461 873 Sunt
1486 842 1542 882 qui

841 892 1042 923 Ardeliones
1059 892 1234 924 mimorum
1249 902 1352 932 genus
1366 891 1471 923 fuisse
1487 901 1544 922 vo-

838 943 925 973 lunt.
970 942 1060 973 Vide
1073 943 1182 983 epigr.
1208 943 1331 974 Graeca
1348 949 1416 982 κεφ.
1433 945 1490 980 μβ.

884 993 990 1024 EP1G.
1007 1002 1088 1024 vm.
1103 996 1118 1024 l
1145 994 1181 1024 Si
1198 1004 1257 1034 qua
1269 992 1543 1033 viclebuntur‚35c.]

841 1043 951 1075 Poeta
963 1044 1157 1084 perjocum,
1173 1050 1208 1075 et
1226 1049 1263 1075 ut
1276 1048 1386 1075 tentet
1403 1043 1542 1075 lectoris

840 1104 916 1125 curn
945 1094 1129 1134 ingenium,
1155 1098 1225 1125 tum
1255 1094 1452 1133 candorem,
1472 1093 1545 1134 epi-

841 1149 1063 1185 grammatum
1081 1154 1216 1175 suorum
1241 1146 1338 1184 vitia,
1362 1145 1456 1185 quasi
1473 1154 1492 1175 a
1508 1153 1544 1175 se

841 1205 1010 1235 amovens,
1025 1195 1059 1226 in
1074 1195 1285 1226 librariorum
1299 1195 1543 1236 negligentiam

840 1251 1037 1277 eterrorem
1055 1243 1202 1276 confert.

883 1301 900 1328 5
928 1297 1019 1332 Quod
1047 1296 1076 1327 si
1098 1307 1157 1328 ‘non
1175 1297 1275 1336 illum,
1301 1297 1372 1337 Era]
1395 1296 1496 1329 Quod
1516 1296 1544 1326 si

840 1357 948 1378 meam
966 1347 1066 1387 hanc,
1082 1357 1156 1388 quae
1182 1351 1297 1378 tamen
1327 1347 1475 1387 vulgaris
1492 1352 1544 1377 est

840 1399 1015 1429 authorum
1046 1397 1237 1437 excusatio,
1264 1406 1328 1428 non
1356 1397 1545 1435 admiseris,

840 1457 951 1488 neque
982 1457 1045 1488 ego
1074 1453 1107 1478 te
1135 1457 1197 1486 pro
1228 1447 1372 1479 cordato
1403 1452 1439 1478 et
1466 1457 1544 1478 can-

842 1498 922 1530 dido
958 1499 1088 1530 lectore
1117 1497 1272 1529 habebo:
1315 1497 1404 1538 ‘jam
1432 1507 1544 1529 sumus

843 1559 923 1590 ergo
940 1549 1061 1590 pares!

884 1603 904 1630 6
932 1600 1016 1630 Tunc
1033 1609 1088 1638 ego
1116 1603 1148 1630 te
1173 1600 1309 1639 credam,
1337 1600 1406 1640 ξιπ]
1429 1599 1546 1630 Rami-

843 1649 950 1680 resius
982 1649 1031 1679 sic
1058 1649 1143 1688 legit
1167 1649 1255 1680 hunc
1278 1658 1434 1680 versum:
1459 1649 1545 1679 Num

843 1709 879 1729 ne
891 1709 946 1737 ego
962 1702 993 1728 te
1005 1699 1125 1729 credam
1136 1698 1239 1728 cordis
1253 1697 1364 1728 habere
1374 1695 1482 1728 nihil?
1502 1697 1544 1728 Id

843 1754 908 1786 est,
935 1749 962 1780 si
992 1749 1118 1780 dixeris
1145 1758 1198 1779 me
1224 1757 1401 1788 peccasse,
1417 1752 1452 1779 te
1469 1757 1545 1778 cor-

842 1799 958 1830 datum
987 1803 1023 1830 et
1051 1798 1240 1839 sapientem
1262 1797 1450 1838 judicabo?
1484 1797 1561 1828 sed¹

842 1848 971 1889 inepte.

884 1902 902 1930 7
928 1900 997 1930 Ista
1024 1901 1126 1929 tamen
1142 1899 1222 1929 mala
1238 1897 1323 1938 sunt]
1347 1898 1458 1939 Urget
1473 1898 1544 1929 lec—

841 1955 907 1990 tor,
918 1950 977 1981 sed
992 1950 1065 1990 ipsa
1080 1949 1228 1980 carmina
1244 1949 1330 1979 mala
1347 1954 1436 1989 sunt,
1454 1949 1544 1989 quod

842 2011 906 2032 non
929 2004 998 2031 tam
1027 1999 1068 2030 ab
1084 2009 1264 2040 operarum
1290 2009 1416 2035 errore,
1444 2008 1543 2040 quam

842 2051 884 2082 ab
901 2052 1026 2082 autoris
1044 2051 1140 2082 vitio.
1167 2051 1265 2086 Quasi
1276 2061 1344 2089 nos,-
1359 2050 1427 2091 εμπ]
1451 2049 1544 2090 Ape-

842 2102 886 2132 rit
901 2111 937 2132 se
959 2100 1082 2139 Poeta,
1098 2105 1133 2131 et
1149 2099 1279 2132 fatetur
1296 2101 1384 2131 mala
1406 2100 1542 2141 quidem

842 2161 913 2182 esse
928 2152 1014 2187 lraec,
1031 2151 1089 2182 sed
1107 2156 1142 2182 et
1153 2151 1229 2182 illos
1244 2155 1409 2191 provocat
1422 2153 1458 2180 ut
1474 2160 1544 2181 me·

842 2202 941 2240 liora,
957 2201 985 2232 si
1003 2201 1147 2241 possint,
1163 2201 1335 2239 scribant;
1361 2201 1411 2231 sin
1424 2201 1545 2241 minus,

842 2251 892 2283 his
908 2256 1056 2290 utantur,
1082 2251 1155 2281 haec
1184 2251 1293 2282 animo
1323 2251 1473 2291 aequiore
1490 2261 1544 2282 ac-

843 2303 984 2343 cipiant.
1001 2302 1109 2342 epigr.
1122 2304 1174 2332 92.
1192 2301 1212 2331 l.
1229 2304 1259 2333 1.
1278 2301 1357 2341 quin
1374 2305 1410 2332 et
1432 2310 1467 2331 se
1484 2301 1544 2331 mi-

842 2358 942 2385 natur
970 2361 1143 2384 censorem
1171 2361 1237 2382 non
1265 2351 1372 2382 minus
1404 2351 1438 2381 in
1467 2351 1542 2382 illos

843 2404 1001 2444 rigidum,
1022 2402 1049 2433 si
1063 2401 1273 2441 scripserint.
1318 2401 1423 2433 Quasi
1447 2411 1542 2440 vero,

842 2454 955 2495 inquit
993 2453 1173 2492 Martialis,
1200 2462 1263 2493 ego
1294 2450 1440 2483 diffitear
1467 2461 1544 2483 esse

843 2504 900 2534 illa
917 2507 1058 2543 peccata
1086 2503 1157 2533 sive
1184 2503 1273 2533 mala
1295 2512 1382 2543 mea,
1412 2507 1448 2533 et
1474 2512 1542 2534 non

836 2553 908 2594 joci
923 2562 1038 2583 caussa
1056 2552 1198 2583 dixerim
1213 2562 1287 2583 esse
1303 2552 1442 2584 librarii.
1473 2553 1541 2584 Sed

842 2608 1016 2643 utcunque
1047 2612 1100 2633 res
1126 2602 1241 2643 habet,
1276 2603 1346 2634 sive
1372 2613 1449 2634 mea
1473 2603 1544 2643 illa,

842 2654 912 2685 sive
945 2653 1075 2684 librarii
1112 2658 1203 2694 sunt,
1233 2657 1270 2685 tu
1304 2653 1540 2687 meliora-non

841 2703 939 2736 facis.
962 2703 1115 2736 Musamb.

886 2754 991 2786 Epio.
1016 2763 1069 2786 lx.
1101 2757 1116 2786 1
1143 2753 1278 2796 Scripsi]
1314 2755 1393 2788 Non
1421 2754 1541 2796 despe-

1274 285 1355 317 Rad.
1382 284 1460 316 vide
1487 294 1542 325 ep.
