1866 3131
408 165 458 194 M.
490 164 600 194 VAL.
634 161 906 197 MARTIAMS
942 163 1101 192 Epiust.
1136 163 1228 191 [AB.
1263 162 1291 190 1.

131 259 220 300 quod
233 258 310 290 mihi
328 263 439 290 tecum
457 262 509 290 est
526 267 714 297 commune,
732 265 829 298 gran-

130 310 173 342 de
190 311 306 341 decus.

172 364 192 392 2
215 360 396 398 Antenorei,
430 360 499 400 δῖα]
545 359 648 391 Urbis
695 357 830 389 Patavii

130 424 230 454 quam
252 412 406 444 condidit
427 411 595 442 Antenor.
640 411 718 442 Fuit
741 410 829 441 enim

130 464 206 494 Vni.
232 464 342 494 Flacc.
358 461 612 502 Argonauticon
630 467 730 491 autor
745 460 829 491 civis

131 513 328 544 l'atavinus.

172 567 190 593 3
216 564 349 602 Pierios,
374 562 444 603 thu]
482 562 612 592 Desine
645 565 680 592 et
710 561 830 592 «lesere

131 615 313 654 poeticam,
342 623 416 645 euin
449 614 558 644 Mnsae
588 613 680 643 nullo
707 613 830 643 sintin

133 666 266 705 preti03
294 664 345 694 vel
370 663 470 694 differ
504 664 535 693 iu
565 663 653 693 aliud
684 668 830 702 tempus,

129 725 204 745 eum
223 723 370 754 praewns
395 714 544 753 postulet
567 718 605 743 ut
628 723 697 743 rem
714 712 829 743 facin&

127 765 287 797 Juvenal.
325 767 358 795 7.
392 766 464 795 Sat.
503 764 568 794 Tit.
605 764 769 803 Calpuru.
800 765 831 794 4.

131 817 249 855 Eclog.
293 814 396 846 Ovid.
443 814 577 854 passim,
614 818 648 843 et
687 812 831 844 Quintil.

132 866 254 905 dialog.

170 919 190 946 4
216 915 292 946 Istis
327 916 423 954 nulla,
454 914 524 955 δῖα]
562 914 707 952 Novem,
742 913 832 944 Mus.

130 966 260 996 Pierid.

171 1020 189 1046 5
205 1016 291 1051 Quid
303 1016 385 1056 petis
399 1026 418 1046 α
434 1013 574 1047 Phaeho?
596 1025 743 1054 nummos,
765 1014 832 1054 &ar-J

128 1067 138 1082 ⁴
153 1064 334 1096 Foenerare
351 1065 460 1096 Deos'
475 1066 575 1105 dixit,
587 1071 624 1097 ut
646 1066 655 1081 ⁶
668 1065 832 1096 foenerare

128 1115 324 1156 pecuniain'
353 1116 506 1155 dicimus,
529 1126 627 1158 quam
651 1117 685 1146 in
706 1115 832 1147 foenore

129 1166 296 1206 ponimus,
313 1176 388 1196 cum
405 1166 522 1196 damus
550 1170 678 1203 mutuo,
701 1171 738 1196 ut
757 1165 831 1195 red-

131 1216 235 1247 datur
255 1226 370 1246 usura.
417 1216 632 1247 Deliortatur
658 1216 832 1246 'Valerium

130 1268 287 1298 Flaccum
319 1267 487 1298 celebrem
524 1267 832 1306 Argonauticon-nm

128 1317 272 1348 Poetam
296 1328 316 1349 a
339 1317 489 1348 Poe'seos
518 1317 649 1356 studio,
672 1322 832 1358 tanquam

127 1368 251 1407 inutili,
277 1373 312 1399 et
339 1368 430 1409 quod
456 1369 531 1408 plus
561 1368 704 1399 nominis
732 1378 832 1409 quam

128 1418 320 1450 divitiarum
338 1418 537 1459 promittat:
565 1425 749 1460 monetque
771 1419 834 1451 Ju-

128 1468 279 1499 ridicinae
293 1473 329 1499 et
344 1468 418 1500 foro
434 1479 471 1500 se
487 1469 596 1510 potius
609 1469 689 1507 det3
706 1469 832 1510 quippe

129 1529 195 1560 quo
211 1520 336 1550 nullum
365 1520 454 1550 aliud
483 1519 631 1550 studium
656 1524 831 1560 quatstuo-

130 1570 198 1600 sius
234 1570 289 1600 sit.
332 1571 486 1601 Studium
533 1575 646 1600 autem
685 1570 834 1600 Po'e‘seos

130 1629 192 1660 per
219 1619 396 1658 Phoebum,
419 1620 644 1651 Juridicinam
683 1630 742 1660 per
769 1621 833 1651 Mi-

132 1679 268 1699 nervam
295 1670 464 1710 designat.
510 1669 571 1700 Ait
588 1680 683 1709 ergo,
710 1671 798 1702 Quid
817 1682 835 1701 a

130 1719 261 1749 Puoebo
286 1719 374 1759 petis
402 1729 553 1750 nummos
581 1720 652 1750 sive
680 1720 834 1750 divitias?

130 1769 194 1799 Ille
225 1769 305 1800 nihil
334 1770 402 1801 tale
428 1771 639 1810 praestiterit.
685 1770 751 1801 Adi
770 1772 834 1801 Mi-

130 1829 268 1850 nervam
287 1821 418 1860 potius:
444 1820 515 1850 haec
539 1820 674 1852 divitias
693 1821 754 1851 tibi
768 1830 833 1852 non

136 1875 282 1908 tantum,
301 1870 359 1900 sed
384 1875 420 1900 et
441 1876 584 1900 cit-[eros
600 1871 693 1901 Deos
706 1880 834 1910 omnes,

129 1920 192 1951 hoc
209 1926 273 1959 est,
295 1919 460 1961 quicquid
480 1930 498 1950 a
516 1920 650 1950 caeteris
674 1921 748 1952 Diis
774 1931 834 1961 op-

131 1970 196 2001 tari
211 1975 338 2010 potest,
355 1970 523 2008 conferre,
540 1975 575 2002 et
598 1972 692 2002 velut
717 1972 749 2001 in
775 1971 836 2002 foe-

128 2031 190 2052 nus
220 2031 358 2061 ponere,
393 2023 465 2052 sive
503 2021 669 2052 foenerare
705 2026 833 2062 potest.

128 2073 218 2104 Sane
246 2073 279 2103 in
306 2074 453 2114 pecunia
477 2074 588 2104 omnia
615 2075 727 2114 posita
742 2081 831 2106 sunt.

130 2123 222 2154 Hinc
238 2123 438 2154 Petronius:
455 2125 464 2140 ‘
476 2124 609 2164 quidvis
627 2125 735 2155 numis
749 2135 834 2165 prae-

129 2174 281 2205 sentibus
295 2180 388 2214 opta,
405 2175 567 2205 Eveniet:
594 2176 740 2206 clausum
759 2186 834 2215 pos-

132 2223 221 2255 sidet
233 2224 463 2256 areaJoven1.’
490 2225 575 2258 Quid
584 2226 665 2264 petis
675 2236 693 2256 α
704 2226 831 2267 Phoebo,

131 2274 200 2314 lisa]
222 2274 276 2305 Sic
290 2275 470 2313 legendum
497 2280 613 2306 censet
631 2276 835 2308 Gronovius.

131 2325 212 2355 Hoec
227 2325 321 2365 sapit,
331 2326 395 2356 haec
404 2327 645 2364 omnessoenerat
661 2338 722 2358 una
735 2329 833 2368 Deos]

131 2377 423 2417 Interpretantur,
446 2387 545 2417 posse
567 2378 657 2408 illam
674 2379 704 2408 in
723 2377 832 2408 foenus

132 2426 215 2456 dare
249 2426 402 2456 omnibus
436 2427 509 2457 diis.
555 2427 602 2458 At
640 2427 834 2458 ‘faenerare

133 2477 227 2507 Deos
238 2476 246 2489 '
258 2476 442 2515 dicitur‚ut
452 2479 460 2493 ‘
471 2477 636 2508 faenerare
648 2478 837 2518 pecuniam,

132 2526 361 2566 beneficium‚'
388 2527 563 2566 Ciceroni;
589 2527 743 2559 ‘lumen'
768 2529 835 2559 Pii-

133 2577 204 2609 nio.
247 2577 257 2594 ‘
274 2576 386 2608 Deos’
425 2578 576 2619 intellige
606 2584 689 2610 nota
725 2579 836 2619 figura

133 2628 274 2659 deorum
293 2627 392 2667 dona,
416 2628 630 2669 sapientiam,
651 2629 835 2669 pulchritu-

134 2678 261 2717 dinem,
297 2679 497 2718 potentiam.
563 2678 618 2710 Sic
650 2679 837 2715 Juvenalis,

133 2732 141 2745 ‘
156 2730 282 2760 nullum
308 2739 431 2760 munen
460 2729 569 2770 abest,
585 2731 612 2762 si
630 2731 673 2762 sit
691 2731 836 2771 pruden-

174 2782 292 2823 Delph.
306 2786 333 2814 el
357 2783 427 2814 Var.
444 2783 528 2813 Clas.

797 2783 944 2814 sslarliul,

1464 151 1574 192 1121

882 256 960 287 tiaz'
983 257 1039 297 qui
1069 257 1216 296 prudens
1247 261 1309 296 est,
1330 257 1452 298 inquit,
1473 257 1577 289 habet

882 316 996 338 omnes
1018 307 1111 344 deos,
1132 309 1195 339 hoc
1217 313 1280 347 est,
1301 307 1460 349 quicquid
1476 318 1495 339 a
1513 308 1577 339 diis

882 357 967 397 peti,
989 358 1132 397 sperari,
1147 359 1218 389 dari
1237 364 1359 399 potest.
1401 359 1458 389 Sic
1473 359 1578 389 etiam

880 407 890 424 ‘
901 417 980 438 arca
994 407 1160 439 Minervae
1177 408 1344 449 foenerat‚'
1361 408 1506 444 confert,
1519 409 1579 440 tri-

882 458 954 489 buit
965 458 974 475 ‘
986 468 1100 490 omnes
1111 458 1215 499 deos‚'
1227 470 1435 501 quare-unque
1448 462 1581 491 seilicet

881 508 938 539 alii
950 508 996 539 dii
1007 508 1088 540 dare
1100 509 1269 541 dicuntur.
1283 510 1468 542 Gronovius.
1491 512 1582 542 I’ltoe-

881 559 928 598 bo,
940 559 1010 599 Sym]
1028 560 1089 591 Cui
1105 560 1217 590 laurus
1234 566 1268 590 et
1283 561 1355 591 laus
1371 561 1458 591 nuda
1473 572 1580 592 curae.

880 609 914 640 Si
932 609 1005 649 ipse
1022 611 1118 641 Deus
1131 612 1430 652 paupei·est,qnid
1455 611 1580 651 poetae,

882 660 955 700 ejus
985 661 1111 691 alumni
1135 661 1360 702 clientesque,
1392 663 1580 692 haberent?

882 711 966 741 Arcu
1002 711 1169 752 Minerroe]
1214 711 1314 743 Areae
1353 718 1581 753 patronorum,

883 761 1001 801 quibus
1031 762 1123 801 leges
1153 766 1187 792 et
1220 772 1340 801 causa‘,
1369 772 1450 803 quas
1476 762 1584 801 dedit,

882 821 963 852 quas
984 812 1100 842 docuit
1124 812 1290 852 Minerva,
1312 822 1487 843 munorum
1505 811 1584 843 affa-

885 862 944 892 tim
959 862 1140 893 dederunt.

927 916 947 943 6
978 913 1059 943 Htw
1082 913 1179 953 sapit]
1210 913 1307 943 Lucri
1338 913 1425 944 euim
1461 914 1583 944 bonum

885 963 1022 994 odorem
1037 974 1167 1004 sapere,
1180 974 1259 995 vera
1274 970 1323 995 est
1337 965 1437 995 hodie
1453 965 1584 1004 sapien-

885 1015 944 1046 tia.
987 1014 1121 1046 Alludit
1136 1022 1248 1046 autem
1265 1015 1306 1046 ad
1330 1015 1454 1046 Avieni
1469 1015 1584 1056 apolo-

884 1075 961 1104 gum
979 1065 1001 1096 l.
1025 1068 1055 1096 3,
1083 1065 1155 1098 fab.
1182 1067 1215 1097 in
1243 1076 1310 1108 quo
1326 1067 1502 1098 Palladem
1518 1067 1586 1097 eol-

884 1115 1002 1146 laudat
1032 1117 1183 1156 Jupiter,
1220 1117 1308 1158 quod
1351 1117 1486 1148 caeteris
1521 1116 1584 1147 diis

883 1167 1016 1197 steriles
1032 1167 1072 1198 ad
1089 1168 1203 1206 gloriae
1216 1168 1361 1207 speciem
1380 1166 1584 1207 eligentibus

885 1217 1037 1256 arbores,
1061 1218 1119 1248 illa
1136 1219 1258 1249 olivam
1282 1224 1422 1259 propter
1435 1217 1584 1248 fructum

884 1268 1051 1307 elegisset.
1074 1274 1111 1300 ut
1132 1279 1208 1300 mox
1239 1279 1325 1300 vers.
1343 1272 1395 1300 11.
1422 1268 1500 1299 Ηαό
1523 1277 1585 1298 om<

882 1319 961 1357 neis,
976 1319 1046 1359 ἔγω]
1066 1319 1163 1350 Adeo
1192 1319 1285 1350 dives
1309 1323 1372 1359 est,
1396 1324 1435 1349 ut
1450 1318 1586 1350 caeteris

883 1369 948 1400 diis
970 1375 1121 1401 mutuum
1145 1370 1215 1402 det.
1259 1369 1429 1401 Scriverio
1454 1367 1588 1398 videtur

885 1430 946 1460 pro
975 1421 1142 1459 desoenerat
1171 1421 1277 1459 sumi3
1302 1420 1336 1451 id
1367 1424 1431 1459 est,
1457 1418 1587 1449 foenore

885 1471 1054 1510 exhaurit,
1072 1471 1300 1511 trucidatque.

926 1524 944 1552 7
975 1523 1060 1558 Quid
1069 1526 1204 1562 possent,
1220 1521 1288 1562 Bm]
1306 1522 1389 1554 Quis
1403 1522 1491 1552 enim
1510 1531 1587 1552 usus

885 1573 1121 1612 corymborum
1158 1579 1193 1603 et
1227 1572 1361 1603 hederae
1379 1573 1390 1602 ?
1435 1573 1589 1611 Palladis,

884 1621 954 1661 Qun]
968 1622 1080 1660 Oliva,
1094 1623 1190 1662 cujus
1208 1623 1291 1652 rami
1308 1621 1463 1652 ubertate
1478 1622 1588 1651 incur-

886 1677 1016 1703 vantur.

926 1725 946 1752 8
972 1722 1121 1761 Inclinat]
1146 1722 1321 1753 Incurvat.
1350 1721 1477 1760 Varius]
1500 1722 1589 1753 Quia

886 1772 990 1802 bacca
1024 1773 1142 1802 varia:
1176 1772 1318 1812 primuni
1352 1771 1481 1810 viridis,
1516 1777 1588 1802 tum

884 1821 994 1860 flava;
1012 1823 1147 1853 tandein
1172 1823 1351 1861 nigricans.
1375 1822 1496 1861 Varius,
1520 1822 1588 1862 Era]

884 1872 1036 1903 Frondes
1069 1873 1152 1903 varii
1183 1872 1306 1903 coloris
1342 1871 1456 1903 baccis
1491 1882 1589 1903 onus-

885 1928 948 1955 tas.

926 1977 946 2004 9
971 1975 1104 2013 Praeter,
1120 1974 1188 2014 dfe]
1212 1973 1334 2004 Studia
1348 1974 1420 2005 haec
1437 1978 1472 2005 et
1485 1984 1590 2014 opera

883 2024 1074 2065 poetarum,
1110 2035 1186 2066 quae
1225 2024 1408 2063 Helicone,
1454 2025 1589 2064 Cirrha,

884 2075 1100 2106 Permesside
1129 2075 1276 2116 lympha,
1303 2075 1407 2105 sacris
1437 2075 1581 2114 l’uoebo,

882 2124 1032 2163 Bromio,
1058 2129 1093 2154 et
1123 2125 1244 2165 Musis,
1265 2130 1370 2166 atque
1400 2125 1589 2166 hujusmodi

884 2175 1019 2206 bullatis
1032 2182 1153 2206 sonant
1167 2176 1276 2217 nugis,
1288 2175 1448 2208 adferunt
1458 2182 1588 2208 tantum

884 2226 1247 2266 voluptate1n,inanein
1263 2227 1408 2266 laudem,
1424 2227 1590 2267 plausum,

884 2281 919 2307 et
941 2276 1034 2307 basia
1060 2277 1103 2306 ab
1119 2277 1350 2316 auditoribus;
1367 2277 1446 2318 quin
1472 2283 1506 2308 te
1531 2288 1590 2318 po-

884 2328 949 2357 tius
965 2326 1122 2357 conferas
1133 2327 1173 2358 ad
1189 2326 1342 2358 forenses
1356 2337 1473 2358 causas
1487 2337 1589 2367 agen-

884 2379 955 2416 das,
972 2379 1060 2409 unde
1078 2388 1148 2409 rem
1161 2388 1286 2418 augeas
1301 2389 1340 2409 ae
1355 2379 1502 2410 ditescas
1516 2390 1523 2410 ·.
1538 2389 1590 2409 su—

886 2439 946 2470 pra
965 2431 1075 2469 epigr.
1095 2432 1144 2461 18.

930 2483 969 2510 10
993 2480 1125 2520 Sophos]
1149 2481 1256 2519 Supra
1279 2480 1388 2520 epigr.
1405 2483 1437 2511 4.
1454 2491 1540 2513 vers.
1557 2486 1588 2513 8.

930 2532 969 2561 ll
996 2529 1124 2569 Cirrha]
1143 2529 1319 2570 Oppidum
1336 2530 1495 2561 Phocidis
1512 2532 1591 2572 jux-

887 2586 922 2612 ta
938 2581 1143 2610 Parnassum
1158 2591 1165 2610 :
1184 2580 1240 2610 alii
1257 2580 1418 2611 verticem
1444 2582 1591 2613 Parnas-

887 2631 913 2662 si
931 2641 1002 2661 esse
1020 2631 1149 2661 volunt.
1176 2631 1368 2662 Permesside
1382 2632 1479 2672 nuda]
1507 2633 1591 2664 Per-

888 2678 1161 2718 messus,ssuvius
1187 2681 1332 2712 Boeotiae
1357 2691 1397 2712 ex
1422 2682 1590 2713 Helicone

887 2735 1003 2761 monte
1035 2729 1199 2771 defluens,
1230 2732 1338 2763 Musis
1365 2738 1532 2771 sat-ratus,
1557 2735 1589 2764 iu

1432 2789 1451 2816 -1
1478 2787 1504 2816 l}
