1866 3131
374 200 419 227 M.
454 199 564 227 VAL.

134 294 328 334 redeuntee,
351 294 453 325 basiis
469 293 594 334 excipi,
618 293 698 324 satis
714 296 830 323 notum

134 350 198 375 cst.
238 345 304 376 Hic
321 354 392 375 mos
409 345 673 386 antiquissimus,
697 348 732 374 et
747 343 832 375 Isra-

134 395 222 427 elitis
249 405 383 436 qnoque
399 397 554 426 usitatus.
609 395 677 426 Sed
705 395 738 425 iu
768 395 830 425 hoc

134 446 246 476 osculo
264 445 413 475 notanda
438 446 540 476 etiam
556 445 692 476 lionoris
718 450 751 475 et
776 445 832 475 ob·

134 496 316 527 servantiae
346 501 437 535 nota,
470 497 610 527 lx'abinis
637 497 829 527 observata.

134 547 204 577 Diu
222 546 370 577 obtinuit
401 547 473 577 haec
500 547 722 578 consuetudo.
764 546 829 577 Sed

134 603 168 629 et
185 598 411 637 discedentes,
443 603 502 629 aut
531 599 662 639 longius
691 597 828 639 aliquod

133 649 200 679 iter
213 649 454 689 suscipienteS,
481 650 607 680 amicos
631 650 830 680 osculaban-

133 704 199 732 tur.
231 700 360 731 Plinius
382 701 617 741 Panegyrico:
663 701 829 732 ‘Gratum

133 755 208 782 erat
236 752 379 789 cunctis,
405 751 495 792 quod
525 752 687 783 Senatum
718 751 831 782 osculo

133 801 324 842 exciperes,
341 802 553 833 utdemissus
571 803 686 833 osculo
698 801 831 833 fueras?

133 851 311 882 Persarum
331 853 433 883 etiam
450 853 522 884 lianc
550 853 761 884 consuetudo
783 853 831 883 in-

135 908 187 932 ter
201 901 274 934 τοὺς
299 904 472 942 συγγενεῖς.
483 904 618 935 Herald.
656 904 831 944 Epigram.

132 956 184 984 34.
199 953 256 985 lib.
270 957 300 985 6.
316 964 404 985 vers.
417 958 450 986 7.

175 1008 193 1034 5
213 1004 348 1035 Hircoso
361 1006 566 1046 premit,&c.]
584 1005 729 1045 Foefido,
742 1007 830 1037 male

133 1055 238 1085 olenti
254 1055 382 1086 hircum
409 1057 597 1088 axillaruin.
625 1057 754 1088 ‘Basiis
772 1058 831 1087 oli-

133 1104 297 1136 dissimis'
320 1106 408 1137 dixit
426 1107 569 1138 Petrou.
594 1108 716 1149 impuri
741 1109 830 1139 scili-

132 1160 189 1185 cet
206 1155 287 1187 oris.

175 1208 194 1236 7
219 1205 368 1246 Basiata]
392 1207 483 1237 Dum
501 1207 755 1238 morderetluto
771 1217 832 1247 pn-

132 1260 221 1286 trem
239 1256 379 1296 soleam,
404 1262 441 1288 ut
465 1258 703 1299 Epigram.74.
727 1258 830 1290 lib.9.

132 1309 265 1338 vers.2.

175 1360 195 1388 8
212 1358 403 1399 Pediculosi]
423 1359 585 1390 Brodaeus
602 1360 662 1390 lib.
676 1363 728 1392 10.
746 1359 830 1391 Mis-

132 1408 198 1438 cel.
224 1417 300 1449 cap.
314 1411 367 1440 34.
398 1409 494 1449 legit,
518 1410 695 1449 periculosi,
720 1416 756 1442 et
772 1421 830 1441 ex-

134 1459 232 1497 ponit
250 1458 434 1490 laborantis
461 1460 594 1491 lichene
618 1470 678 1491 seu
701 1467 831 1493 menta-

133 1517 205 1548 gra.

175 1562 196 1590 9
228 1559 471 1601 Defioculusque,
494 1560 563 1601 &sc-u]
600 1561 743 1602 Luscus,
776 1562 831 1594 cui

134 1609 218 1641 defit
236 1612 352 1642 oculus
370 1612 469 1644 alter.

177 1661 282 1693 Eme.
296 1671 352 1693 Lx.
377 1663 495 1694 Natali
512 1673 573 1694 suo
590 1673 626 1695 se
651 1664 831 1705 genialiter

133 1712 300 1744 victurum
315 1712 401 1745 dicit
417 1714 497 1754 ruri,
509 1715 598 1756 quod
617 1715 649 1745 in
666 1715 748 1746 urbe
764 1724 831 1746 non

132 1768 282 1804 poterat.

184 1817 199 1844 l
226 1815 346 1846 Martis
367 1816 500 1856 alumne,
514 1815 585 1856 ξω]
608 1816 747 1848 MartIae
764 1816 831 1847 Ka-

133 1864 257 1905 lenda»,
285 1865 365 1896 mihi
396 1867 529 1899 natalis.
578 1868 752 1908 Epigram.
776 1870 830 1900 53.

131 1915 191 1948 lib.
204 1919 235 1948 9.
279 1917 437 1958 Lampada
447 1918 599 1958 primum]
621 1919 746 1950 Solem.

174 1969 194 1997 2
218 1967 398 2007 Magnaque
412 1967 483 2008 ora]
515 1969 653 2000 Centies
679 1969 769 2000 enim
796 1973 832 2001 et

133 2018 290 2058 sexagies
318 2018 552 2058 magnitudine
594 2025 734 2060 superat
760 2020 832 2051 uni-

131 2078 240 2100 versae
258 2074 360 2100 terrae
375 2069 512 2109 globum
538 2070 658 2110 globus
676 2070 778 2110 Solis,
796 2074 833 2102 ut

131 2119 316 2150 communis
330 2124 385 2151 est
399 2119 658 2161 Astrologorum
675 2120 833 2160 ἀπόδειξις.

132 2169 253 2201 Siderei
267 2170 347 2211 Dei]
370 2171 490 2203 Plioebi
505 2182 512 2202 :
539 2176 575 2203 ut
590 2172 710 2213 Epigr.
728 2175 759 2204 2.
771 2172 831 2203 lib.

133 2220 293 2261 Spectac.
310 2231 398 2253 vers.
412 2225 440 2254 l.

176 2274 195 2302 3
224 2272 418 2315 Viridesque,
442 2272 512 2313 ἐξα]
533 2273 563 2304 Ε
579 2273 656 2304 vivo
677 2283 716 2305 ac
732 2271 835 2305 viridi

134 2321 282 2362 cespite.

176 2374 196 2402 4
222 2372 419 2411 Quisnam,
445 2372 517 2413 ἔξω]
551 2374 661 2406 Quem
686 2376 835 2408 natalem

132 2423 308 2464 hucusque
324 2423 357 2453 in
372 2424 455 2454 urbe
473 2424 580 2455 Roma
594 2426 778 2459 celebravi.

176 2478 195 2505 6
231 2474 356 2506 Ser-vire
381 2475 550 2516 meis,&c.]
586 2476 686 2509 Quod
718 2488 836 2518 super-

134 2525 270 2557 sedeam
296 2525 431 2557 deferre
459 2527 548 2558 hunc
571 2527 731 2559 honorem
758 2529 835 2560 urbi

134 2576 286 2615 Martia»,
303 2577 468 2608 Kalendis
485 2577 632 2610 Martiis.

175 2631 196 2659 6
224 2628 337 2659 Vivere
366 2629 430 2659 luce
456 2628 536 2669 volo]
567 2630 693 2661 Valere
714 2635 750 2661 et
778 2641 835 2671 ge-

135 2678 273 2710 nialiter
302 2679 433 2719 vivere,
470 2679 562 2721 quod
592 2679 626 2710 in
658 2680 740 2712 urbe
768 2690 833 2712 non

136 2727 248 2761 datur.

178 2782 197 2810 7
225 2779 348 2820 Natali]
364 2779 440 2813 Hoc
452 2781 552 2821 vulgo
565 2779 698 2813 faciunt
711 2791 834 2813 novum

599 198 872 227 MAR'l'lALlS
912 197 1067 226 uincit.
1105 198 1195 227 Llss.
1232 199 1324 228 xlx.

1468 189 1577 228 1417

881 290 1114 332 Epigramma,
1144 298 1179 324 et
1210 284 1392 334 praefigunt
1425 293 1578 333 ineptum

881 341 1015 379 lemma,
1029 351 1105 372 cnm
1120 344 1127 358 ⁸
1143 343 1298 374 Sabellus
1313 343 1320 356 ¹
1347 353 1408 384 pro
1430 344 1542 385 aliquo
1559 354 1578 375 e

880 392 1099 422 convivarum
1117 402 1257 424 numero
1275 399 1442 434 ponatur,
1465 394 1579 435 sitque

881 442 1101 482 Epigramma
1116 443 1147 473 in
1165 453 1239 474 enm
1263 444 1319 485 qui
1345 445 1430 476 adeo
1446 445 1579 476 solicite

880 497 979 523 curet
994 502 1069 533 quae
1095 493 1138 524 ad
1166 495 1404 527 celebrandum
1433 497 1580 527 natalem

879 548 1051 583 spectent,
1078 550 1116 574 ut
1144 545 1277 584 genium
1305 556 1413 586 suum,
1446 547 1502 577 cui
1524 547 1580 577 illo

880 594 1025 626 maxime
1036 594 1089 626 die
1104 596 1347 637 indulgendum
1358 597 1581 636 fuerat,frau-

880 644 947 676 det.
991 646 1076 677 Tum
1093 645 1155 678 hoc
1173 647 1389 687 Epigramma
1402 658 1476 679 cum
1495 658 1580 689 pra*-

880 696 1019 727 cedenti
1035 697 1429 738 conjunguntGruterus
1441 703 1475 729 et
1491 700 1581 730 Scri-

882 747 1006 779 verius.
1031 749 1154 780 Fallere
1167 759 1232 789 suo,
1244 749 1313 790 ἔξω]
1336 749 1483 781 Anxium
1497 761 1581 782 esse.

881 799 925 829 Et
944 808 1004 839 pro
1019 809 1085 838 sua,
1108 800 1276 831 Brodaeus
1304 801 1418 831 mallet
1442 805 1505 832 tuo.
1536 802 1582 832 Et

882 859 943 890 pro
959 860 997 881 ne
1011 851 1098 881 calda
1114 850 1247 891 Sabello,
1270 851 1366 891 legit,
1383 851 1502 882 Sabelle
1513 862 1523 882 .·
1547 851 1581 881 id

881 905 946 940 est,
961 910 1002 932 ne
1019 901 1116 932 calda
1133 902 1220 933 desit
1237 902 1399 933 convivis.
1438 903 1480 933 Et
1493 902 1583 943 liqui-

880 951 952 981 dum
968 961 1098 990 merum,
1115 957 1166 983 est
1179 962 1277 983 sacco
1294 954 1456 984 colatum.
1484 953 1583 984 Calda

881 1000 1018 1042 Sabello]
1044 1003 1161 1043 Epigr.
1174 1006 1225 1034 12.
1243 1004 1302 1036 lib.
1320 1007 1346 1035 1.
1364 1014 1450 1035 vers.
1465 1006 1496 1035 3.

924 1055 943 1082 8
966 1052 1105 1093 Alauda]
1132 1054 1292 1086 Conviva.
1315 1054 1529 1096 Synecdocll.
1547 1054 1582 1085 id

881 1107 949 1141 est,
966 1105 1133 1135 convivae.

924 1156 944 1183 9
970 1154 1109 1186 Turbida
1130 1156 1263 1195 solicito,
1278 1157 1348 1196 ea]
1388 1156 1505 1197 Epigr.
1528 1158 1583 1188 40.

881 1203 939 1235 lib.
956 1207 986 1235 2.
1005 1215 1091 1237 vers,
1104 1210 1135 1237 5.
1154 1213 1188 1236 et
1202 1207 1261 1239 lib.
1282 1210 1332 1238 14.
1349 1207 1551 1248 Epignltm.

927 1258 967 1286 10
992 1255 1060 1293 Ire,
1075 1257 1193 1296 redire]
1214 1258 1426 1288 Famnlorum
1444 1258 1520 1290 ritu.

919 1308 958 1337 12
975 1307 1148 1348 Marmora,
1160 1308 1230 1349 ξω]
1245 1309 1483 1340 Pavimentum
1496 1319 1583 1339 mar·

881 1367 1058 1390 morenm:
1096 1358 1200 1399 idque
1231 1360 1329 1390 nudis
1355 1359 1498 1399 pedibus
1521 1369 1583 1399 pro

881 1418 975 1439 more
1003 1409 1300 1450 discumbentium,
1326 1410 1389 1440 nisi
1412 1409 1485 1450 jam
1511 1419 1584 1440 sur-

883 1470 965 1501 gens
981 1461 1090 1491 soleas
1115 1466 1283 1501 posceret.

927 1515 965 1543 13
992 1513 1070 1548 Quoe
1085 1513 1166 1543 ratio
1182 1513 1243 1554 est]
1267 1514 1378 1545 Quam
1396 1512 1587 1553 verniliter,

882 1563 949 1594 imo
967 1569 1178 1604 praepostere
1195 1563 1278 1595 facis
1294 1564 1357 1594 boc
1373 1563 1587 1603 convivator,

883 1623 956 1653 rex,
986 1619 1020 1644 et
1046 1614 1214 1653 dominus,
1235 1615 1324 1656 quod
1355 1624 1421 1645 non
1452 1613 1585 1646 faceret

883 1665 1025 1696 conviva
1041 1669 1075 1695 et
1095 1665 1223 1696 cliens?
1256 1665 1373 1706 Sponte
1388 1665 1458 1705 lua]
1472 1666 1585 1696 Palat.

884 1715 1010 1756 aliique
1037 1715 1152 1754 legunt
1168 1725 1234 1747 sua.
1282 1717 1326 1747 Et
1344 1726 1405 1757 pro
1437 1717 1516 1752 Quae
1537 1720 1581 1756 te,

885 1766 994 1797 Palat.
1022 1766 1105 1806 legit
1121 1765 1190 1798 tibi.
1217 1766 1285 1797 Alii
1301 1770 1346 1799 tu.
1380 1767 1476 1807 [Hoc
1503 1768 1586 1808 Epi-

883 1825 1037 1856 gramma
1078 1815 1121 1847 ad
1159 1816 1281 1847 lineam
1316 1819 1496 1858 septimam
1534 1817 1585 1848 di-

883 1866 1012 1897 viditur
1040 1866 1072 1897 in
1101 1866 1178 1899 edd.
1210 1872 1293 1899 vett.
1325 1868 1359 1899 in
1389 1869 1509 1911 quibus
1532 1869 1585 1901 De

883 1917 1007 1949 Sabello
1036 1917 1084 1948 ibi
1099 1918 1310 1959 inscribitur,
1335 1924 1371 1951 at
1407 1921 1459 1952 De
1483 1919 1583 1951 Alau-

883 1970 923 2000 da
940 1973 1036 2000 notat
1052 1968 1153 2000 aliter
1168 1970 1371 2011 inscriptum
1396 1980 1513 2011 margo
1529 1971 1585 2002 ed.

885 2019 966 2050 Par.
984 2022 1079 2051 1617.
1117 2019 1190 2050 Has
1206 2020 1282 2052 VV.
1307 2021 1375 2052 LL.
1401 2021 1479 2052 olim
1499 2031 1584 2062 prae-

885 2070 1055 2101 termissas
1074 2069 1148 2110 jam
1170 2075 1349 2103 notamus:
1389 2072 1445 2103 Sc.
1473 2071 1506 2102 in
1535 2082 1584 2104 vs.

885 2123 916 2151 7.
940 2120 1009 2151 Nec
1025 2121 1113 2151 calda
1129 2119 1250 2152 Sabelle
1266 2126 1302 2152 et
1319 2121 1352 2152 in
1368 2132 1417 2152 vs.
1433 2125 1464 2153 8.
1490 2122 1586 2153 Desi-

884 2174 936 2201 net
953 2170 1053 2202 aliter
1068 2171 1134 2210 legi
1149 2177 1246 2203 notat
1263 2173 1351 2203 idem
1369 2183 1477 2213 marg.
1498 2178 1534 2204 et
1550 2174 1584 2204 in

885 2231 935 2253 vs.
951 2224 1005 2253 10.
1023 2225 1106 2252 sorte
1132 2232 1192 2262 pro
1205 2224 1251 2254 ire
1267 2233 1363 2253 sunm
1380 2223 1457 2256 cod.
1489 2224 1583 2254 exbi-

887 2271 968 2304 bere
985 2277 1099 2303 monet
1116 2272 1378 2313 Beverlandus.]

932 2323 1036 2354 Eme.
1050 2332 1122 2354 Lm.
1138 2322 1291 2354 Laeserat
1309 2323 1475 2364 quispiam
1488 2324 1583 2365 inep-

888 2378 943 2406 tus
971 2378 1006 2404 et
1033 2374 1177 2404 insulsus
1195 2372 1410 2405 versificator
1426 2374 1584 2414 Poetam‚

886 2434 926 2455 eo
943 2429 1076 2455 tantum
1088 2422 1171 2462 fine,
1186 2429 1223 2454 ut
1236 2424 1386 2455 irritaret
1398 2424 1430 2455 in
1443 2434 1480 2456 se
1493 2425 1585 2456 Mar·

888 2475 1016 2513 nalem,
1029 2475 1071 2504 ab
1084 2483 1194 2514 eoque
1207 2474 1403 2505 nominatim
1418 2474 1584 2507 refutare-

889 2530 954 2557 tur.
977 2524 1088 2555 Poeta
1103 2529 1207 2564 negat
1232 2534 1267 2555 se
1281 2534 1344 2566 gry
1363 2525 1532 2557 dicturum
1548 2526 1584 2557 in

886 2585 975 2613 eum,
1010 2583 1108 2615 quem
1145 2579 1411 2605 contemnerent
1456 2584 1587 2615 omnes,

887 2627 951 2657 sibi
968 2634 1106 2666 prorsus
1123 2625 1287 2664 imparem
1303 2625 1439 2665 ingenio
1463 2630 1496 2657 et
1511 2635 1583 2657 car-

886 2678 997 2707 mine:
1028 2675 1117 2716 quod
1134 2685 1240 2716 genus
1266 2676 1482 2707 contumeliae
1508 2686 1583 2717 gra-

886 2727 1057 2759 vissimum
1094 2732 1158 2765 est,
1195 2735 1258 2756 non
1289 2725 1395 2759 videri
1434 2726 1584 2768 dignum,

887 2788 987 2820 quem
1002 2778 1108 2809 ultum
1122 2787 1190 2809 cas.
1215 2777 1296 2808 Rau.
