1866 3131
250 172 361 214 1266

250 280 412 319 nubilum,
427 276 597 318 frigidum,
608 277 672 308 &c-

293 335 310 362 5
338 331 422 366 Quid
443 329 548 367 fecere
577 327 666 366 mali]
700 327 768 357 Cur
796 325 882 365 petis
909 330 945 354 tu

249 383 416 422 hyemem,
439 389 513 411 cum
540 388 595 409 me
621 377 737 408 videas
762 376 888 406 nudum
910 379 945 405 et

249 436 390 463 ventosa
404 430 558 461 indutum
575 428 733 460 lacerna?
763 427 867 458 Nulla
885 425 945 457 tibi

250 492 476 523 pannosorum
486 481 582 512 cura?
611 479 883 519 SicEpigramm.
898 479 946 507 19.

248 534 306 564 lib.
321 536 350 564 1.
376 535 384 551 ‘
399 532 487 565 Quid
501 536 631 563 tantum
645 529 756 561 fecere
772 528 872 567 boui,’
883 530 946 558 διο.

292 588 312 615 6
338 585 459 615 Tollere
471 584 507 614 (le
521 582 667 623 scapulis,
682 580 749 621 Esau]
772 581 880 610 Leves
896 578 946 609 ni-

250 635 352 665 mium
369 639 404 665 et
420 639 554 665 tenues.

291 688 310 715 7
335 685 527 725 Simplicius,
540 683 702 714 humanius
714 681 813 720 istud]
838 682 846 697 ‘
863 680 947 711 Sim-

249 735 392 776 plicius,'
429 733 668 766 ostentationis
698 738 766 764 tua?
795 731 947 762 morbum

248 784 416 824 confessa,
443 784 659 825 gausapinas,
689 783 743 813 vel
770 791 830 822 per
860 791 947 811 sum·

249 846 337 866 mum
356 835 483 866 aestatis
501 834 653 865 ardorem
667 831 849 872 gestando;
866 831 875 847 ‘
890 831 948 862 hu-

249 885 405 925 manius,’
427 895 492 915 non
511 884 699 923 imprecata
714 881 822 921 frigus
837 879 947 916 nobis,

250 936 369 977 quibus
386 941 502 966 tenues
520 944 558 965 ac
576 934 667 963 tritae
684 933 841 963 laeernae.

291 987 467 1017 EP1G.1.x.
488 985 537 1016 Ut
554 985 693 1024 scripta,
708 982 853 1023 librique
871 991 948 1012 auc-

250 1036 332 1067 toris
348 1040 529 1075 aeternent,
545 1044 629 1074 opus
645 1043 718 1064 esse
732 1043 797 1064 non
814 1037 946 1063 tantum

249 1087 396 1127 ingenio,
431 1085 492 1117 sed
529 1085 631 1116 etiam
670 1084 766 1123 genio
803 1082 948 1113 affirmat

250 1138 371 1168 Poeta.
403 1137 517 1177 Atque
534 1135 704 1175 ingenium
720 1134 854 1175 quidem
872 1142 947 1163 esse

249 1188 432 1228 Pompilio,
444 1187 561 1218 deesse
576 1190 688 1216 tamen
702 1185 847 1225 genium.
865 1183 947 1214 Rad.

294 1242 310 1269 1
339 1239 414 1270 Rem
423 1238 557 1277 factam,
573 1237 642 1278 Qu]
668 1237 818 1275 Famam,
841 1240 876 1266 et
891 1245 947 1265 no-

249 1290 360 1329 minis,
386 1299 485 1330 quam
516 1287 740 1325 desideravit,
769 1286 948 1317 celebrita-

250 1345 340 1371 tem:
359 1340 474 1371 eadem
492 1338 621 1379 phrasis
638 1338 755 1378 Epigr.
770 1340 824 1368 28.
841 1336 901 1367 lib.
920 1339 948 1367 1.

250 1393 286 1420 et
309 1390 481 1430 Epigram.
505 1391 556 1419 26.
583 1387 641 1419 lib.
667 1390 698 1418 2.
745 1387 949 1427 Diciturque

250 1439 293 1470 de
309 1450 361 1480 eo,
383 1439 438 1481 qui
454 1449 522 1470 rem
539 1448 598 1478 spe
615 1442 710 1469 certa
721 1437 792 1477 jam
809 1437 950 1468 devora-

252 1489 322 1529 vit;
345 1491 401 1531 qui
426 1490 496 1520 sine
519 1488 735 1519 dubitatione
754 1492 852 1528 putat
875 1497 950 1528 per-

251 1538 377 1572 fectum
393 1540 446 1578 iri,
465 1539 553 1580 quod
571 1538 757 1570 desiderat.
784 1538 862 1568 Rasl.

294 1594 312 1622 3
330 1592 385 1622 Sic
401 1592 463 1623 lece
471 1591 642 1631 flavorum,
657 1589 724 1629 eya]
743 1590 800 1620 Sic
815 1589 950 1619 valeant

251 1642 360 1682 Usipii
386 1641 581 1672 Germaniae
599 1650 677 1680 pop.
702 1645 737 1670 et
760 1640 951 1680 quicunque

251 1693 392 1724 nominis
420 1691 564 1722 Romani
590 1690 705 1721 hostes
730 1695 820 1727 sunt,
845 1694 881 1720 ut
907 1689 953 1719 vi-

251 1748 332 1773 vent
350 1741 510 1782 Pompilli
526 1741 667 1781 scripta,
684 1740 717 1771 id
735 1745 800 1780 cst,
813 1740 951 1771 Utinam

251 1795 299 1825 sic
317 1799 457 1835 pereant
473 1795 588 1824 hostes
604 1794 692 1833 Pop.
710 1794 806 1824 Rom.
824 1797 860 1823 ut
877 1803 951 1833 per-

251 1847 348 1877 ibunt
375 1846 536 1886 Pompilii
562 1847 699 1877 chartae.
745 1846 790 1876 Et
811 1845 875 1876 hoc
902 1855 951 1875 re-

252 1896 398 1937 spondet
421 1896 532 1927 Po‘eta
553 1896 658 1936 priori
675 1896 820 1926 disticho
839 1904 857 1925 e
875 1905 951 1935 per—

251 1958 334 1979 sona
349 1948 452 1988 vulgi.
498 1947 578 1978 Leve
596 1957 707 1986 genus,
723 1946 792 1986 gra]
818 1946 916 1978 Quod
933 1955 952 1976 a

255 1998 415 2029 Romanis
438 1996 656 2028 defecissent.
688 1996 797 2026 Tacit.
823 1996 855 2026 iu
883 1996 951 2026 vita

253 2049 436 2089 Agricolae.

295 2103 313 2130 5
338 2098 515 2138 Ingeniosa,
528 2097 596 2138 iffa]
620 2097 732 2128 Instat
747 2096 878 2133 vulgus.

295 2153 315 2181 6
338 2148 518 2187 Sedfamoe,
533 2148 602 2188 ξω]
627 2148 730 2187 Resp.
748 2146 867 2178 Poeta.

295 2202 313 2230 7
329 2200 440 2230 Tineas
450 2201 588 2239 pascunt,
602 2199 668 2238 Σγα]
683 2197 857 2235 Scribunt,
867 2206 955 2237 quae,

253 2250 385 2281 nemine
411 2250 564 2289 legente,
592 2249 692 2280 tineis
720 2257 759 2278 ac
773 2247 889 2278 blattis
906 2257 953 2278 re·

254 2301 576 2340 linquanturescae:
601 2299 717 2338 Epigr.
735 2301 764 2328 l.
782 2298 840 2328 lib.
857 2301 909 2328 13.

296 2353 315 2380 8
344 2349 492 2380 Carmina
520 2350 609 2380 (locta
638 2348 717 2388 coci]
750 2348 834 2380 Qnae
863 2352 951 2387 togae

255 2406 333 2430 sunt
346 2399 520 2440 cordyllis,
531 2405 565 2430 et
581 2399 708 2439 piperis
720 2399 855 2430 cuculli.
872 2399 952 2439 Epi-

255 2461 392 2491 gramm.
404 2454 436 2481 2.
453 2450 509 2481 lib.
525 2453 554 2481 3.
571 2459 656 2480 vers.
672 2452 702 2481 3.
717 2454 750 2480 et
767 2449 882 2489 Epigr.
899 2451 951 2479 57.

256 2501 314 2532 lib.
331 2504 362 2532 4.
379 2510 467 2532 vers.
484 2503 515 2531 S.

297 2555 316 2582 9
342 2552 430 2587 Quod
446 2550 626 2591 domena-a]
644 2550 892 2589 AEternitatem‚
906 2548 953 2580 fa-

257 2613 356 2641 mam,
371 2605 435 2633 διο.

310 2656 349 2684 10
387 2653 521 2683 Genium
557 2653 654 2690 (lebet,
685 2651 755 2692 sira]
792 2651 952 2683 Nativam

256 2703 421 2743 quandam
451 2703 517 2734 vin]
544 2709 579 2733 et
607 2703 785 2743 ingenuam
809 2702 952 2733 faculta-

255 2758 323 2783 tem
342 2763 348 2783 :
379 2763 444 2782 non
472 2753 640 2793 ingenium
669 2758 838 2788 coactum,
864 2752 951 2792 quod

257 2804 342 2835 male
358 2804 550 2844 respondet.
569 2804 630 2833 vel
644 2803 840 2834 felicitatem
853 2813 952 2843 ιμιειιι-

718 179 857 209 NOTAE
892 178 1111 207 x‘ARtoRU
1122 178 1152 206 Μ
1191 177 1238 206 ΙΝ

998 272 1072 302 dam
1090 277 1124 302 et
1137 272 1230 312 quasi
1249 270 1338 311 genii
1351 270 1514 308 favorem,
1530 270 1627 310 cujus
1640 280 1696 311 pa-

997 322 1142 353 trocinio
1160 322 1254 352 libris
1272 330 1367 361 aeque
1384 331 1467 361 opus
1484 325 1533 351 est
1552 330 1590 351 ac
1609 322 1699 360 viris,

996 372 1147 410 urbibus,
1173 374 1234 404 &a
1284 372 1425 403 Henric.
1454 372 1574 411 steph.
1597 372 1698 403 Sche-

997 424 1115 454 diasm.
1137 424 1194 455 lib.
1212 428 1241 454 1.
1260 433 1335 464 cap.
1355 426 1405 454 19.
1424 423 1558 462 genium
1582 422 1697 461 famae,

999 480 1032 504 nt
1053 475 1170 515 Epigr.
1191 477 1241 504 12.
1260 474 1317 505 lib.
1338 476 1370 504 7.
1398 473 1474 504 vide
1496 478 1532 504 et
1548 472 1699 504 Turneb.

1000 524 1059 554 lib.
1077 527 1130 555 22.
1146 534 1219 563 cap.
1237 526 1289 554 32.

1043 576 1146 605 Eme.
1174 583 1245 606 Lxx.
1278 575 1329 604 En
1356 583 1453 614 quam
1482 572 1697 613 frequentem

997 624 1153 655 habuerit
1181 626 1343 655 lectorem
1377 625 1428 654 hic
1466 623 1699 663 Epigramma·

999 676 1123 706 tarius!
1154 685 1218 706 uon
1247 676 1354 706 minus
1383 680 1476 705 certe
1504 673 1603 703 hodie
1631 682 1700 703 om-

999 726 1089 756 nium
1100 726 1290 762 doctorum,
1299 725 1580 764 indoctorumque
1593 733 1699 763 prope

999 775 1152 806 manibus
1185 776 1316 806 teritur.
1374 774 1546 805 Describit
1575 773 1699 803 deinde

999 824 1152 864 affectus,
1174 826 1338 866 signaque
1357 825 1530 856 Zoilorum
1546 830 1578 854 et
1594 824 1700 854 liven-

1001 877 1097 907 tium.
1127 877 1206 906 Rau.

1042 938 1056 965 l
1078 934 1151 964 Mea
1170 934 1284 973 Roma]
1302 934 1386 964 Mihi
1401 933 1517 964 favens
1528 939 1563 964 et
1580 933 1699 964 amica.

1040 988 1059 1015 3
1087 985 1222 1021 Oscitat,
1235 984 1315 1024 odit]
1334 985 1491 1016 Fastidit.
1515 984 1604 1015 Vide
1618 984 1698 1025 Epi-

997 1045 1135 1075 gramm.
1152 1038 1183 1065 (i.
1201 1035 1258 1066 lib.
1276 1038 1306 1066 2.
1322 1045 1408 1066 vers.
1422 1038 1454 1066 4.

1040 1089 1059 1117 4
1085 1085 1156 1116 Hoc
1173 1086 1251 1124 colo,
1271 1085 1341 1125 [Sc]
1366 1085 1413 1116 Ut
1436 1085 1558 1116 invidis
1584 1084 1700 1125 displi-

998 1143 1098 1168 ceant
1114 1148 1188 1167 mea
1201 1137 1358 1168 Carmina
1373 1147 1380 1167 :
1407 1145 1552 1177 namque
1568 1136 1632 1167 hoc
1649 1134 1699 1166 fe—

997 1188 1136 1218 licitatis
1152 1193 1399 1226 argumentum.

1042 1238 1145 1269 Eme.
1173 1246 1262 1268 an.
1287 1237 1486 1277 Oppianum
1513 1236 1701 1276 haeredipe-

998 1292 1068 1319 tam
1095 1288 1226 1328 carpit:
1252 1288 1346 1328 quasi
1370 1287 1485 1317 dicat:
1519 1287 1626 1318 Pater
1650 1288 1701 1318 Si-

998 1340 1093 1370 lanus
1125 1338 1292 1379 praedives
1325 1339 1421 1368 unico
1452 1337 1521 1368 filio
1550 1338 1702 1378 privatus

999 1395 1064 1430 est,
1087 1400 1154 1421 non
1180 1396 1297 1429 captas
1319 1389 1403 1419 hanc
1423 1388 1573 1428 praedam
1592 1387 1702 1428 oppi-

999 1451 1075 1480 aue,
1100 1442 1156 1482 qui
1173 1442 1260 1471 soles
1278 1441 1423 1470 omniur:-
1442 1439 1701 1470 haereditaubus

1001 1491 1177 1522 viduorum
1215 1490 1459 1530 viduarumque
1497 1489 1671 1520 imminere
1690 1491 1701 1520 ἓ

1001 1542 1083 1572 Rad.

1055 1594 1074 1621 2
1107 1591 1216 1621 Cessas
1244 1591 1380 1630 mittere,
1409 1589 1478 1630 ἱςικ]
1505 1589 1559 1620 An
1589 1599 1700 1621 cessas

1002 1646 1143 1680 captare
1160 1641 1244 1671 hauc
1262 1641 1425 1681 praedam,
1438 1650 1456 1670 o
1472 1640 1702 1680 haeredipeta?

1045 1694 1063 1721 3
1082 1691 1208 1731 Parae]
1226 1692 1311 1723 Quae
1330 1692 1466 1722 unicum
1481 1691 1702 1722 Silanifilium

1003 1743 1201 1773 sustulistis.

1043 1795 1062 1822 4
1090 1793 1185 1830 Cujus
1206 1792 1351 1832 vulturis,
1371 1792 1439 1833 Era]
1472 1792 1534 1823 Cui
1561 1793 1706 1823 haeredi-

1002 1847 1090 1882 petae
1118 1844 1296 1882 continget
1323 1843 1397 1873 haec
1426 1844 1565 1883 praeda?
1594 1844 1603 1860 ⁴
1621 1843 1702 1883 Qui,

1001 1897 1038 1922 nt
1052 1893 1159 1922 liaeres
1172 1893 1355 1931 scribatur,
1368 1894 1560 1924 consolatur
1577 1899 1636 1924 aut
1652 1904 1702 1925 as-

999 1944 1108 1975 sidet:
1128 1944 1241 1974 vultur
1257 1949 1323 1983 est,
1336 1945 1481 1975 cadaver
1497 1945 1701 1986 exspectat!

1001 1994 1119 2025 Senec.
1138 1994 1248 2034 Epist.
1264 1997 1319 2024 95.
1354 1995 1439 2024 Vide
1456 1995 1560 2026 Pierii
1580 1996 1702 2027 Hiero-

1000 2044 1114 2083 glyph.
1132 2044 1185 2074 lib.
1202 2046 1251 2074 18.
1275 2045 1315 2074 de
1332 2045 1486 2076 Vulture.

1045 2094 1149 2124 Eme.
1162 2102 1267 2124 ani.
1285 2094 1453 2126 Convenit
1465 2101 1699 2135 argtunentnm

1001 2153 1075 2174 cum
1098 2153 1293 2184 superiore:
1320 2145 1512 2176 Marianum
1537 2147 1624 2176 euim
1654 2147 1702 2177 in-

1001 2194 1238 2234 dignabundus
1269 2194 1399 2234 irridet,
1429 2196 1517 2236 quod
1545 2195 1701 2228 fraudem

1001 2244 1187 2284 captatoris
1202 2254 1265 2275 uon
1283 2251 1391 2276 notet.

1046 2299 1061 2326 1
1089 2295 1233 2334 captari,
1257 2296 1326 2336 effic]
1350 2296 1551 2327 Muneribus
1574 2301 1609 2327 et
1630 2295 1701 2328 offi-

1001 2345 1060 2376 ciis
1070 2346 1157 2376 allici
1173 2352 1207 2376 et
1222 2347 1412 2386 oppugnari
1427 2348 1468 2377 ab
1483 2348 1559 2387 isto,
1573 2353 1610 2379 ut
1622 2348 1702 2379 scri-

1002 2396 1102 2426 batur
1118 2397 1237 2427 haeres.

1057 2449 1075 2476 2
1113 2447 1208 2486 Quid,
1238 2447 1395 2486 illuriane,
1424 2448 1515 2487 velit]
1550 2449 1699 2479 Mortem

1004 2502 1108 2535 tuam,
1133 2507 1198 2537 quo
1227 2498 1327 2528 citius
1349 2498 1483 2529 fruatur
1507 2499 1602 2529 bonis
1619 2499 1698 2530 tuis.

1004 2548 1121 2587 Epigr.
1139 2551 1190 2578 27.
1209 2548 1265 2579 lib.
1281 2552 1313 2578 δ.

1044 2601 1064 2628 4
1091 2599 1166 2628 Esse
1181 2603 1233 2628 tuo
1249 2600 1306 2638 vis,
1321 2599 1391 2638 ἅμ]
1414 2599 1455 2630 In
1484 2600 1606 2639 locum,
1627 2599 1698 2639 jus,

1003 2656 1037 2680 et
1056 2650 1143 2679 bona
1160 2655 1217 2680 tua
1234 2650 1431 2681 succedere.

1044 2704 1061 2730 5
1092 2701 1225 2730 Illuneru
1250 2711 1375 2739 magna,
1399 2700 1469 2741 fijan]
1497 2700 1612 2740 EpIgr.
1643 2703 1697 2732 56.

1001 2750 1060 2781 lib.
1084 2752 1115 2780 4.
1139 2759 1225 2781 vers,
1255 2754 1281 2780 l.
1310 2756 1344 2781 et
1370 2751 1485 2790 Epigr.
1510 2753 1559 2779 is.
1585 2749 1641 2779 lib.
1665 2753 1696 2780 5.

1004 2811 1087 2832 vers.
1106 2805 1136 2830 o.
