1866 3131
223 163 337 204 1178

266 271 304 299 15
333 267 446 298 Urbem
458 266 594 308 petebat,
616 265 683 306 ssa]
706 265 830 297 Posset
845 266 918 307 qui·

223 319 301 350 dem
318 319 424 349 videri
447 328 523 349 rure
541 317 694 356 rediisse,
716 316 801 348 adeo
819 322 917 348 terrae

222 369 362 401 foetibus
380 374 539 399 onustus:
564 372 600 398 et
619 373 730 399 tamen
752 366 835 398 adeo
852 373 917 399 ste-

223 420 320 450 rilem
336 418 450 449 alebat
477 417 705 448 suburbanam
732 416 859 457 villam,
882 423 919 449 ut

223 479 266 500 ex
283 470 366 500 urbe
392 478 447 499 rus
465 469 498 499 in
515 477 570 498 rus
586 467 704 498 ferret.

265 520 512 550 Emaxrmn.
537 520 553 548 1
578 516 741 557 Pauperis,
756 516 823 555 Sym]
848 517 918 548 Ha-

222 570 350 601 bebant
373 569 457 599 lauti
475 567 596 598 divites
614 568 703 598 inter
714 567 919 598 coenutiones

225 619 419 661 splendidas
446 623 480 648 et
507 617 645 647 diaetam
670 626 770 646 unam
796 627 859 656 quo
883 627 918 647 se

222 670 427 712 quandoque
446 669 657 709 recipiebant
672 667 715 697 ad
732 667 918 698 tenuiorem

222 723 361 759 victum,
389 721 439 751 vel
465 719 642 751 varietatis
666 727 778 756 causa,
801 719 851 748 vel
883 724 920 750 ut

222 781 326 814 parvo
342 770 573 809 assuefierent,
595 768 690 810 qnasi
716 770 920 808 praeexerci-

223 823 387 854 tationem
417 820 459 851 ad
493 820 666 859 inopiam3
698 822 735 848 ut
774 819 919 849 consulit

222 876 356 908 Seneca
378 875 478 915 epist.
507 876 557 905 18.
589 876 625 901 et
652 873 724 902 100.
743 867 837 903 etad
862 879 918 901 eas

223 926 356 966 Lipsius
394 925 506 955 docet.
563 923 660 954 Hanc
698 923 919 964 appellabant

221 976 230 993 ‘
246 975 401 1016 pauperis
412 974 531 1005 cellam
544 972 565 1004 ε’
577 975 798 1006 exstruebant
808 980 842 1005 et
852 973 918 1005 cel·

222 1027 272 1058 las
301 1025 446 1063 famulis,
477 1031 515 1056 ut
541 1031 576 1056 et
603 1027 720 1057 amicis
753 1027 917 1056 minorum

223 1077 374 1117 gentium
400 1075 630 1116 excipiendis3
653 1077 761 1116 epigr.
788 1079 837 1108 14.
861 1076 918 1106 lib.

223 1129 254 1157 8.
272 1126 458 1167 hujusmodi
473 1131 665 1167 structurae,
682 1127 741 1158 sed
767 1126 917 1158 immodi-

224 1187 274 1209 cae
287 1182 322 1208 et
337 1176 540 1217 magnificae,
559 1178 636 1208 dum
653 1177 842 1218 indulgeret
859 1177 918 1207 Ol-

222 1228 288 1265 lus,
304 1227 345 1258 ad
364 1236 475 1257 veram
499 1232 738 1267 paupertatem
759 1227 918 1257 redactus

223 1282 287 1309 est.
331 1278 395 1308 Vel
413 1277 520 1316 Ollus,
537 1278 594 1318 qui
608 1287 668 1318 per
682 1277 806 1316 μείωσιν
827 1277 919 1308 dice·

224 1328 285 1359 bat
302 1337 337 1358 se
355 1327 513 1367 pauperis
532 1328 652 1359 cellam
681 1328 848 1369 quandam
865 1337 921 1357 ex-

222 1383 381 1416 struere3
404 1387 491 1409 nunc
508 1388 609 1418 quum
635 1379 668 1409 in
696 1379 814 1410 eadem
836 1379 922 1409 cella

223 1428 334 1460 factus
352 1437 480 1468 pauper
505 1428 649 1469 habitet,
666 1439 744 1460 vere
762 1429 923 1470 pauperis

225 1480 347 1511 cellam
363 1479 476 1509 habet.
523 1479 678 1511 Ramires.

268 1531 369 1561 Epio.
397 1538 496 1562 xmx.
530 1530 569 1561 In
594 1530 804 1570 invitatorem]
841 1531 922 1561 Per-

227 1580 365 1621 stringit
384 1580 591 1621 impudicum
609 1581 841 1620 invitatorem,
868 1581 924 1621 qui

227 1631 361 1661 diversa
377 1631 453 1661 vina
481 1631 642 1671 ponebat,
677 1631 826 1672 pretiosa
851 1631 925 1674 sibi,

226 1690 353 1712 meram
381 1679 488 1711 fecem
516 1682 690 1712 convivis:
725 1687 923 1723 tantumque

226 1731 299 1762 haec
315 1730 383 1762 duo
401 1732 475 1761 vina
492 1731 581 1762 inter
607 1741 643 1762 se
672 1733 859 1772 distabant,
890 1738 925 1764 ut

226 1781 317 1813 dicat
333 1791 367 1812 se
397 1782 497 1812 malle
519 1782 709 1813 invitatoris
739 1783 860 1822 pocula
876 1783 923 1813 ol-

227 1831 354 1870 facere,
371 1841 470 1871 quam
489 1831 619 1862 siccare
636 1842 708 1862 sua.
727 1833 881 1864 Ramires.

272 1884 287 1912 1
318 1881 498 1920 Vejentana,
533 1881 602 1921 Qu]
636 1882 751 1923 Epigr.
771 1885 823 1913 53.
845 1883 868 1914 l.
891 1885 922 1913 2.

227 1941 314 1963 vers.
330 1935 362 1963 2.

269 1986 289 2014 2
329 1983 480 2022 Olfacere,
516 1983 585 2023 &cd
623 1983 761 2015 Gratior
798 1985 924 2025 quippe

225 2034 321 2074 odor,
335 2044 434 2075 quam
447 2039 576 2074 gustus.

273 2086 377 2116 Eme.
392 2093 421 2115 L.
448 2088 463 2115 1
494 2084 570 2114 Hoec
592 2084 664 2124 tibi,
686 2084 755 2125 ἔξω]
777 2084 854 2117 Jam
871 2095 922 2115 su-

229 2145 292 2176 pra
316 2136 432 2176 Epigr.
449 2138 502 2166 44.
515 2140 549 2165 et
569 2137 622 2166 45.
647 2135 855 2174 explicatum
872 2139 924 2166 est

229 2187 326 2227 hujus
355 2191 599 2227 argumentum.
645 2185 712 2215 Hic
746 2184 923 2224 Ligurinus

228 2237 354 2267 nullam
385 2237 483 2266 aliam
510 2236 552 2266 ob
581 2244 734 2266 caussam
768 2235 924 2266 convivas

231 2286 375 2327 cogebat
393 2286 484 2327 apud
501 2297 550 2326 se,
571 2295 671 2327 quam
688 2290 724 2316 ut
740 2285 923 2316 recitaret:

230 2338 284 2369 cui
297 2338 443 2368 minatur
451 2337 534 2375 fore,
545 2342 582 2367 ut
595 2336 684 2366 solus
697 2339 810 2366 coenet
821 2335 923 2366 domi.

234 2388 390 2419 Ramires.
418 2387 529 2426 Supra
551 2386 660 2426 epigr.
676 2388 729 2416 44.
753 2390 788 2416 et
801 2387 855 2416 45.

275 2442 294 2470 3
320 2438 573 2478 Deposuisoleas,
586 2436 654 2477 ξω]
668 2436 765 2469 Quod
779 2435 924 2466 discubi-

232 2489 299 2520 turi
323 2488 510 2527 faciebant,
536 2497 578 2518 ne
605 2487 752 2528 stragula
766 2496 925 2527 conspur-

230 2543 359 2571 carent.
402 2539 517 2578 Ingens
533 2538 622 2578 liber]
647 2538 745 2570 Quod
769 2546 924 2578 magnum

230 2589 366 2620 malum.

275 2643 294 2670 4
307 2639 473 2680 Lactucae]
487 2639 517 2670 A
532 2640 650 2680 quibus
664 2650 760 2671 coena
775 2640 925 2672 inchoari

234 2690 344 2721 solita.
360 2693 411 2721 13.
428 2690 485 2722 lib.
506 2693 560 2722 14.
576 2691 681 2732 epigr.
696 2691 824 2722 Tamen
840 2701 927 2732 prae·

236 2746 289 2772 ter
316 2741 581 2782 antiquissimum
609 2750 747 2782 morem,
770 2751 834 2783 quo
858 2753 922 2774 coe-

684 173 823 203 NOTAE
859 173 881 201 V
891 173 1075 203 ARIORU
1089 174 1120 202 M
1157 174 1207 203 ΙΝ

966 276 1043 296 nam
1075 265 1301 297 claudebant:
1326 271 1364 298 ut
1392 270 1538 298 testatur
1567 267 1658 300 l.14.

967 316 1076 357 epigr.
1096 320 1146 347 14.
1174 318 1182 332 ‘
1195 316 1362 348 Claudere
1378 327 1453 358 quae
1470 326 1579 347 coenas
1595 317 1662 348 lac—

967 373 1046 398 tuca
1070 368 1201 399 solebat
1230 378 1380 407 avorum,
1404 368 1470 399 Dic
1499 369 1588 407 mihi,
1604 378 1664 399 cur

969 424 1104 449 nostras
1129 419 1264 450 inchoat
1287 420 1343 450 illa
1371 419 1475 459 dapes
1486 419 1509 449 ?'
1534 420 1663 460 Oxyga-

967 469 1108 509 rumque]
1133 470 1257 500 Garum
1273 480 1314 501 ex
1328 475 1439 501 aceto.

1003 523 1022 550 S
1060 520 1200 550 Putidus
1223 524 1281 559 est,
1303 520 1372 560 &ej
1397 521 1497 551 Certe
1528 524 1664 561 puteret

968 569 1023 599 vel
1052 579 1135 609 aper
1161 570 1201 600 ad
1228 571 1382 601 convivia
1409 576 1523 601 natum
1541 571 1664 600 animal

968 624 1069 650 toties
1085 621 1274 660 appositus,
1290 631 1328 651 ac
1347 626 1382 651 tu
1399 621 1477 651 mihi
1495 620 1594 651 libros
1612 629 1662 650 re-

968 670 1070 709 geris.

1012 721 1050 749 10
1067 720 1176 759 Domi]
1192 720 1374 751 Invitatori
1395 720 1456 751 soli
1470 719 1597 751 licebat
1613 729 1665 750 re-

966 768 1073 800 citare
1088 780 1096 800 :
1111 770 1199 800 domi
1211 771 1324 811 itaque
1337 770 1407 801 sola
1418 779 1525 810 coeua,
1536 770 1664 811 tibique

968 819 1098 850 recita:
1117 819 1199 850 foris
1218 826 1251 851 te
1268 820 1472 852 cavebimus.

1012 870 1201 902 EP1G.L1.4
1216 872 1383 912 Numquid,
1397 872 1501 910 Galla,
1513 871 1580 911 ge]
1596 871 1665 902 Iro-

969 920 1065 951 nice:
1082 923 1192 962 arguit
1206 923 1292 953 enim
1302 923 1407 962 ipsam
1420 923 1616 954 mendacem
1630 928 1665 954 et

969 972 1398 1014 inanitergloriosam,quae
1409 973 1664 1013 specimensub-

970 1022 1162 1063 terfugerit.
1199 1024 1375 1064 Sumptum
1394 1023 1582 1054 videturab
1607 1023 1665 1053 illo

969 1072 1128 1114 Augusti,
1150 1074 1205 1115 qui
1218 1074 1393 1114 praefecto,
1410 1083 1508 1115 quem
1525 1074 1665 1113 ignomi-

968 1124 1022 1153 nia
1040 1125 1190 1160 notabat,
1208 1125 1351 1155 subinde
1376 1125 1534 1164 precibus
1561 1125 1666 1155 inter-

970 1174 1124 1213 ponenti,
1156 1176 1164 1191 ‘
1179 1174 1270 1206 Quid
1302 1174 1514 1214 respondebo
1552 1174 1640 1214 patri
1657 1174 1667 1204 ?

973 1223 1066 1263 Dic,'
1089 1224 1197 1265 inquit
1209 1223 1297 1263 Aug.
1326 1225 1400 1255 ‘me
1429 1224 1490 1254 tibi
1508 1222 1667 1264 displicu-

970 1275 1060 1306 isse.’
1085 1276 1333 1308 Qui11tilian.6.
1357 1276 1421 1307 l.4.
1465 1276 1528 1306 Vel
1550 1286 1592 1306 ne
1615 1285 1667 1306 me

971 1325 1061 1357 forte
1076 1337 1142 1358 non
1165 1327 1338 1368 probares.
1382 1327 1470 1358 Vide
1487 1327 1596 1368 epigr.
1613 1330 1666 1358 24.

973 1379 992 1409 Ι.
1011 1381 1040 1408 1.

1015 1429 1119 1459 Eme.
1133 1436 1196 1459 ιιι.
1220 1430 1235 1458 1
1260 1428 1375 1468 Empta
1390 1429 1507 1466 domus,
1523 1428 1593 1468 2312]
1610 1428 1665 1459 Iu-

972 1478 1092 1510 cendio
1108 1478 1243 1508 domum
1258 1479 1418 1508 amiserat
1432 1478 1666 1517 Tongilianus,

972 1540 1070 1571 quam
1097 1529 1253 1559 ducentis
1290 1528 1437 1559 millibus
1472 1528 1666 1559 sestertium

973 1580 1164 1611 coemerat:
1184 1584 1437 1619 compensatum
1451 1585 1500 1609 est
1511 1579 1667 1610 damnum

973 1631 1093 1670 majori
1123 1629 1323 1668 commod03
1355 1630 1480 1670 accipit
1508 1630 1596 1660 enim
1624 1639 1666 1660 ex

974 1680 1136 1721 symbolis
1167 1680 1291 1711 civium
1319 1679 1434 1711 decies
1451 1681 1642 1711 sestertium
1660 1691 1668 1711 :

974 1736 1071 1772 rogat
1086 1731 1196 1761 Poe'ta
1216 1736 1349 1771 argute,
1368 1740 1407 1761 an
1435 1731 1508 1771 ipse
1532 1731 1666 1761 domum

973 1792 1065 1813 suam
1079 1781 1278 1820 incenderit,
1295 1786 1330 1812 ut
1348 1782 1423 1822 plus
1446 1791 1486 1812 ex
1510 1781 1668 1811 incendio

973 1833 1058 1863 lucri
1082 1832 1223 1862 faceret.
1268 1831 1418 1870 Ducem's]
1443 1832 1499 1862 Sc.
1521 1831 1667 1861 millibus

972 1883 1166 1913 sestertium
1182 1891 1190 1912 ·.
1207 1882 1269 1912 hoc
1280 1886 1344 1919 est,
1361 1882 1510 1921 quinque
1521 1881 1665 1911 millibus

973 1936 1220 1971 coronatorum,
1247 1931 1438 1973 quindecim
1464 1931 1581 1961 millib.
1607 1929 1666 1962 flo-

973 1993 1137 2014 renorurn.

1016 2035 1036 2063 2
1061 2031 1203 2062 Nimium
1234 2041 1333 2070 casus,
1357 2031 1424 2072 850]
1453 2030 1665 2063 Incendium.

974 2085 1082 2125 epigr.
1110 2086 1142 2114 7.
1170 2083 1227 2113 lib.
1251 2087 1282 2113 5.
1309 2088 1345 2113 ut
1374 2088 1408 2113 et
1439 2082 1564 2114 Juven.
1589 2084 1667 2114 S.3.

975 2137 983 2152 ‘
1000 2136 1092 2165 Tunc
1108 2134 1258 2175 geminus
1274 2143 1370 2164 casus
1384 2133 1488 2172 urbis,
1502 2138 1581 2164 tunc
1597 2133 1667 2163 odi-

974 2195 1046 2216 mus
1078 2185 1201 2225 ignem.
1246 2183 1356 2214 Ardet
1381 2184 1503 2221 adhuc,
1535 2189 1570 2214 et
1593 2183 1666 2223 jam

974 2237 1135 2275 occurrit,
1157 2235 1212 2276 qui
1230 2244 1397 2266 marmora
1413 2235 1527 2274 donet,
1544 2234 1664 2267 Confe-

974 2293 1028 2320 rat
1044 2286 1305 2328 i1npensas‚’&c.

1015 2342 1034 2370 3
1055 2340 1221 2378 Collatum,
1232 2337 1300 2379 ἔγω]
1312 2340 1362 2369 Ex
1374 2338 1532 2379 symbolis
1544 2338 1665 2369 civium
1677 2356 1681 2359 ν

974 2396 1009 2419 et
1035 2389 1231 2428 amicorum,
1257 2389 1378 2419 damno
1397 2394 1453 2419 tuo
1470 2398 1669 2419 succurren-

974 2439 1069 2478 tium,
1086 2439 1146 2469 tibi
1162 2439 1385 2469 donabantur.
1406 2441 1503 2469 7812.
1520 2439 1540 2469 l.
1558 2441 1608 2469 10.
1624 2448 1667 2469 ss.

1018 2490 1119 2520 Eme.
1135 2498 1212 2520 L111.
1243 2491 1258 2519 1
1277 2490 1321 2520 Et
1338 2490 1421 2519 vultu
1434 2493 1585 2529 poteram,
1598 2489 1666 2529 ἔξω]

974 2539 1138 2570 Membris
1153 2540 1230 2578 tuis,
1242 2549 1315 2580 quae
1332 2539 1448 2570 laudas
1465 2539 1606 2579 singula,
1630 2545 1666 2570 et

975 2590 1083 2630 teipsa
1100 2590 1150 2619 vel
1166 2594 1237 2619 tota
1254 2599 1384 2629 possem
1409 2582 1557 2619 carere-⁹
1597 2589 1667 2619 Ob·

975 2640 1172 2671 scoeniorem
1188 2639 1215 2670 si
1232 2639 1364 2680 prurias
1377 2648 1522 2678 sensum,
1537 2637 1667 2669 affrica·

975 2691 1025 2722 bit
1041 2690 1101 2720 tibi
1117 2699 1207 2720 more
1226 2698 1284 2720 suo
1296 2689 1424 2720 Domit.
1439 2689 1481 2719 de
1496 2687 1667 2728 μαστρόπφ.

1018 2742 1121 2773 Epio.
1139 2748 1210 2771 mv.
1234 2743 1248 2771 1
1269 2741 1347 2771 Cum
1359 2741 1443 2780 dur-e,
1454 2738 1524 2779 aa]
1548 2739 1631 2770 Cum
1645 2747 1664 2769 a
