1866 3131
400 186 448 216 M,
484 187 594 215 VAL.
627 186 900 217 MARTlALIS
935 188 1095 218 El'iGR.
1128 191 1220 220 [ΑΒ.
1254 191 1326 221 XI.

142 277 226 309 libet
239 287 274 308 se
289 278 519 316 commiscere,
531 288 595 309 non
613 289 687 310 esse
701 279 843 310 hominis

143 329 335 369 prudentis.
362 330 513 361 Raderus.

186 380 291 410 Eme.
311 388 444 411 xxxvi.
467 380 602 411 Soteria
619 380 693 411 Caii
708 381 844 411 Proculi

143 429 310 467 celebrat,
329 436 454 469 praeter
466 439 559 469 spem
578 431 656 461 vitae
675 431 843 462 restituti.

141 479 303 520 Suspicor
314 480 402 509 hunc
414 480 521 518 ipsum
536 480 715 511 Proculum
728 479 845 516 fuisse,

142 529 183 560 ad
201 539 299 571 quem
317 534 414 560 extat
433 529 586 569 Epistola
604 530 706 560 Plinii
723 530 845 562 lib.13.

142 583 194 610 15.
212 589 253 609 ex
271 589 336 619 qna
352 579 452 609 discis
470 579 603 618 poetam
619 578 739 611 fuisse.

184 633 200 659 1
227 631 371 668 Gemma,
382 629 453 670 Era]
473 630 587 670 Epigr.
604 633 656 662 45.
674 631 737 662 l.8.
753 641 800 662 vs.
815 634 846 663 2.

182 682 202 710 2
229 679 394 718 Redditus,
421 680 488 720 ἐξα]
526 680 779 712 Convalescens
809 686 845 711 et

140 730 320 760 restitutus
336 740 378 761 ex
396 731 512 761 morbo
529 730 725 771 desperato.

183 783 202 810 3
226 780 529 820 Desperasseffivat,
544 781 612 821 ἐξα]
639 781 748 812 Multo
765 781 845 812 mihi

140 831 271 863 dulcior
287 836 351 871 est,
379 832 550 872 deplorati
569 832 696 862 dudum
723 842 763 863 ac
788 832 845 862 de-

141 882 241 923 positi
259 883 369 922 amici,
398 888 539 922 recepta
554 883 726 923 insperato
744 884 845 914 salus.

182 936 202 963 4
228 934 339 964 Minus
362 935 511 972 gaudent,
528 933 597 973 ssa]
635 934 790 965 Gnome:
817 935 846 965 E

141 993 270 1014 summa
282 985 422 1015 tristitia
432 995 525 1025 saepe
538 985 689 1016 nascitur
703 987 846 1017 maxima

140 1034 275 1065 laetitia.

185 1089 203 1115 5
228 1083 436 1126 Hypne,l§⁴c.]
459 1085 563 1124 Puer,
580 1084 748 1116 minister.
782 1085 845 1116 Im-

141 1137 284 1177 mortale]
306 1136 395 1168 Quia
405 1137 525 1167 melius
536 1136 575 1167 fit
588 1137 705 1168 annis:
730 1141 765 1168 et
777 1147 845 1178 quo

142 1187 309 1218 vetustius
335 1197 374 1217 eo
397 1187 609 1227 generosius.
647 1187 766 1227 Epigr.
790 1191 844 1218 95.

141 1237 197 1268 lib.
213 1240 243 1267 9.
262 1246 350 1267 vers,
364 1240 395 1267 1.

184 1292 204 1320 6
217 1289 327 1320 Senem
337 1288 479 1329 poscunt]
494 1288 594 1329 Epig.
608 1291 661 1320 95.
674 1289 695 1320 l.
707 1291 738 1321 9.
752 1299 800 1320 vs.
812 1292 844 1320 2.

145 1339 235 1371 Talia
251 1344 322 1371 rota
345 1340 470 1380 cadum]
492 1341 572 1371 Tam
591 1345 689 1380 grata
704 1349 747 1370 ex
775 1345 845 1371 tam

142 1388 340 1429 insperatis.

184 1442 203 1469 7
231 1440 435 1478 Quincunces,
461 1439 531 1479 lfa]
576 1439 632 1469 De
663 1439 726 1470 hoc
754 1448 846 1470 more

143 1489 303 1520 ebibendi
341 1498 464 1520 nomen
505 1489 617 1525 amici,
653 1489 728 1520 vide
767 1490 847 1529 Epi-

144 1548 250 1578 gram.
261 1542 314 1570 72.
331 1539 419 1569 libro
435 1543 463 1570 l.
477 1540 530 1569 hic
543 1544 656 1570 autem
673 1539 845 1580 quincunx

143 1590 329 1630 respondet
355 1592 400 1629 τῷ
423 1592 431 1607 ‘
450 1590 586 1621 Caius?
623 1591 668 1629 τῷ
698 1581 845 1621 ‘Iulius'

143 1641 255 1678 semis,
268 1640 300 1670 id
315 1646 378 1679 est,
389 1644 420 1671 6.
434 1640 569 1681 cyathi:
585 1642 630 1679 τῷ
648 1644 656 1658 ‘
667 1640 845 1671 Proculus’

142 1690 215 1729 bes,
230 1691 263 1721 id
280 1696 342 1730 est,
355 1694 385 1722 8.
402 1691 529 1730 cyathi.
552 1692 641 1721 Vide
658 1691 774 1731 Epigr.
791 1693 843 1721 23.

143 1741 201 1772 lib.
221 1743 250 1771 l.
269 1750 400 1771 versum
418 1744 448 1772 2.

190 1791 296 1821 Eme.
327 1800 478 1821 xxxvu.
524 1791 655 1821 Zoilum
691 1801 709 1821 e
748 1800 845 1821 servo

146 1841 296 1881 equitem
331 1840 460 1872 factum
490 1842 641 1881 exagitat
657 1852 665 1878 ;
705 1841 845 1881 ejusque

146 1891 338 1931 superbiam
356 1897 391 1922 et
407 1891 634 1921 humilitatem
652 1891 824 1931 exprimit.

189 1945 205 1972 1
233 1943 317 1977 Quid
330 1946 407 1980 tota,
421 1942 489 1982 lya]
515 1943 584 1972 Cur
596 1951 699 1981 eques
715 1951 733 1972 e
749 1950 847 1972 servo

144 1990 256 2024 factus
273 1994 431 2024 annulum
448 1997 559 2032 gestas
572 1993 749 2030 libralem3
777 1992 847 2033 Hy·

145 2041 335 2083 perbolice,
351 2052 510 2082 magnum
527 2042 676 2079 scilicet;
701 2051 849 2081 praegra-

145 2102 271 2134 vasque
283 2098 316 2124 et
331 2093 482 2124 occultas
497 2101 660 2132 gemmam
674 2092 777 2121 nimio
791 2100 849 2121 au-

146 2144 205 2174 ro?
225 2143 278 2174 An
292 2143 404 2174 credis
416 2143 504 2173 idem
520 2142 650 2182 pondus
665 2141 848 2171 convenire

146 2192 253 2232 digito
270 2198 305 2223 et
321 2193 458 2231 annulo,
470 2192 559 2233 qnod
576 2191 674 2222 modo
690 2191 849 2229 gestabas

147 2244 181 2273 in
211 2243 435 2284 compedibus
453 2245 464 2274 ?
509 2243 765 2284 Epigrammate
795 2245 849 2273 29.

149 2294 237 2325 libro
254 2297 283 2325 3.

190 2347 209 2374 3
233 2344 463 2383 Annulus‚&c.]
481 2345 638 2383 Compes.
662 2345 672 2361 ‘
690 2344 848 2375 Frontem

147 2393 286 2433 literati,
310 2394 468 2434 capillum
496 2393 662 2433 semirasi,
685 2399 720 2424 et.
746 2393 851 2434 pedes

148 2443 323 2475 annulati.’
340 2443 519 2484 Apuleius.

192 2495 296 2525 Eme.
313 2502 471 2524 xxxvm.
485 2497 505 2524 2
529 2492 648 2524 Surdus
664 2493 745 2533 erat]
770 2494 847 2524 Non

148 2543 380 2585 adsequuntur
394 2544 492 2583 liujus
518 2544 782 2584 Epigrammatis
798 2554 848 2575 sa-

149 2595 214 2625 lem
243 2595 464 2634 interpretes.
517 2593 668 2624 ‘Surdus
691 2593 788 2632 erat,’
813 2599 849 2625 et

149 2645 198 2676 sic
214 2654 281 2675 non
298 2648 435 2685 poterat
456 2653 529 2674 esse
547 2643 692 2683 delator,
714 2644 741 2673 si
757 2643 848 2674 forte

150 2694 246 2725 liberi
265 2703 436 2725 sermones
454 2694 660 2726 excidissent
676 2693 752 2733 illis,
768 2703 848 2735 qno-

236 2747 349 2787 Delph.
360 2751 388 2777 et
407 2747 481 2778 Vur.
496 2747 578 2778 Clas.

807 2746 948 2775 :Warllul-

1482 182 1594 224 1393

895 291 966 312 rum
982 283 1174 316 vehentium
1187 287 1294 317 mulos
1308 286 1472 327 regebat:
1496 286 1593 327 quip-

895 341 937 371 pe
962 343 1044 372 qnos
1068 335 1182 364 andire
1212 345 1277 366 non
1303 340 1449 376 poterat.
1494 337 1595 367 Facit

893 382 959 412 huc
975 383 1034 414 lib.
1052 386 1102 415 12.
1120 385 1236 424 Epigr.
1255 389 1305 416 14.
1333 387 1468 417 Gronov.
1514 386 1593 417 Sur-

893 433 950 462 dus
964 434 1047 474 erat]
1078 434 1128 464 Ex
1145 433 1361 475 ἀπροσδοκήτῳ
1383 440 1496 475 anget.
1520 436 1596 474 Vel,

895 483 1004 514 innuit
1015 482 1183 523 flagitioso
1196 485 1329 516 domino
1342 486 1448 526 magis
1460 486 1596 526 placere

896 542 1012 563 servos
1039 533 1169 574 surdOS,
1193 544 1276 575 qnos
1303 545 1401 566 nemo
1431 541 1527 576 roget
1554 536 1596 567 de

896 584 1091 615 criminibus
1108 584 1250 617 domini.
1283 586 1372 617 Vide
1387 588 1459 618 Sat.
1477 590 1509 618 9.
1535 587 1595 619 Ju-

897 635 1008 665 venal.
1026 644 1113 665 vers.
1130 638 1203 666 104.

939 686 1044 716 Eme.
1068 695 1202 717 xxxix.
1238 687 1473 727 Charidemum]
1507 687 1596 718 Vide

898 735 1011 765 Plauti
1029 736 1162 774 Linum,
1175 737 1207 766 in
1224 736 1389 768 Bacchid.

942 788 956 814 1
983 785 1103 824 Moror,
1118 787 1186 826 ἔγω]
1211 786 1292 827 Alii,
1308 788 1465 818 monitor:
1489 787 1522 817 id
1535 793 1602 828 est,

897 833 1050 865 infantiae
1064 837 1290 878 pueritiaeque
1303 837 1518 868 moderator:
1537 838 1595 868 sed

896 889 931 916 et
945 884 982 915 τὸ
999 889 1096 916 motor
1111 887 1236 926 placet.

939 938 958 966 3
982 935 1133 977 Sudaria]
1166 936 1300 975 Lintea,
1316 947 1392 977 quae
1409 936 1597 968 demessam

897 995 916 1016 a
932 990 1067 1016 tonsore
1083 986 1221 1016 barbam
1238 987 1427 1027 excipiunt.

937 1039 957 1067 4
981 1036 1095 1067 Labris
1105 1040 1234 1077 puncta,
1243 1037 1310 1077 δῖα]
1328 1037 1358 1067 Α
1369 1045 1486 1067 rasura
1498 1045 1598 1076 aspe-

897 1085 942 1116 ris
959 1085 1136 1127 durisque.

938 1139 956 1166 5
981 1136 1042 1166 Sed
1053 1136 1112 1166 tibi
1124 1146 1181 1167 non
1194 1136 1288 1175 orez-i,
1299 1136 1368 1176 25⁶]
1390 1136 1470 1167 Tibi
1486 1142 1600 1167 tamen

896 1186 1077 1216 etiamdum
1093 1196 1177 1226 puer
1194 1187 1326 1224 videar,
1349 1196 1410 1218 nec
1429 1187 1485 1227 qui
1501 1187 1533 1217 in
1551 1187 1598 1216 vi-

896 1244 966 1266 rum
979 1237 1217 1276 transcriptus,
1228 1236 1370 1267 liberius
1389 1236 1524 1267 vivendi
1540 1245 1598 1277 po-

896 1289 1057 1316 testatem
1074 1286 1230 1316 habeam.

940 1338 978 1365 11
1006 1335 1114 1377 Tyrios
1128 1336 1259 1376 sumpsi,
1282 1336 1352 1376 Sym]
1375 1337 1498 1368 Vestes
1521 1346 1598 1377 pur-

896 1395 1033 1426 pureas,
1049 1387 1161 1417 cultus
1178 1387 1406 1418 lasciviorum.

940 1440 980 1468 13
1004 1437 1160 1468 Numerus
1171 1438 1305 1478 nostros]
1336 1438 1483 1478 Ἀριθμεῖς
1500 1438 1600 1470 πόσας

896 1488 1019 1517 κύλικας
1031 1486 1168 1519 πέπωκα.
1191 1487 1420 1528 Theophrast.
1440 1489 1599 1521 Charact.

895 1537 962 1577 περ),
987 1537 1193 1578 μικρολογίας.
1238 1538 1291 1569 De
1315 1539 1494 1570 trientibus
1521 1541 1599 1571 vide

897 1597 972 1627 qnae
990 1587 1031 1618 ad
1046 1588 1160 1628 Epigr.
1172 1591 1224 1619 28.
1236 1588 1294 1620 lib.
1306 1591 1336 1619 1.
1354 1599 1442 1621 vers.
1456 1593 1487 1621 2.
1533 1591 1600 1621 Ad-

895 1638 1022 1678 stricta]
1063 1639 1263 1669 Constricta
1288 1637 1413 1669 fronte.
1459 1640 1601 1670 Peu-on.

895 1690 903 1703 ‘
920 1688 1010 1720 Quid
1028 1698 1080 1720 me
1097 1688 1264 1729 spectatis
1277 1691 1467 1721 constricta
1484 1691 1597 1722 fronte

897 1739 1080 1770 Catones?

940 1793 978 1820 15
1006 1791 1170 1831 Catonem]
1207 1793 1419 1831 Censorium,
1449 1792 1600 1831 castiga-

896 1843 1018 1877 torem,
1035 1842 1142 1880 qualis
1156 1841 1220 1872 fuit
1237 1842 1323 1873 Cato
1342 1844 1457 1882 mnjor.

940 1891 1044 1921 EP1G.
1062 1899 1122 1922 XL.
1145 1894 1165 1922 4
1193 1894 1268 1923 Cum
1285 1893 1399 1932 tristis,
1413 1891 1483 1932 ἔγω]
1507 1893 1598 1922 Dum

896 1944 1056 1971 causatus
1068 1946 1120 1972 est
1130 1941 1280 1973 dolorem
1290 1942 1440 1973 dentium
1450 1942 1483 1972 in
1497 1951 1602 1973 cansa

897 1988 1015 2028 fuisse,
1030 2000 1096 2030 quo
1122 1991 1231 2022 minus
1247 1992 1315 2022 oris
1330 2001 1466 2031 operam
1483 1996 1602 2032 posset

899 2046 1076 2080 praestare,
1099 2046 1221 2081 aperte
1246 2042 1418 2073 fatebatur
1433 2051 1468 2072 se
1493 2041 1601 2082 capiti

899 2090 1058 2130 Glycerae
1073 2090 1228 2122 illudere.

943 2141 1049 2171 Eme.
1073 2149 1147 2172 xm.
1180 2141 1412 2183 Allegoricnm
1439 2147 1492 2172 est
1518 2142 1600 2182 Epi-

901 2200 1063 2230 gramma,
1079 2200 1145 2231 qno
1167 2191 1324 2232 deplorat
1342 2201 1456 2223 casnm
1473 2193 1600 2231 Amyn-

901 2247 946 2271 tae
964 2241 1122 2281 pastoris,
1138 2241 1180 2272 de
1198 2242 1319 2273 arbore
1337 2243 1598 2282 praecipitantis.

944 2294 960 2321 1
986 2291 1144 2330 Indulget,
1172 2292 1242 2332 ἔγω]
1289 2293 1378 2323 Dum
1409 2292 1600 2324 vehementi

900 2341 1014 2372 studio
1029 2342 1160 2381 saginat
1177 2351 1310 2380 porcos.

942 2394 962 2422 2
986 2392 1029 2422 Et
1038 2392 1246 2432 gaudeam]
1263 2391 1351 2422 Dum
1363 2391 1496 2422 laudem
1510 2402 1600 2433 qnae-

900 2441 945 2472 rit
956 2452 997 2472 ex
1013 2442 1192 2481 pinguibus
1208 2440 1308 2471 factis
1323 2441 1450 2473 suibus.

942 2494 961 2522 3
988 2492 1136 2522 Cedentes
1151 2492 1250 2531 oneri,
1264 2491 1334 2532 ἐξα]
1366 2491 1531 2523 Ascendit
1550 2493 1600 2523 ili-

900 2553 974 2574 cem
999 2542 1120 2583 glande
1148 2546 1302 2572 onustam
1330 2547 1365 2572 et
1391 2542 1600 2574 incurvatam

900 2602 1101 2623 excussurus
1117 2592 1272 2632 glandes,
1289 2592 1348 2623 sed
1373 2592 1525 2632 pondere
1541 2603 1599 2633 pu-

901 2643 948 2673 eri
965 2641 1081 2673 fractis
1110 2642 1210 2672 ramis
1236 2643 1293 2682 qni
1319 2642 1373 2672 vix
1390 2652 1484 2672 snum
1504 2645 1602 2674 susti-

902 2693 1031 2723 nebant
1062 2703 1154 2732 onus,
1183 2693 1311 2724 decidit
1337 2694 1410 2734 ipse
1440 2704 1600 2724 excussas

1445 2749 1462 2777 4
1486 2747 1514 2777 Τ
