1866 3131
359 179 406 206 M.
433 179 540 208 VAL.
576 179 849 209 MAR'riAMS
885 179 1044 209 EPIGR.
1079 181 1173 212 [ΑΒ.
1207 182 1311 212 XlV.

117 271 175 301 tio.
192 270 417 302 Abbreviator
426 272 532 302 Festi:
547 273 555 289 ‘
567 271 809 313 lacerna‚qiiod

116 321 223 351 minus
239 321 368 361 capitio
384 326 435 352 est
447 321 468 353 ε’
491 327 590 353 vocat
606 326 718 353 autem
734 322 743 338 ‘
756 332 809 353 ca-

115 370 260 410 pitium,'
276 371 397 411 capitis
411 376 654 412 tegumentum.
678 373 810 404 Salmas.

156 424 176 452 2
195 421 285 451 Nunc
299 425 430 460 tantum,
445 423 514 463 ἐξα]
536 424 620 454 Cum
638 423 677 454 ad
697 434 809 455 mune-

114 472 172 510 ris,
186 475 253 502 tuzn
269 471 311 501 ad
325 470 497 503 facultatis
509 482 591 503 meae
607 474 808 505 tenuitatem

113 522 339 552 excusandam
358 522 441 553 facit
457 527 601 564 tempus,
619 525 810 556 Saturnalia

112 571 256 609 scilicet,
272 572 303 601 in
326 572 445 613 quibus
461 573 584 613 pileata
601 575 728 606 incedit
745 577 808 607 Ro-

111 631 176 654 ma.
223 622 329 653 Porro
354 632 395 653 ex
412 624 540 654 attritis
558 624 701 655 lacernis
721 626 809 666 pilea

112 671 183 702 fieri
215 672 315 702 solita
345 673 450 704 tradit
479 673 644 705 Brodaeus
671 675 726 706 lib.
757 679 806 708 10.

112 722 299 753 Miscellan.
316 732 390 762 cap.
408 726 459 754 35.

154 773 257 803 Epm.
273 782 433 804 cxxxnr.
463 776 475 804 l
495 774 567 805 Non
583 779 628 806 est
641 776 723 816 lana,
736 776 806 817 ἔξω]

110 822 188 853 Non
206 822 329 862 tingor,
354 833 419 854 non
446 823 530 854 alios
553 824 655 856 didici
672 827 806 858 mentiri

110 872 252 902 colores.
275 873 375 913 Epig.
392 876 446 904 97.
474 874 530 905 lib.
557 878 586 906 1.
609 885 694 908 vers,
712 880 743 908 3.
770 882 806 908 et

110 921 228 961 Epigr.
252 925 305 953 28.
332 923 390 955 lib.
416 927 447 954 8.
473 934 559 956 vers.
576 929 607 956 6.
632 932 667 958 et
687 928 804 969 Epigr.

109 974 182 1002 100.
199 972 256 1003 lib.
279 976 326 1004 12.
344 983 432 1004 vers.
447 976 478 1005 2.

150 1022 255 1054 Erro.
269 1031 425 1055 cxxxiv.
443 1028 458 1055 l
477 1025 652 1056 (fresi-entes
663 1027 804 1066 dominoe,

104 1072 172 1112 fisa]
188 1073 403 1105 Sororiantes
417 1075 519 1114 enim,
531 1075 672 1107 necdum
686 1087 803 1109 conse-

106 1124 617 1165 cutaecrescendimo‹lum,sunt
627 1128 803 1167 gratiores.

106 1170 202 1203 Infra
217 1173 335 1214 Epigr.
354 1176 426 1204 149.

148 1224 254 1255 EP1G.
271 1233 405 1256 cxxxv.
422 1228 437 1255 1
454 1225 602 1263 Necfora
617 1230 689 1257 sunt
704 1228 802 1267 nobis,

103 1274 169 1314 firm]
202 1275 396 1308 Coenatoria
421 1277 527 1316 pallia
554 1277 643 1309 domi
671 1283 801 1310 tantum

102 1325 332 1366 sumebantur,
354 1336 420 1358 non
436 1327 477 1358 iis
494 1326 542 1359 fas
560 1328 675 1360 videre
692 1329 802 1360 lucem

102 1374 181 1414 fori,
203 1376 257 1407 cui
273 1377 422 1417 gravitas
437 1378 662 1409 conveniebat
678 1383 779 1419 togae.

143 1428 164 1456 2
180 1427 282 1457 Pictis
297 1427 468 1458 accubuisse
483 1428 574 1468 toris]
597 1428 671 1460 Acu
687 1429 800 1470 pictis,

102 1475 292 1515 pavoninis,
309 1476 436 1508 citreis.

155 1526 257 1557 Epio.
287 1534 441 1558 cxxxv1.
488 1529 503 1557 l
534 1527 632 1558 Levia
657 1531 802 1571 prosunt]

103 1576 226 1608 Qualia
242 1582 321 1606 sunt
337 1577 456 1615 serica,
478 1577 680 1619 bombicina,
695 1580 797 1611 linea.

102 1627 226 1668 Itaque
243 1627 298 1657 alii
314 1627 379 1667 leg.
394 1627 486 1659 linea.

143 1680 166 1708 2
189 1676 377 1715 Calfaciunt,
399 1677 468 1718 δῖα]
498 1678 565 1709 Sed
593 1679 711 1719 hyeme
739 1680 798 1710 vil·

100 1728 179 1758 losae
197 1727 291 1758 laffnae
313 1727 426 1768 palliis
440 1729 692 1768 superinductae
709 1731 798 1761 calo-

101 1787 170 1808 rem
188 1777 329 1817 stipant,
344 1782 529 1818 arcentque
544 1778 664 1818 frigus.

142 1827 434 1859 Ep1c..cxxxvu.
460 1831 474 1858 1
498 1828 796 1868 Amphitheatrales,

99 1877 167 1918 astu]
182 1878 292 1909 Ludos
306 1879 506 1919 spectabant
523 1889 637 1910 omnes
652 1880 796 1911 lacernis

101 1929 188 1960 albis
206 1929 313 1960 induti
329 1929 384 1970 (ut
400 1930 517 1970 Epigr.
529 1933 559 1961 2.
575 1929 694 1971 lib.4.)
718 1940 794 1971 quae

99 1979 182 2020 togis
227 1980 590 2019 superinducebautur‚
630 1981 795 2022 pulveris,

98 2030 235 2070 pluviae,
270 2030 322 2060 vel
354 2029 488 2070 frigoris
514 2030 652 2061 arcendi
680 2041 792 2062 causa.

95 2080 104 2097 ‘
121 2080 292 2111 Lacernas
323 2080 537 2112 Munimenta
568 2080 675 2121 togae'
705 2081 794 2113 dixit

96 2131 254 2163 Juvenal.
276 2130 348 2161 Sat.
358 2134 389 2162 9.

125 2182 233 2213 Erm.
249 2189 434 2212 cxxxvnl.
457 2182 604 2221 Gausapa
615 2181 735 2221 villosa,
747 2183 794 2213 vel

98 2232 246 2272 mantele]
263 2232 417 2263 Mantela
432 2238 487 2264 est
502 2233 571 2263 tela
584 2233 636 2263 vel
651 2233 791 2264 linteum

96 2291 162 2323 qno
187 2291 303 2312 manus
323 2287 562 2323 extergentur:
597 2289 714 2324 postea
734 2294 791 2324 ge·

98 2331 187 2362 neris
219 2332 387 2372 enallage,
422 2338 457 2364 et
496 2334 681 2366 mantelum
719 2335 789 2367 dic-

97 2388 169 2414 tum
197 2386 262 2420 est,
286 2386 321 2412 et
343 2383 509 2414 mantele:
541 2384 590 2415 sic
610 2385 683 2416 haec
709 2395 790 2426 gau-

95 2442 190 2474 sapa,
205 2432 263 2474 qui
286 2432 419 2463 Graecis
441 2433 458 2463 ὁ
472 2432 644 2474 γαυσάπης,
668 2440 704 2466 et
727 2436 790 2468 lioc

96 2493 296 2524 gausapum,
312 2488 347 2513 et
369 2483 432 2514 hoc
457 2493 619 2524 gausape.
661 2485 720 2516 Sic
737 2496 791 2516 ac-

97 2533 257 2575 cipienda
286 2537 366 2563 sunt
403 2534 564 2565 mantelia
592 2535 683 2575 apud
713 2536 789 2566 Vir-

96 2584 212 2626 gilium
230 2595 238 2615 :
295 2584 492 2625 ‘tonsisque
543 2585 654 2616 ferunt
698 2596 789 2617 man-

94 2635 177 2666 telia
192 2634 304 2666 villis.’
352 2635 478 2666 Villosa
503 2645 584 2675 ergo
609 2641 707 2667 erant
733 2637 789 2667 illa

95 2686 266 2717 mantelia.
302 2685 392 2716 Plin.
421 2685 523 2716 lib.7.
550 2696 625 2727 cap.
646 2690 695 2717 11.
722 2688 788 2718 Vc-

96 2742 186 2767 teres
222 2745 302 2777 ergo
335 2737 495 2768 mantelia
531 2742 609 2768 ante
648 2742 788 2778 pectora

1443 174 1553 214 1451

861 281 987 311 ponere
1022 280 1194 306 cremantes
1224 282 1483 318 consueverant,
1516 284 1554 311 ut

860 321 957 352 hodie
986 324 1128 355 solemus
1157 325 1216 356 illa
1238 326 1354 364 lintea,
1377 337 1452 367 quae
1483 339 1553 360 ser-

861 378 958 403 vietae
998 374 1093 404 nobis
1125 375 1295 416 (licuntur,
1334 377 1452 418 quibus
1486 389 1553 410 nia·

859 433 918 453 nus
945 428 980 453 et
1002 424 1095 454 labra
1119 431 1299 465 tergemus.
1338 428 1464 459 Verum
1481 430 1551 470 jam

860 479 962 504 aetate
981 473 1082 504 Plinii
1100 477 1258 506 mantelia
1281 487 1345 508 non
1362 478 1502 519 amplius
1518 480 1552 510 in

858 533 917 553 usu
934 529 1031 555 erant
1047 525 1114 555 ἀντὶ
1130 526 1366 567 χειρομάκτρων,
1392 528 1450 559 scd
1468 529 1553 560 inte-

858 574 975 614 gendis
989 577 1113 606 mensis
1130 577 1322 608 serviebant
1338 589 1345 608 :
1373 584 1475 620 atque
1490 580 1553 611 hoc

858 629 937 655 tunc
959 626 1120 666 temporis
1138 626 1318 658 discrimen
1334 629 1552 661 statuebatur

857 675 945 705 inter
968 685 1106 717 mappas
1123 681 1159 708 et
1174 678 1346 709 mantelia.
1386 679 1472 710 Vide
1491 680 1549 711 lib.

858 733 923 755 xii.
952 725 1134 766 Epigr.29.
1170 727 1366 759 ‘Attulerat
1394 739 1549 770 mappam

855 775 977 814 nemz'
991 780 1055 807 ἃς.
1081 777 1214 808 Salmas.

898 828 913 855 l
941 825 1094 865 Nobilius,
1110 826 1178 867 esa]
1203 828 1335 859 Mensae
1351 833 1417 860 tuae
1430 829 1549 861 citreae

854 885 939 915 opus
954 882 1007 907 est
1025 877 1147 907 villosis
1165 878 1361 909 mantilibus
1379 888 1455 920 quae.
1481 879 1551 910 vin-

854 925 969 957 dicent
991 935 1063 957 eam
1090 938 1109 958 a
1132 928 1283 968 unacum,
1314 929 1388 960 vilis
1413 939 1488 960 mea
1515 936 1549 961 et

852 975 996 1016 abiegna
1012 986 1077 1007 non
1092 976 1252 1009 formidat
1268 980 1429 1010 maculas.

895 1030 914 1057 2
941 1027 1073 1058 Orbibus
1087 1029 1120 1058 in
1137 1028 1267 1068 nostris]
1290 1030 1418 1060 Mensis
1433 1034 1548 1061 rotun-

852 1075 916 1107 dis.
955 1077 1098 1108 Circulus
1122 1088 1185 1109 esse
1207 1080 1322 1120 potest]
1359 1079 1548 1120 Impressas

852 1135 975 1157 mensae
1013 1137 1055 1157 ex
1094 1128 1204 1168 lance,
1242 1128 1460 1170 repositorio,
1487 1140 1547 1161 seu

852 1175 1047 1216 paropside.

895 1225 1000 1257 Eme.
1023 1235 1181 1258 cxxxrx.
1213 1229 1334 1260 Cuculli
1370 1230 1548 1272 Liburnici]

851 1274 944 1307 Quos
969 1276 1153 1308 Bai-(laicos
1176 1279 1330 1319 appellat
1353 1281 1548 1322 Salmasius,

850 1323 979 1356 fiebant
1016 1335 1058 1357 ex
1095 1327 1171 1358 lana
1205 1338 1319 1361 crassa
1352 1331 1546 1364 Liburnica.

851 1374 914 1405 Est
931 1380 1046 1407 autem
1060 1377 1214 1417 Illyridis
1232 1380 1328 1419 regio
1343 1380 1516 1414 Liburnia.

894 1428 909 1456 1
934 1427 1076 1466 Jungere
1105 1430 1229 1460 nescisti
1255 1431 1352 1472 nobis,
1374 1434 1443 1474 lisa]
1480 1434 1545 1466 Cu-

849 1476 958 1507 cullus
975 1478 1096 1518 capitis
1115 1484 1250 1519 tegmen
1266 1479 1344 1521 fuit,
1366 1488 1403 1513 ut
1420 1488 1456 1514 et
1470 1494 1546 1524 par-

850 1529 917 1555 tem
934 1526 1150 1559 humerorum
1169 1530 1310 1570 velaret,
1326 1533 1442 1572 quales
1456 1543 1475 1563 a
1492 1544 1543 1564 sa-

848 1576 914 1607 cris
928 1576 1116 1608 hominibus
1131 1579 1230 1610 bodie
1243 1582 1371 1620 gestari
1384 1583 1546 1616 videmus.

848 1625 878 1656 Ii
894 1635 970 1656 cum
984 1627 1128 1658 lacernis
1140 1630 1380 1672 sumebantur;
1403 1635 1456 1664 vel
1470 1635 1542 1675 plu-

848 1675 909 1706 viae
927 1677 1096 1719 arcendae,
1123 1688 1198 1710 cum
1223 1681 1372 1713 nondum
1400 1686 1543 1724 paenulae

847 1725 880 1756 in
897 1736 956 1758 usu
985 1728 1075 1759 intra
1103 1729 1222 1762 urbem
1248 1738 1386 1772 essent;
1420 1736 1473 1766 vel
1497 1737 1543 1767 la-

847 1777 941 1807 tendi
957 1787 1070 1818 causa,
1100 1779 1147 1810 ita
1175 1786 1301 1822 tamen,
1327 1788 1364 1815 ut
1389 1787 1541 1825 separari

847 1836 867 1857 a
899 1827 1044 1859 lacernis
1078 1836 1218 1869 possent
1245 1837 1347 1874 atque
1380 1837 1540 1868 amoveri.

847 1876 947 1907 Unde
970 1878 1018 1909 ait
1034 1879 1221 1914 Martialis:
1250 1883 1308 1914 ‘Si
1324 1894 1472 1927 possem,
1491 1892 1541 1919 to-

847 1931 897 1958 tas
912 1937 1072 1968 cuperem
1092 1930 1221 1963 misisse
1240 1933 1407 1975 lacernas,
1436 1937 1537 1969 Nunc

846 1982 977 2008 tantum
991 1980 1239 2020 capitimunera
1251 1984 1349 2015 mitto
1362 1986 1445 2018 tuo.'
1457 1987 1541 2018 Por-

844 2037 881 2058 ro
896 2029 1020 2060 cuculli
1035 2030 1209 2063 Liburnici
1232 2033 1318 2066 dicti
1333 2041 1423 2076 sunt,
1450 2039 1539 2078 quod

843 2078 1029 2110 Liburnica
1040 2080 1117 2111 lana
1128 2082 1377 2116 conficerentur
1393 2098 1399 2117 ε
1418 2087 1460 2118 de
1474 2099 1540 2129 qua

843 2130 975 2161 Plinius
992 2131 1076 2162 libro
1089 2135 1120 2163 8.
1156 2134 1234 2165 Illos
1251 2136 1355 2176 igitur
1369 2148 1434 2169 non
1453 2139 1538 2172 bene

844 2189 917 2210 cum
955 2181 1101 2212 lacernis
1140 2184 1225 2215 albis
1258 2186 1398 2226 junctos
1434 2191 1539 2222 tradit

842 2230 1021 2269 Martialis,
1049 2232 1138 2272 quod
1166 2235 1315 2266 colorem
1342 2239 1427 2269 male
1457 2242 1539 2272 reti-

841 2285 959 2311 nentes
984 2281 1128 2313 eundem
1158 2284 1301 2316 lacernis
1330 2287 1540 2332 affricarent,

842 2336 878 2361 ut
894 2340 955 2371 pro
969 2332 1052 2361 albis
1065 2333 1213 2364 callaicae
1230 2343 1447 2370 exuerentur.
1465 2340 1539 2372 Cal-

841 2381 941 2412 laicas
972 2388 1085 2412 autem
1109 2385 1151 2413 ab
1180 2386 1251 2416 auri
1279 2388 1391 2420 colore
1419 2392 1536 2424 rutilas

840 2433 920 2471 dici,
943 2432 1080 2473 quidam
1106 2433 1322 2476 existimant;
1354 2440 1410 2470 alii
1427 2442 1532 2472 callai—

839 2495 904 2521 ηαδ,
920 2484 954 2515 id
971 2489 1036 2524 est,
1048 2486 1211 2516 caeruleas
1230 2496 1249 2517 a
1263 2497 1404 2527 gemmae
1422 2492 1535 2523 colore

840 2536 946 2566 instar
961 2536 1122 2575 sapphiri.
1141 2536 1270 2568 Ferrar.
1295 2539 1448 2581 Jungere,
1463 2544 1533 2583 &cd

840 2585 930 2615 Male
963 2585 1251 2625 superinduuntur
1279 2589 1364 2621 albae
1389 2591 1532 2624 lacernae

838 2636 979 2667 cucullis
1014 2636 1217 2677 Liburnicis,
1257 2640 1311 2679 qui
1351 2641 1533 2675 tincturam

838 2697 902 2718 non
921 2686 1025 2727 probe
1042 2687 1228 2719 retinentes
1245 2689 1398 2722 lacernas
1421 2702 1461 2723 cx
1487 2695 1533 2725 al·

837 2737 887 2768 bis
914 2736 1061 2768 reddunt
1096 2737 1216 2770 rutilas
1248 2744 1283 2771 et
1309 2741 1429 2773 coloris
1457 2745 1528 2776 auri
