1866 3131
241 180 258 220 l
268 180 352 220 39ss

237 283 482 315 fiecunditate:
508 285 737 323 precaturque
753 283 861 314 tribus
878 292 937 313 na-

237 334 278 364 tis
309 335 521 374 natabusque
552 333 695 365 totidem
726 343 868 374 generos
899 337 936 364 et

238 394 354 415 nurus.
387 385 467 415 Rau.

284 438 300 465 1
327 434 473 474 Claudia]
513 434 640 466 Eadem
662 434 752 466 forte
775 445 849 476 quae
866 435 936 465 Pu-

238 487 333 518 denti
359 487 487 526 nupsit,
511 486 629 527 Epigr.
652 489 703 518 13.
720 485 774 517 lib.
792 489 822 517 4.
869 487 935 516 Coe-

237 537 342 575 ruteis,
356 536 425 576 gyon]
451 537 501 568 An
520 538 598 577 quia
610 536 766 568 Britanni
780 546 816 566 se
828 537 937 575 glasto

238 586 456 618 colorabant?
475 592 512 618 ut
525 587 662 618 tradunt
676 588 829 618 Caesar5.
842 587 935 618 Corn.

240 637 326 669 Bell.
343 638 417 670 Gal.
440 639 542 675 Mela,
568 638 702 668 Plinius
719 638 776 667 lib.
793 639 845 667 22.
862 647 936 676 cap.

238 690 292 718 11.
328 688 444 719 Solon.
456 699 531 729 cap.
545 691 597 719 35.
613 692 716 728 atque
733 687 809 717 hinc
826 687 938 717 dictos

238 743 393 770 autumat
428 739 569 770 doctiss.
595 738 798 769 Camdenus.
837 737 938 768 Brith

239 789 326 820 euim
344 790 484 831 antiqua
502 789 616 829 lingua
633 788 745 829 patria
763 788 937 829 depictum

238 844 272 870 et
304 841 489 871 coloratum
511 839 698 880 significat:
729 839 778 870 sic
817 839 936 879 Epigr.

239 893 291 921 99.
307 891 361 921 lib.
376 893 427 922 14.

282 946 301 973 2
328 941 738 982 C11⁷·Latioepectora,<}⁴c.]
777 941 936 972 Meliores

238 992 332 1023 libri:
361 993 462 1027 Quam
490 993 595 1022 Latio?
616 994 741 1032 pectora
759 991 866 1030 gentis
888 991 939 1021 Ιια-

238 1042 313 1072 bet!
359 1042 512 1072 Barbara
541 1042 678 1083 quidem
716 1041 840 1081 patria,
878 1041 939 1072 sed

238 1093 374 1132 ingenio
392 1093 557 1131 Romana,
581 1093 701 1133 inquit,
716 1097 768 1123 est
784 1092 939 1124 Claudia.

281 1145 300 1173 3
324 1143 507 1182 Romanam,
529 1142 598 1183 Sym]
634 1143 757 1183 Neque
778 1143 867 1173 enim
885 1153 939 1173 ce·

240 1193 289 1223 dit
305 1193 437 1224 Graecis
460 1194 601 1224 dominis
617 1199 676 1224 aut
696 1194 859 1224 matronis
874 1194 937 1224 La-

240 1244 332 1275 tinis.
378 1245 451 1275 Imo
469 1250 535 1275 tam
552 1245 688 1284 elegans
713 1249 766 1275 est
786 1244 940 1282 Claudia,

241 1300 277 1325 ut
295 1295 435 1325 Romani
453 1299 589 1334 possent
605 1293 748 1324 credere
770 1303 845 1325 esse
873 1295 937 1325 Lu-

240 1345 395 1382 cretiam,
412 1345 528 1376 Graeci
545 1345 726 1375 Helenam.

281 1399 299 1425 5
324 1395 370 1425 Di
387 1395 472 1431 bene,
487 1394 579 1434 quod]
618 1394 704 1424 Vide
731 1394 939 1426 Brissonium

240 1445 299 1476 lib.
327 1448 357 1476 1.
390 1446 501 1476 Form.
562 1445 675 1475 Sancto
711 1446 842 1485 peperit,
871 1447 941 1487 ἃμ]

240 1495 367 1526 Pione?
413 1495 466 1526 An
491 1494 677 1526 defuncto?
723 1496 879 1537 Namque
904 1502 940 1527 et

240 1545 395 1577 defuncti
412 1546 598 1576 Veteribus
613 1546 621 1561 ‘
635 1545 766 1576 sancti.'

282 1599 302 1627 6
329 1595 482 1635 Generos]
520 1595 678 1626 Filiabus.
727 1595 850 1635 Nurus]
885 1595 938 1626 Fi-

239 1647 303 1678 liis.

281 1701 300 1728 8
327 1698 469 1727 Gaudeat
487 1697 537 1727 illu
554 1696 667 1736 tribus]
703 1697 751 1727 L’t
763 1697 820 1737 jus
838 1697 938 1728 trium

239 1747 419 1778 liberorum
437 1747 572 1778 habeat.

281 1799 386 1830 Eme.
406 1808 478 1828 mv.
524 1799 656 1829 Zoilum
673 1798 852 1838 fugitivum
869 1809 937 1831 ser-

240 1860 317 1880 vum
334 1856 369 1880 et
387 1850 632 1889 sepulchralem
648 1849 756 1880 furem
773 1851 938 1890 exagitat.

284 1903 298 1930 l
330 1900 508 1939 Unguenta,
537 1903 567 1930 et
597 1900 710 1940 casias]
737 1901 822 1932 Quae
848 1902 937 1941 rogis

240 1949 359 1981 inferri
380 1951 490 1981 solent
507 1960 658 1989 munera,
673 1957 876 1992 quantaque,
891 1953 938 1983 vi-

241 2000 283 2031 de
301 2001 417 2041 Epigr.
430 2003 482 2031 97.
498 2001 557 2031 lib.
575 2004 625 2032 10.
645 2011 729 2031 vers.
747 2005 778 2033 2.

283 2054 302 2082 3
326 2051 439 2092 Stygio
472 2051 563 2090 lecto]
625 2052 764 2092 capulo,
799 2051 937 2083 feretro.

241 2102 391 2142 Rapuistz'
414 2102 572 2142 cinnama]
613 2102 721 2133 Notat
743 2103 776 2133 in
800 2103 938 2134 bustua-

239 2153 290 2183 rio
320 2151 396 2183 fure
425 2153 581 2183 servilem
605 2151 846 2190 conditionem,
871 2163 938 2184 non

240 2203 330 2234 enim
343 2203 406 2234 nisi
422 2203 502 2234 viles
516 2207 551 2234 et
567 2203 735 2234 inhonesti
755 2203 904 2235 homines
919 2214 938 2235 e

240 2263 321 2294 rogo
360 2254 536 2294 quippiam
574 2253 799 2294 diripuerunt.
854 2255 938 2286 Tum

239 2313 357 2341 graves
372 2304 451 2335 olim
468 2304 631 2335 extabant
653 2314 762 2344 poenae
786 2305 819 2334 in
840 2303 937 2335 effos-

241 2364 332 2386 sores
360 2355 626 2396 sepulchrorum,
654 2360 690 2387 et
713 2355 937 2396 τυμβορύχους,

242 2410 279 2436 ut
296 2406 410 2436 Graeci
427 2415 482 2436 eos
498 2407 684 2446 appellant.

274 2459 293 2486 5
316 2455 345 2486 Α
361 2456 486 2496 pedibus
500 2456 646 2496 didicere]
676 2455 789 2486 Pedes
801 2465 936 2496 compe-

242 2505 340 2536 dibus
355 2505 547 2536 subduxere
565 2515 613 2545 se,
636 2516 754 2537 manus
776 2511 853 2537 sunt
878 2516 935 2538 ex-

243 2556 390 2595 emplum
406 2556 529 2596 pedum
545 2560 680 2587 secutae.

288 2605 391 2637 Eme.
409 2614 466 2637 ω’.
494 2606 613 2637 Monet
626 2606 804 2647 Urbicum,
820 2612 858 2638 ut
875 2608 937 2639 Lu-

244 2664 324 2694 pum
339 2661 550 2696 captatorem
566 2656 721 2689 fallacem
734 2657 842 2690 fallat.

290 2708 304 2735 1
333 2706 587 2747 Hortaturfieri,
602 2708 669 2748 Era]
708 2709 804 2742 Quod
825 2711 936 2750 Lupus

696 188 834 219 No'i'AE
869 188 1088 218 VARIORU
1101 189 1130 218 M
1169 189 1218 217 IN

988 283 1193 314 tehortatur
1209 282 1324 313 liberis
1348 292 1484 322 operam
1502 283 1606 314 dare:
1632 285 1684 314 vel

985 332 1073 374 quod
1093 333 1207 373 Lupus
1224 333 1286 364 tibi
1306 340 1406 363 vovet
1424 333 1547 364 liberos
1574 343 1614 364 ex
1632 344 1691 364 ux-

985 393 1055 413 ore.

1029 437 1047 462 5
1073 433 1169 463 Dicat
1200 438 1427 473 proegnantem,
1457 433 1524 473 ἔγω]
1564 433 1687 473 Fingat

987 483 1086 514 modo
1104 493 1138 512 se
1155 485 1363 523 concepisse.

1030 537 1048 564 7
1072 534 1191 575 Amici]
1218 535 1316 574 Lupi,
1333 535 1389 576 qui
1405 535 1513 565 amice
1530 540 1565 566 et
1581 534 1690 566 fideli-

988 589 1041 616 ter
1058 585 1121 616 hoc
1138 586 1342 616 consuluisse
1362 587 1468 617 videri
1487 587 1570 617 vult.

1031 640 1050 667 S
1074 637 1127 667 Sic
1143 646 1270 674 morere,
1286 637 1354 677 Esca]
1379 638 1472 668 Nihil
1496 638 1544 668 ilii
1560 648 1602 668 ex
1621 642 1686 669 tes-

987 692 1140 718 tamento
1157 688 1317 728 relinque.

1030 738 1133 769 Epic.
1149 747 1219 769 11V1.
1257 739 1528 776 Chaeremonem,
1545 743 1687 769 mortem

989 798 1030 818 ex
1062 789 1230 819 sententia
1258 789 1449 819 Stoicorum
1471 794 1688 820 contemnen-

987 839 1064 870 dam
1080 839 1310 878 dictitantem,
1339 841 1501 880 sugillat3
1524 841 1689 871 ostendit-

989 901 1053 931 que
1084 900 1159 922 eum
1195 900 1258 921 non
1290 901 1333 921 ex
1365 892 1466 921 animi
1497 892 1690 922 constantia

988 943 1092 972 vitam
1123 942 1250 981 odisse,
1277 942 1336 973 sed
1361 942 1402 972 ob
1432 942 1688 973 mendicitatem

987 993 1098 1024 lucem
1126 992 1260 1032 fugere.
1305 992 1419 1023 Fortis
1456 992 1513 1022 ille
1537 996 1602 1030 est,
1631 993 1689 1032 qui

987 1042 1169 1083 προαιρέσει,
1184 1053 1249 1074 non
1266 1041 1384 1084 ἀνάγκῃ
1400 1043 1587 1074 contemnit
1603 1053 1688 1073 mor-

988 1099 1067 1124 tem.
1086 1095 1094 1110 ‘
1110 1094 1140 1125 O
1160 1094 1229 1124 vita
1245 1094 1368 1124 misero
1386 1092 1598 1133 longa‚felici
1614 1093 1689 1124 bre-

986 1143 1036 1174 vis
1051 1143 1072 1173 :²
1096 1144 1205 1184 inquit
1223 1143 1379 1174 Publius.
1402 1144 1487 1174 Rati.

1030 1196 1049 1223 3
1074 1193 1168 1223 Hanc
1181 1193 1239 1223 tihi
1255 1193 1417 1230 virtutem,
1432 1194 1498 1233 Sym]
1529 1194 1606 1225 Non
1626 1194 1689 1224 hoc

988 1242 1073 1273 facis
1101 1253 1143 1273 ex
1173 1243 1298 1274 virtute
1327 1249 1362 1274 et
1386 1242 1535 1281 fortiter,
1562 1244 1621 1274 sed
1644 1254 1687 1274 ex

987 1295 1101 1336 inopia
1118 1305 1229 1325 rerum
1247 1300 1282 1325 et
1298 1294 1588 1334 pusillanimitate.

1031 1349 1049 1376 5
1076 1346 1119 1376 Et
1134 1346 1245 1383 cimex,
1263 1344 1329 1385 Scau]
1363 1348 1372 1362 ⁴
1389 1346 1434 1376 Et
1451 1346 1550 1377 tritus
1566 1346 1687 1378 cimice

988 1397 1097 1427 lectus
1111 1396 1132 1427 :’
1156 1406 1260 1436 supra
1277 1397 1395 1436 Epigr.
1412 1399 1465 1427 33.

1031 1450 1050 1478 7
1076 1447 1105 1476 Ο
1121 1457 1223 1486 quam,
1240 1446 1308 1487 ἐγὼ]
1333 1447 1482 1478 Ironice.

1031 1501 1051 1528 9
1075 1498 1269 1538 Leuconicis]
1293 1498 1434 1529 Nobiles
1450 1499 1535 1529 lanae
1549 1497 1656 1537 fuere,
1670 1509 1688 1529 a

989 1549 1144 1579 candoris
1164 1548 1364 1588 praestantia
1387 1548 1433 1578 sic
1451 1548 1563 1579 dictae.
1610 1548 1690 1589 Alii,

988 1599 1180 1638 Lingonz‘ciS.
1226 1599 1316 1629 Vide
1338 1599 1455 1638 Epigr.
1474 1602 1547 1629 159.
1564 1599 1624 1629 lib.
1638 1602 1688 1631 14.

990 1649 1130 1687 Agedum
1145 1652 1274 1685 tumeat,
1288 1648 1355 1689 ἕψῃ]
1392 1649 1492 1681 Quod
1508 1650 1535 1680 si
1556 1650 1618 1680 tibi
1634 1660 1688 1681 res

988 1704 1190 1738 suppeteret
1207 1699 1318 1738 ampla
1331 1705 1365 1730 et
1381 1700 1483 1730 lauta.

1032 1751 1071 1779 10
1099 1749 1197 1780 Texta
1213 1749 1310 1789 toros]
1334 1749 1518 1790 Alii,pexa.
1539 1750 1686 1782 Turneb.

989 1798 1045 1829 lib.
1061 1802 1092 1829 5.
1109 1809 1184 1839 cap.
1199 1802 1230 1830 4.

1032 1852 1070 1879 13
1097 1850 1255 1890 Nestoris]
1273 1850 1393 1890 Epigr.
1410 1853 1460 1882 30.
1479 1850 1536 1881 lib.
1551 1854 1581 1881 9.
1598 1860 1646 1882 vs.
1657 1854 1688 1882 2.

1032 1903 1071 1930 16
1095 1901 1248 1937 Fortiter,
1276 1900 1342 1940 ἔγω]
1381 1901 1467 1931 Vide
1495 1901 1612 1942 Epigr.
1634 1904 1687 1933 30.

988 1949 1048 1981 lib.
1064 1953 1092 1981 1.
1110 1954 1146 1981 et
1162 1953 1213 1981 80.
1229 1950 1286 1981 lib.
1305 1954 1335 1982 2.

1031 2002 1133 2032 Epm.
1164 2010 1250 2032 Lvn.
1297 2001 1455 2032 Caussam
1480 2001 1603 2041 reddit,
1627 2011 1687 2032 cur

988 2052 1123 2092 poetam
1149 2051 1250 2082 donet
1266 2051 1435 2088 Carmine,
1460 2056 1609 2082 saturum
1626 2062 1687 2083 seu

987 2102 1128 2133 divitem
1158 2111 1288 2142 pauper
1312 2101 1454 2132 invitet:
1472 2102 1591 2131 videor
1606 2112 1687 2142 ergo

987 2152 1099 2192 ’γλαῦκ’
1123 2151 1164 2183 εἷς
1187 2151 1324 2191 Ἀθήνας,
1343 2152 1469 2192 lignum
1494 2152 1527 2183 in
1549 2155 1661 2192 sylvas
1680 2165 1689 2185 ι

989 2213 1090 2244 aquas
1107 2203 1139 2233 in
1157 2213 1246 2233 mare
1259 2201 1361 2233 ferre.

1032 2256 1047 2283 1
1074 2253 1220 2290 Miraris,
1234 2253 1304 2293 ‹ij-a]
1335 2253 1451 2294 Epigr.
1467 2255 1520 2284 27.
1537 2253 1595 2285 lib.
1611 2257 1643 2285 9.

1029 2307 1049 2334 2
1071 2304 1122 2334 Ad
1137 2314 1262 2341 coermm,
1283 2304 1352 2344 εγω]
1388 2304 1436 2334 Ut
1458 2304 1686 2336 Maecenatem

989 2353 1154 2385 Horatius
1165 2354 1241 2386 Ode
1255 2357 1307 2385 29.
1323 2354 1380 2385 lib.
1397 2358 1430 2385 2.

1028 2409 1048 2437 4
1075 2406 1191 2445 Thura,
1218 2405 1288 2445 Qu]
1325 2406 1441 2446 Cruda,
1462 2416 1504 2437 cx
1521 2411 1634 2437 mente
1649 2412 1684 2438 et

987 2455 1071 2486 Mss.
1086 2455 1248 2494 Gruteri3
1273 2460 1310 2487 ut
1327 2457 1336 2472 ‘
1351 2461 1433 2487 exta
1449 2456 1564 2488 cruda'
1581 2467 1685 2498 oppo-

987 2512 1110 2538 nantur
1133 2507 1323 2547 ambrosiae,
1344 2508 1353 2525 ‘
1370 2508 1578 2550 merumque'
1604 2519 1684 2541 nec-

986 2559 1061 2588 tari.
1105 2558 1228 2588 Omnia
1261 2560 1413 2590 Deorum
1449 2565 1540 2599 sunt,
1573 2560 1685 2601 inquit

985 2607 1139 2647 Seneca;
1169 2614 1281 2639 tamen
1319 2610 1395 2640 Diis
1425 2610 1595 2650 posuimus
1624 2609 1682 2639 do-

986 2667 1078 2696 num,
1094 2663 1129 2688 et
1145 2658 1266 2698 stipem
1276 2659 1442 2700 jecimus:
1466 2663 1498 2691 7.
1515 2661 1556 2690 de
1570 2660 1680 2690 Bene-

986 2707 1041 2742 fic.
1055 2708 1169 2750 capite
1185 2714 1215 2741 4.
