1866 3131
408 187 456 216 M.
491 187 599 217 VAL.
634 187 907 218 MAR'HAMS
946 189 1105 219 Epion.

143 284 214 310 est:
243 280 308 312 Ubi
323 281 429 312 tribus
446 282 510 313 illis
528 282 726 321 aui-eis‚110n
742 291 839 313 secus

143 341 182 361 ac
200 332 305 363 tribus
321 333 491 371 aetatibus,
514 334 609 374 quasi
629 334 756 364 Nestoi·
771 331 839 363 fac-

142 387 197 413 tus
226 382 331 421 fuero,
355 393 396 414 ne
423 384 588 414 dieculam
609 383 745 424 quidem
772 392 839 413 am-

144 433 230 472 plius
247 434 466 465 desiderarint
480 435 533 465 vel
551 440 640 464 voto.

188 484 289 514 Eric.
313 493 397 514 xxv.
443 484 516 515 Lib.
530 487 561 515 8.
579 484 696 524 Epigr.
712 486 763 514 30.
782 482 840 513 de-

143 534 277 573 scripsit
294 534 524 573 spectaculum
539 535 699 565 Scaevolae
716 534 747 563 in
768 543 838 563 are-

143 593 185 613 na
201 584 314 613 datum
331 595 339 621 ;
362 584 423 615 lioc
450 585 536 622 loco,
562 584 649 625 quod
667 583 839 614 ibilauda-

144 634 203 670 vit,
232 634 284 664 liic
309 635 439 672 clevat3
465 634 705 675 fortioremque
736 633 840 664 fuisse

145 683 302 723 affirmat,
321 685 348 715 si
365 685 544 725 imperanti
561 685 717 723 dixisset,
740 685 749 701 ⁴
763 685 840 715 Non

143 734 261 765 t'acioz’
285 741 353 766 tum
375 736 462 766 enim
485 745 550 766 uon
567 746 695 774 manus,
715 736 774 766 sed
791 740 841 765 to-

145 790 214 814 tum
243 795 363 825 corpus
379 785 499 816 fuisset
515 786 700 817 ustulatum
716 790 749 816 et
765 795 842 817 con·

143 841 339 867 crematum.
364 837 447 867 Rad.

189 888 201 914 1
231 887 390 917 Matutino
415 897 521 927 nuper,
546 887 613 927 effic]
639 888 742 918 Mane
760 897 843 928 pug-

144 935 270 966 nabant
301 938 451 967 damnati
482 947 558 967 cum
593 938 727 976 l›estiis;
767 943 845 978 post

144 986 319 1017 1n‹·ridiem
350 987 406 1028 qui
437 997 479 1017 ex
511 987 680 1018 bestiariis
708 998 843 1028 supere·

144 1042 231 1071 rant,
249 1038 336 1067 inter
359 1048 406 1069 se.
432 1039 521 1078 Lips.
541 1041 571 1069 3.
592 1040 730 1072 Saturn.
748 1050 777 1071 e.
796 1043 846 1071 15.

144 1087 266 1117 Souec.
306 1088 415 1128 Epist.
454 1091 485 1119 7.
537 1090 701 1128 Spectatus
736 1090 845 1130 arena]

145 1136 233 1166 vide
270 1137 333 1168 hoc
371 1139 616 1178 spectaculum,
645 1139 762 1179 Epigr.
795 1143 846 1170 30.

146 1185 204 1216 lib.
221 1190 252 1217 8.

186 1239 205 1267 4
244 1237 457 1277 Abderitanae,
496 1239 565 1278 Qu]
610 1240 760 1270 Stolidus
797 1250 845 1279 es,

142 1289 151 1305 ‘
169 1289 360 1319 Vervecum
388 1289 422 1319 in
446 1290 559 1330 patria
583 1299 764 1331 crassoque
782 1291 845 1321 sub

146 1338 225 1369 a'ere
241 1338 360 1377 natus,’
395 1344 433 1370 ut
457 1340 505 1371 ait
523 1341 682 1372 Juvenal.
705 1342 774 1373 Sat.
794 1344 844 1373 10.

144 1399 232 1420 vers.
249 1393 300 1421 52.
318 1390 359 1420 ad
374 1400 471 1431 quem
490 1391 567 1422 vide
582 1402 656 1432 quae
674 1401 745 1422 nos.

187 1444 205 1470 5
235 1440 316 1470 Num
341 1450 410 1471 cum
435 1441 567 1480 dicatur,
591 1441 659 1481 ssa]
697 1442 796 1479 Nam,
818 1442 845 1472 si

147 1491 307 1522 damnato
337 1491 413 1522 huic
448 1492 587 1522 daretur
615 1493 779 1532 conditio,
811 1498 847 1524 ut

147 1541 425 1582 repraesentando
457 1542 564 1573 Mucii
587 1552 721 1573 manum
748 1552 847 1574 exus-

150 1598 217 1623 tam
231 1592 289 1633 (de
306 1603 371 1634 quo
386 1593 503 1633 Epigr.
517 1596 570 1623 22.
582 1593 639 1623 lib.
658 1596 688 1624 1.
702 1594 803 1625 etlib.
817 1597 848 1626 8.

150 1643 268 1684 Epigr.
284 1643 354 1684 30.)
377 1643 563 1674 redimeret
579 1644 779 1684 supplicium
799 1647 849 1674 tu-

150 1695 234 1724 nica:
263 1694 429 1733 molestae,
456 1693 488 1723 iu
520 1703 584 1734 qua
614 1693 703 1733 pice,
730 1693 851 1738 resina,

151 1744 328 1782 bitumine,
344 1743 545 1784 caeterisque
573 1743 696 1783 ignium
715 1743 850 1774 alimen-

152 1796 193 1826 tis
208 1796 295 1826 illita
320 1795 505 1825 ardendum
523 1795 569 1825 illi
584 1795 716 1826 fuerat:
743 1796 851 1826 minus

150 1845 285 1876 fortiter
302 1844 384 1875 facit
400 1845 534 1886 (saltem
547 1845 710 1876 audacter
728 1844 852 1886 minus)

153 1901 264 1936 parte,
300 1905 399 1936 quam
436 1899 509 1925 toto
544 1903 684 1934 corpore
723 1901 851 1926 exusto.

152 1947 293 1986 Majoris
311 1954 391 1986 ergo
415 1949 466 1975 est
488 1944 701 1975 fortitudinis
724 1946 852 1985 dicere,

152 1998 254 2037 Nolo,
290 2006 389 2038 quam
415 2004 513 2026 urere
544 1995 711 2026 dextram.
773 1996 851 2026 Uris

151 2047 238 2078 enim
253 2056 399 2086 manum,
414 2055 456 2076 ne
479 2050 570 2077 totus
588 2045 704 2076 vivens
722 2046 853 2077 videns-

153 2108 217 2139 que
234 2096 451 2129 comburaris.

197 2149 422 2178 Emtaxxvr.
454 2144 569 2176 Deflet
596 2150 738 2176 mortem
768 2146 852 2177 Vari

155 2196 359 2228 centurionis
376 2196 408 2225 in
426 2195 575 2236 AEgypto
591 2194 753 2227 defuncti.

200 2251 217 2281 1
247 2247 340 2285 Vure,
359 2246 565 2284 1’aroetonias,
585 2245 652 2285 Sym]
675 2246 778 2285 Varo,
796 2246 854 2287 qui

156 2296 255 2328 modo
273 2296 305 2326 in
322 2295 469 2336 AEgypto
481 2295 727 2336 (Paraetonium
741 2301 853 2327 autem

158 2347 298 2387 Aigypti
323 2345 415 2386 urbs)
432 2345 564 2384 gessisti
590 2346 686 2376 Rom.
705 2346 854 2376 tribuna-

159 2403 253 2428 tum:
277 2395 372 2436 cujus
404 2395 532 2435 insigne
560 2401 608 2425 est
636 2396 724 2431 vitis,
754 2407 852 2436 quam

160 2447 316 2490 gestabat
332 2446 486 2477 tribunus
503 2445 544 2477 ad
563 2446 776 2487 castigandos
797 2448 854 2478 mi-

159 2500 247 2530 lites.

202 2553 221 2580 2
249 2549 389 2588 Centum,
403 2547 471 2587 δῖα]
511 2547 685 2579 Centurio.
724 2549 855 2579 Romuli

160 2602 328 2639 instituto,
343 2599 441 2639 legio,
454 2609 529 2640 quae
545 2601 721 2631 constabat
739 2604 767 2632 3.
785 2602 858 2632 mil-

159 2654 262 2693 libus,
277 2650 457 2681 distributa
481 2654 533 2680 est
555 2650 587 2680 in
605 2652 656 2681 30.
673 2653 857 2691 centurias,

161 2704 281 2745 quibus
297 2701 435 2740 singulis
452 2700 574 2739 singuli
592 2707 760 2740 praecraut
780 2711 856 2733 ceu-

163 2755 329 2790 tutionem
358 2756 477 2791 postea
508 2756 618 2781 tamon
646 2757 774 2782 imitato
800 2762 857 2781 1111-

248 2807 357 2847 Dclph.
376 2809 405 2835 et
424 2805 495 2835 Vm‘.
512 2805 592 2833 Clas.

829 2806 912 2836 Mart
919 2807 969 2836 iric.

1140 190 1234 220 Llss.
1268 191 1319 222 x.
1482 181 1592 224 1361

889 291 981 312 mero
1002 282 1157 323 militum,
1174 284 1434 324 manipulorum,
1450 289 1484 315 et
1509 295 1585 316 ceu-

891 332 1053 362 turiarum
1091 334 1123 363 in
1155 335 1301 373 legione,
1337 339 1390 366 (50.
1421 335 1584 367 militibus

891 387 1039 421 praeerat
1054 385 1222 422 centurio,
1237 386 1292 425 qui
1312 386 1467 425 primitus
1487 388 1559 417 100.

932 435 950 462 3
976 434 1112 464 Ausonio
1136 436 1283 475 Quirino]
1308 437 1424 467 Romae
1455 437 1488 467 in
1518 437 1589 468 Ita-

889 483 946 521 lia,
970 493 1069 524 quam
1094 486 1249 515 condidit
1270 487 1441 525 Quirinus,
1465 486 1499 517 id
1523 493 1590 525 est,

891 534 1072 565 Romulus:
1090 535 1156 571 vel,
1171 535 1326 566 Romanis
1342 536 1467 567 frustra
1480 546 1588 577 prom.

891 584 1040 624 Frustra]
1065 585 1221 626 Namque
1242 592 1393 618 mortuus
1416 597 1451 618 es
1476 589 1509 619 in
1533 587 1587 618 ΙΕ-

891 641 1007 675 gypto.
1054 635 1224 675 Promissa]
1261 636 1386 666 Umbra
1416 647 1523 676 prom.
1555 638 1589 668 id

892 692 956 725 est,
985 691 1021 717 tu
1049 687 1265 726 promiseras,
1292 696 1351 718 nos
1383 689 1590 728 expectaba-

892 746 963 767 mus
981 737 1138 770 reditum.

933 789 948 811 ι·
978 787 1129 827 Hospita]
1152 788 1341 828 Peregrina
1362 792 1398 819 et
1418 790 1497 819 exul
1519 799 1591 820 um-

893 837 966 868 bra.
995 838 1105 876 Lagaei
1121 838 1237 877 litoris]
1262 838 1414 879 AEgyptii
1429 850 1437 870 ι
1455 840 1591 880 aLago,

896 892 992 928 patre
1010 889 1189 919 Ptolomaei
1207 889 1344 919 Maced.

938 942 955 969 5
980 939 1138 978 ›S'p‘irg-ere
1152 950 1209 970 uon
1226 940 1324 978 licuit,
1339 938 1408 979 tra]
1432 941 1488 972 Sic
1509 940 1590 981 Epi-

896 998 1034 1029 gramm.
1049 993 1101 1020 85.
1120 989 1178 1021 lii).
1195 993 1225 1020 6.
1240 1000 1327 1021 vers.
1346 995 1395 1022 12.

939 1043 958 1069 8
983 1039 1195 1078 1³ullumNiIe,
1214 1041 1282 1080 Sym]
1329 1041 1488 1081 AEgypte,
1516 1050 1592 1081 quae

897 1090 1045 1129 negabas
1061 1091 1152 1120 Varo
1178 1091 1336 1127 reditum,
1359 1092 1438 1121 milii
1463 1091 1592 1122 funeris

898 1149 1022 1170 curam.
1048 1141 1185 1170 Farmtb.
1222 1141 1298 1171 Non
1311 1142 1447 1181 negabit
1461 1142 1594 1181 saltem,

898 1199 960 1220 nec
977 1194 1102 1229 potest,
1117 1201 1183 1230 quo
1200 1192 1308 1221 minus
1324 1196 1453 1222 aeterno
1470 1197 1504 1222 te
1521 1201 1594 1223 car-

898 1239 985 1269 mine
1003 1239 1112 1271 sseam.
1146 1241 1190 1271 Et
1207 1250 1324 1271 munus
1341 1241 1402 1272 hoc
1419 1242 1486 1272 erit
1499 1241 1595 1273 nobi-

897 1291 958 1320 lius
985 1291 1135 1331 larymis,
1162 1292 1243 1332 quia
1270 1297 1415 1323 aeternas
1440 1293 1595 1324 continet

896 1340 1063 1380 lacrymas
1080 1341 1299 1380 lacrymabile
1316 1343 1377 1372 hoc
1395 1351 1543 1374 carmen.

941 1392 1045 1422 EPIG.
1064 1400 1180 1422 xxvu.
1196 1391 1382 1423 Diodorum
1400 1397 1458 1423 aut
1475 1392 1596 1424 obscu-

898 1451 969 1472 rum
998 1446 1057 1472 aut
1085 1442 1235 1482 spurium
1266 1442 1372 1480 ‹licit3
1397 1443 1454 1483 qui
1482 1447 1597 1474 tamen

898 1498 972 1523 arte
983 1502 1043 1522 sua
1057 1492 1097 1522 ad
1112 1502 1249 1532 magnas
1264 1502 1345 1532 opes
1361 1498 1512 1531 venerat,
1526 1503 1599 1534 gra-

900 1547 953 1574 tus
971 1543 1136 1583 quondam
1155 1543 1376 1582 Vespasiano.
1418 1543 1534 1574 Radcr.

924 1596 943 1623 2
970 1593 1238 1632 Ιίιινῑιετιοιι,ῖγε.]
1266 1592 1345 1623 Non
1360 1603 1468 1632 rarus,
1483 1594 1517 1624 id
1531 1597 1597 1632 est,

900 1643 1070 1684 frequens.

944 1697 962 1724 3
990 1694 1131 1724 'I'ricenos
1152 1693 1301 1733 largitur,
1323 1693 1390 1733 Bra]
1414 1694 1598 1735 Triplicem

902 1745 1103 1784 sportulam.

944 1797 964 1824 4
989 1794 1088 1824 Nemo
1115 1797 1229 1832 tamen,
1258 1793 1328 1833 ssa]
1362 1794 1439 1824 Hoc
1470 1793 1601 1826 faciunt

903 1844 1016 1874 allecti
1045 1848 1104 1874 tua
1131 1844 1296 1884 sportula,
1321 1845 1373 1875 vel
1397 1844 1428 1874 in
1454 1846 1598 1883 gratiam

902 1894 1136 1934 Imperatoris,
1157 1894 1211 1924 cui
1234 1898 1270 1924 tu
1291 1899 1420 1934 gratus,
1439 1898 1476 1925 ut
1499 1904 1603 1935 quou-

903 1945 978 1975 dam
995 1945 1224 1984 Vespasiano:
1249 1954 1346 1975 nemo
1361 1949 1473 1975 tamen
1485 1954 1601 1976 eorum

903 2000 955 2027 est
973 1996 1027 2036 qui
1044 2006 1109 2026 non
1122 2000 1155 2027 te
1171 2006 1231 2036 pro
1247 1996 1384 2036 ignobili
1396 1996 1528 2033 habeat.
1543 1996 1601 2027 ob-

904 2057 1013 2083 scuro,
1026 2052 1194 2088 terraeque
1207 2046 1286 2079 filio.
1319 2047 1451 2078 Seneca
1464 2047 1495 2077 in
1510 2047 1604 2088 Apo·

903 2098 1164 2138 colocyintliosi:
1189 2099 1197 2114 ‘
1213 2098 1323 2129 Nemo
1336 2099 1424 2128 enim
1439 2099 1529 2129 illum
1541 2108 1601 2129 un-

903 2159 1002 2190 quam
1020 2154 1132 2178 natum
1151 2148 1307 2187 putavit.'

947 2201 1054 2230 Eme.
1082 2207 1218 2229 xxvni.
1250 2198 1381 2229 Laudat
1411 2198 1536 2230 Janum
1567 2202 1603 2229 et

904 2250 1012 2280 forum
1051 2248 1282 2279 transitorium
1323 2249 1471 2285 Nervam
1523 2248 1602 2280 Jani

905 2300 992 2330 euim
1019 2300 1180 2338 templum
1209 2303 1353 2337 quatuor
1378 2303 1552 2338 portarum
1568 2299 1602 2330 in

907 2350 1104 2380 transitorio
1121 2347 1193 2378 foro
1219 2347 1320 2379 fuisse
1344 2348 1478 2378 Servius
1495 2352 1606 2379 osteu-

906 2401 967 2435 dit,
984 2404 1017 2430 et
1036 2399 1113 2431 Jani
1136 2400 1213 2429 olim
1238 2399 1468 2428 'ri-ausitiones
1491 2398 1603 2437 dicta»,

906 2450 993 2490 quod
1011 2450 1135 2489 passim
1154 2449 1408 2479 transcuntibus
1434 2453 1604 2489 paterent.

908 2503 988 2532 [tad.

948 2554 968 2581 2
993 2550 1121 2580 Publica
1143 2558 1240 2587 quem,
1261 2548 1331 2588 affra]
1376 2549 1547 2588 Epigram.
1574 2552 1606 2581 2.

907 2611 995 2631 vers.
1016 2603 1045 2631 l.
1074 2606 1106 2629 et
1137 2598 1254 2638 Epigr.
1277 2601 1308 2629 8.
1326 2608 1411 2629 vers.
1439 2603 1465 2629 1.
1492 2599 1550 2629 lib.
1574 2603 1605 2630 8.

909 2653 963 2682 Sic
991 2650 1093 2680 Ovid.
1117 2652 1146 2680 1.
1172 2650 1264 2680 Fast.
1310 2651 1318 2664 ‘
1337 2649 1395 2680 Me
1422 2659 1526 2690 penes
1552 2655 1605 2682 est

909 2712 1009 2732 unum
1036 2700 1119 2731 vasti
1147 2699 1301 2730 custodia
1326 2700 1453 2737 muudi,
1480 2701 1525 2731 Et
1548 2701 1605 2740 jus

910 2751 1064 2782 vertendi
1097 2750 1244 2781 cardinis
1272 2760 1368 2780 omne
1397 2760 1507 2781 meum
1532 2750 1607 2781 est.'

1452 2805 1523 2834 4R
