1866 3131
435 209 481 237 M.
517 209 627 237 VAL.
663 208 933 247 MAss'rlAfflS
970 209 1129 238 EPiGR.
1165 210 1257 239 LlB.
1291 210 1361 239 111.

189 301 241 332 Ad
259 310 388 331 coeuam
413 301 555 341 justam,
584 302 670 331 unde
697 300 758 332 tibi
785 301 876 331 nulla

188 353 346 391 pecunia,
360 357 398 382 ut
415 352 447 382 in
463 352 636 392 sportuliS.

228 406 247 433 2
273 403 356 438 Quia
386 403 502 443 Romoe,
526 403 592 442 Era]
614 402 683 432 Cur
708 410 773 431 non
800 401 876 432 hinc

186 453 328 492 migras?
354 453 437 483 Cum
455 457 490 483 tu
515 455 640 491 praeter
661 450 772 481 cibum
796 450 877 480 nihil

186 502 341 542 pecuniae
368 502 530 542 accipias,
549 500 638 531 unde
661 500 765 530 vivis?
787 499 876 530 unde

186 558 311 584 vestem
351 561 524 592 comparas
548 552 558 580 ?
614 550 705 581 uude
746 554 875 581 tectum

184 603 305 633 solvis?
339 603 402 633 hoc
426 602 514 633 enim
532 606 584 632 est
601 601 747 641 pretium
776 600 872 631 cellae.

188 653 304 684 fuscae.

226 706 243 733 3
271 704 375 735 Fuscoe
401 703 506 743 pensio
531 702 632 743 celloe]
666 701 875 742 Gurgustioli

183 751 303 783 fumosi
319 763 378 784 seu
395 754 598 784 tenebricosi
611 753 786 789 obventus,
802 751 875 783 ἐνοί-

183 814 258 841 κιον,
274 807 356 843 rent,
372 813 431 835 seu
448 806 595 844 pretium
613 813 732 835 annuae
749 803 877 834 liabita-

182 854 296 885 tionis.

225 907 244 935 4
270 904 452 944 Quam-ans]
476 905 552 937 Quo
578 903 688 945 pretio
715 904 877 935 tenuioris

182 954 385 985 conditionis
402 955 551 985 homines
566 955 749 993 lavabant3
774 958 783 972 ‘
797 955 875 985 dum

182 1009 216 1033 tu
235 1004 421 1044 quadrante
437 1004 608 1044 lavatum‚’
624 1006 687 1035 dec.
712 1005 874 1036 Horat-3.

178 1052 250 1084 Sat.
265 1056 294 1084 1.
309 1054 367 1083 lib.
398 1054 487 1084 Unde
499 1055 549 1084 vir
562 1065 594 1085 es
607 1055 753 1095 Chiones]
777 1056 875 1087 Unde

179 1105 282 1135 habes
313 1104 402 1145 quod
430 1107 603 1137 meretrici
633 1107 770 1137 solvas?
814 1108 875 1138 Vir

179 1155 266 1185 enim
297 1155 419 1196 aliquis
457 1156 603 1193 mulieri,
639 1157 739 1187 etiam
777 1163 876 1188 extra

178 1206 327 1246 nuptias.
362 1205 450 1236 Vide
481 1206 625 1237 Gruteri
655 1207 874 1247 suspiciones.

181 1256 312 1296 Chione]
324 1256 432 1297 Lupa,
442 1265 502 1286 seu
516 1256 753 1297 prostibulum,
765 1267 874 1299 quaes-

179 1311 249 1337 tum
265 1316 284 1336 a
299 1316 443 1347 corpore
459 1316 627 1348 quaerens.

218 1361 236 1387 5
265 1357 343 1388 Cum
358 1358 491 1397 ratione,
516 1358 585 1398 Esca]
618 1358 692 1389 Etsi
718 1363 751 1389 te
779 1359 873 1391 dicas

178 1407 294 1438 vivere
310 1407 493 1449 frugaliter
509 1414 544 1440 et
568 1419 609 1440 ex
628 1410 721 1450 justa
735 1419 872 1451 compn-

178 1458 320 1498 tatione,
335 1468 399 1490 non
417 1464 529 1490 tamen
544 1459 643 1490 video
660 1470 794 1491 causam
811 1471 873 1492 cur

177 1508 209 1538 in
236 1509 341 1539 Roma
367 1510 421 1540 vel
444 1510 547 1540 etiam
574 1509 607 1540 in
637 1510 708 1541 vita
736 1520 872 1543 manere

179 1559 275 1597 velis,
301 1559 355 1590 cui
384 1569 451 1590 non
476 1560 631 1600 suppetit
655 1560 744 1590 unde
769 1561 873 1593 vivas.

178 1609 350 1650 Luditque
382 1610 416 1640 in
442 1610 590 1650 dialogia
616 1611 671 1640 τοῦ
697 1611 874 1644 ‘ratione.’

177 1659 275 1689 Prius
298 1659 387 1690 enim
411 1658 643 1699 frugalitatem
661 1664 696 1690 et
718 1660 872 1692 modera-

178 1709 303 1739 tionem
319 1720 327 1747 ;
345 1710 526 1749 posterius,
538 1714 698 1750 mentem,
710 1720 873 1750 caussam,

169 1761 682 1802 jadiciuni‚intelligentiamque
694 1761 874 1802 significat.

219 1812 439 1843 Epiaxxxr.
463 1813 513 1842 Ad
538 1811 700 1852 Rufinum]
723 1813 873 1843 (Jouatur

176 1863 358 1902 reprimere
376 1861 546 1893 Ruffinum
564 1862 607 1892 ob
623 1861 759 1892 divitias
774 1862 872 1892 nimis

175 1913 442 1953 superbientem,
456 1922 536 1954 quas
550 1912 646 1952 dicit,
659 1913 786 1953 amplas
799 1913 872 1954 qui·

175 1963 251 1993 dem
268 1973 353 2003 esse,
367 1963 426 1994 sed
445 1973 510 1994 non
527 1962 691 1994 accedere
709 1963 751 1994 ad
770 1963 870 1994 liber-

174 2013 320 2044 tinorum
338 2023 441 2054 opes:
466 2023 532 2054 qno
555 2013 650 2044 simul
667 2013 737 2053 ejus
752 2017 871 2054 arguat

175 2065 366 2104 stultitiam,
393 2064 450 2106 qui
466 2074 507 2095 ea
523 2074 558 2095 re
576 2064 754 2105 glorietur,
771 2074 869 2106 quam

173 2118 280 2147 multo
314 2117 420 2157 magis
459 2116 681 2157 abjectissimi
716 2116 869 2148 homines

174 2172 272 2197 erant
285 2167 472 2198 consecuti.
498 2167 655 2198 Ramires.

216 2220 235 2247 2
270 2217 446 2257 Urbanique
470 2218 591 2258 tenent]
628 2218 784 2258 Utraque
809 2227 867 2248 ex-

176 2267 316 2307 plicatio
341 2267 568 2307 interpretum
593 2267 656 2309 (Et
672 2268 717 2298 dii
734 2268 782 2299 tui
809 2278 868 2308 pe-

174 2322 270 2348 nates
286 2317 318 2347 in
337 2317 420 2347 urbe
442 2323 611 2357 occupant
636 2322 767 2348 tantum
795 2319 869 2358 soli,

173 2372 335 2408 quantum
363 2371 454 2397 esset
481 2367 594 2398 multis
610 2367 789 2407 domibus3
820 2373 868 2408 et,

174 2418 300 2448 Domus
318 2421 383 2447 tnae
398 2416 548 2456 urbanae,
575 2428 654 2458 quas
671 2419 793 2448 multas
809 2419 866 2448 lia-

175 2467 246 2506 bes,
270 2466 396 2497 liabent
423 2466 562 2506 singulae,
593 2467 723 2507 praedia
747 2468 864 2498 subur·

175 2516 278 2557 bana)
301 2526 412 2557 nugax
430 2522 494 2547 est.
531 2517 608 2547 Non
631 2518 789 2549 viderunt
806 2518 865 2558 hy-

172 2570 326 2610 pallagen
343 2578 417 2599 esse
432 2579 440 2599 :
463 2568 471 2584 ‘
486 2568 613 2600 Urbani
630 2569 732 2600 Lares
745 2574 866 2601 tenent

171 2620 278 2650 multa
307 2617 459 2660 praedia,’
492 2628 552 2660 pro
589 2628 642 2657 eo,
679 2619 767 2660 quod
800 2625 864 2658 est,

171 2669 268 2700 multi
287 2670 389 2699 Lares
404 2668 467 2699 tibi
484 2673 601 2699 tenent
627 2669 755 2700 urbana
779 2679 864 2709 prae-

171 2718 569 2759 dia,Jurisconsultorum
582 2718 863 2760 lingualoquitur.

173 2770 288 2802 Habes
305 2773 340 2801 et
357 2769 462 2800 multa
485 2769 494 2785 ‘
507 2768 637 2809 praedia
652 2768 805 2809 1·ustica,'
829 2768 863 2799 id

1507 201 1618 241 1173

929 305 993 339 est,
1007 311 1116 341 agros,
1133 308 1166 333 et
1182 305 1190 319 ⁴
1202 302 1356 343 urbana,'
1373 302 1404 334 id
1417 303 1621 343 est,domos,

928 352 1082 384 aedificia.
1108 354 1291 386 Gronovius.
1327 355 1462 395 Urbani]
1495 357 1540 387 Et
1561 357 1623 388 Dii

927 402 977 432 tui
1015 408 1154 443 penates
1185 404 1218 434 in
1246 405 1329 437 urbe
1359 411 1531 446 occupant
1561 407 1621 438 soli

929 457 1089 491 quantum
1106 458 1197 484 esset
1223 455 1337 485 multis
1354 455 1507 487 domibus
1522 467 1531 496 3
1557 459 1624 497 vel,

927 501 1044 532 domus
1060 509 1125 533 tuae
1154 503 1304 544 urbanae,
1322 515 1404 546 quas
1429 507 1550 538 multas
1566 507 1622 537 lia-

926 551 999 591 bes,
1014 553 1142 584 habent
1157 553 1298 593 singulae
1317 555 1446 594 praedia
1470 566 1529 588 sua
1545 557 1621 588 sub-

927 602 1067 634 urbana.
1111 604 1248 634 Etenim
1276 605 1383 634 solum
1410 610 1444 636 et
1479 607 1623 647 superti—

926 652 994 683 cies
1016 653 1163 693 junctim
1200 654 1365 694 praedium
1396 655 1523 687 dicitur
1550 658 1622 697 ple-

925 712 1090 744 rumque:
1128 703 1186 734 sed
1214 704 1351 744 proprie
1382 705 1546 744 praedium
1571 712 1623 738 est

926 754 1030 784 solum
1042 753 1150 794 ipsum
1164 764 1172 792 ;
1189 754 1288 795 idque
1303 754 1330 784 si
1347 754 1429 793 ruri,
1441 755 1600 787 rusticum
1615 768 1625 796 ;

927 803 955 833 si
981 804 1013 833 in
1036 803 1131 843 urbe,
1155 804 1329 835 urbanum.
1372 804 1525 836 Junctim
1541 816 1621 838 vero

928 854 1030 884 etiam
1048 855 1117 885 ruri
1139 855 1302 886 urbanum
1334 865 1408 886 esse
1436 862 1564 897 potest,
1589 863 1624 889 et

926 903 960 933 in
977 904 1060 934 urbe
1078 905 1250 935 rusticum.
1273 905 1416 936 Brisson.
1466 938 1469 943 ,

969 958 988 985 3
1012 955 1116 986 Sercit
1131 956 1287 995 Dominae,
1308 955 1378 996 Era]
1404 956 1535 987 Multos
1560 957 1622 989 tibi

926 1005 1093 1036 obaeratos
1116 1006 1221 1037 habes
1238 1012 1274 1037 et
1289 1005 1487 1038 foeneratos.
1511 1007 1623 1039 Domi-

925 1056 988 1096 noe]
1020 1057 1196 1097 Pecuniae,
1219 1067 1294 1099 quae
1319 1057 1454 1090 domina
1479 1064 1545 1098 est,
1568 1060 1623 1091 cui

925 1108 1076 1139 serviunt
1091 1109 1213 1139 omnia.

966 1160 986 1188 4
1010 1159 1114 1189 Aurea
1126 1169 1229 1189 mensa
1244 1158 1350 1199 dapes]
1372 1159 1547 1200 hamata,
1563 1171 1620 1193 au-

925 1217 1016 1239 ream
1032 1208 1157 1239 habens
1171 1218 1339 1249 coronam,
1355 1210 1408 1240 vel
1423 1219 1535 1241 aurea.

967 1262 988 1290 6
1014 1260 1088 1290 Plus
1103 1259 1222 1300 habuit,
1246 1259 1315 1301 &cd
1352 1261 1455 1291 Malis
1481 1261 1618 1302 quidem

925 1309 1053 1340 artibus
1079 1311 1186 1340 multa
1215 1315 1336 1341 nactus
1360 1320 1409 1350 es,
1434 1311 1494 1342 sed
1522 1312 1620 1351 plura

923 1360 1089 1401 Didymus
1104 1361 1220 1401 spado,
1231 1365 1266 1392 et
1278 1361 1486 1392 Philomelus
1496 1362 1618 1403 (quan-

925 1416 993 1442 tum
1019 1421 1060 1442 ex
1077 1411 1157 1442 ficto
1177 1412 1310 1442 nomine
1335 1412 1416 1443 licet
1431 1412 1618 1454 conjicere)

923 1461 1142 1502 citharoedus,
1167 1462 1225 1503 qui
1250 1466 1284 1493 et
1310 1467 1343 1493 te
1367 1461 1520 1494 fastidire
1543 1473 1619 1504 pos-

922 1511 1002 1543 sint.

965 1563 1068 1594 Eme.
1085 1571 1209 1594 xxxii.
1241 1565 1257 1593 1
1287 1563 1370 1594 Num
1388 1573 1512 1603 possum
1533 1568 1618 1594 vetu-

922 1613 996 1651 lam⁷
1010 1613 1077 1653 5⁴⁶²]
1100 1614 1291 1645 Convitium
1304 1621 1355 1644 est
1371 1615 1405 1644 in
1418 1615 1616 1646 Mati-iniam

924 1664 1084 1702 vetulam,
1108 1674 1182 1705 quae
1199 1664 1419 1704 querebatur,
1442 1665 1532 1704 quod
1549 1665 1617 1695 Po-

923 1711 981 1743 'e'ta
1004 1722 1069 1743 non
1095 1715 1203 1743 virum
1220 1713 1348 1753 egisset
1363 1723 1438 1744 cum
1463 1723 1516 1745 ea.
1550 1715 1616 1745 Ex-

923 1769 1017 1793 cusat
1034 1763 1096 1794 hoc
1111 1773 1212 1804 quum
1230 1763 1321 1794 dicat
1341 1773 1416 1794 eam
1430 1773 1496 1795 non
1522 1769 1617 1794 vetu-

922 1814 1001 1852 lam,
1015 1813 1073 1844 sed
1083 1814 1153 1853 jam
1170 1819 1350 1845 mortuam.
1374 1814 1497 1844 Ramir.
1545 1814 1616 1843 He-

922 1864 1035 1894 raldus
1062 1862 1241 1903 legendum
1266 1869 1398 1904 censet,
1424 1864 1477 1896 An
1498 1864 1616 1905 possim

919 1914 1065 1953 vetulam,
1077 1915 1190 1954 quaerz's
1200 1915 1367 1946 Matrinia.
1389 1915 1480 1946 Nota
1495 1913 1616 1956 φράσιν,

920 1963 1016 1994 Posse
1031 1965 1176 1995 vetulam.
1200 1965 1312 1996 Multa
1322 1965 1410 1996 enim
1423 1965 1615 1996 reticebant

919 2012 952 2044 in
970 2013 1071 2044 rebus
1093 2014 1313 2054 turpioribus.
1334 2015 1438 2055 unde,
1465 2016 1473 2032 ‘
1487 2021 1615 2047 caetera

919 2063 992 2104 quis
1006 2064 1154 2095 nescit?’
1171 2069 1206 2096 et
1218 2065 1362 2097 similia:
1380 2066 1434 2097 Sic
1449 2066 1611 2097 Plautus:

920 2114 1025 2146 ‘Quae
1043 2123 1118 2144 cum
1141 2114 1220 2145 viris
1242 2115 1308 2146 suis
1335 2116 1526 2156 praedicant
1551 2126 1613 2147 nos

919 2164 1052 2195 solere!
1096 2165 1141 2195 Et
1157 2166 1289 2195 συνεῖναι
1320 2165 1466 2206 Graecis;
1507 2167 1611 2197 ‘Esse

918 2224 993 2245 cum
1006 2214 1168 2254 muliere,’
1184 2215 1323 2247 Latinis.
1339 2216 1349 2233 ‘
1364 2216 1614 2248 Consuescere'

918 2265 1018 2296 etiam
1041 2264 1261 2305 frequentem
1292 2267 1443 2297 κοινωνεῖν
1466 2267 1612 2307 Graecis,

918 2325 975 2347 sen
991 2314 1121 2354 ὀχεύειν.
1138 2315 1227 2346 infra
1243 2325 1298 2356 ep.
1310 2319 1365 2347 75.

958 2368 977 2396 3
1001 2365 1064 2396 Sed
1079 2364 1122 2404 si]
1154 2365 1260 2395 Modo
1285 2375 1352 2396 non
1375 2366 1533 2397 exuerint
1548 2366 1610 2398 foe-

917 2416 1022 2446 minas
1051 2416 1106 2457 (ut
1123 2416 1224 2446 estin
1245 2414 1365 2446 fabulis
1391 2416 1496 2457 notis)
1518 2418 1609 2459 quod

916 2472 953 2498 tu
965 2466 1089 2504 fecisti,
1104 2466 1277 2505 canisjam
1295 2470 1329 2496 et
1343 2475 1474 2497 saxum.

958 2517 1061 2548 EP1G.
1071 2524 1206 2547 xxxni.
1230 2516 1360 2550 Qualem
1371 2517 1505 2557 puellam
1518 2518 1609 2559 velit]

916 2568 1084 2599 Ancillam
1110 2567 1257 2606 ingenua
1282 2566 1372 2599 facie
1390 2577 1425 2599 se
1443 2568 1608 2609 praeferre

915 2618 1048 2649 caeteris
1060 2617 1213 2648 omnibns
1228 2616 1324 2649 dicit.

958 2671 974 2699 1
1000 2669 1170 2708 Ingenuam
1196 2669 1286 2708 malo,
1308 2668 1376 2708 δῖα]
1421 2669 1500 2700 Non
1531 2680 1607 2702 amo

914 2728 1029 2759 genus,
1041 2718 1280 2759 conditionem,
1293 2723 1329 2750 et
1344 2719 1510 2760 ejusmodi
1528 2721 1608 2761 pha-

913 2768 1013 2810 leras,
1042 2768 1102 2799 sed
1131 2767 1271 2800 formam
1299 2769 1429 2809 ipsam:
1461 2771 1607 2803 maxima
