1866 3131
243 175 322 215 123«)
337 178 351 216 l

242 279 358 309 fundat
370 279 536 310 ducentos
550 289 684 312 versus:
707 283 938 324 sapere,quod

240 331 377 360 eosdem
395 340 459 360 non
477 331 708 372 recitet,quos
720 333 746 363 si
764 335 940 373 recitaret,

240 380 377 420 ineptus
408 381 609 411 haberetur:
649 382 728 413 nihil
754 384 841 414 enim
869 384 941 423 dig-

242 439 320 460 num
337 431 453 461 auditu
472 432 699 473 memoriaque
712 434 813 464 scribi
828 440 942 474 potest

242 487 311 510 tam
327 480 421 510 brevi
439 485 593 521 tempore
611 487 707 514 tauto
725 493 876 515 numero,

282 533 302 560 2
330 531 401 561 Non
412 531 507 571 sapis,
521 531 629 571 atque]
656 534 734 572 Qui,
752 540 844 564 stans
859 534 944 574 pede

242 580 275 610 in
294 590 373 620 uno,
391 581 423 612 iu
447 583 530 612 hora
555 582 720 613 ducentos
751 585 944 624 praecipitas

242 641 373 671 versum,
404 632 544 664 vitiosos
571 634 704 664 scilicet
735 640 768 665 et
799 636 944 675 ineptos,

244 681 303 722 qui
321 682 381 713 tibi
400 683 568 714 lutulento
583 683 704 714 fluenti
721 695 738 714 e
756 685 864 715 bucca
887 696 944 716 ex-

244 731 375 763 cidunt.
420 733 530 773 Sapis]
553 734 620 766 Qui
645 744 710 764 non
735 736 860 766 recitas
876 746 944 766 ma-

244 782 295 812 los
321 782 396 813 illos
415 793 542 823 versus,
558 784 647 814 unde
674 785 734 815 tibi
763 786 838 825 plus
855 793 946 818 esset

245 831 423 864 dedecoris
441 844 540 874 quam
557 834 677 866 landis.

289 883 394 915 Eme..
409 893 487 914 ΧΧι.
504 884 621 915 Pridie
637 895 734 925 quam
750 886 866 917 Caesar
882 887 945 917 Ur-

245 933 320 963 bem
348 934 596 974 ingrederetur,
615 936 782 967 Martialis
807 938 946 968 medita-

246 990 298 1013 tus
316 984 498 1025 alloquitur
514 984 638 1024 sidera,
655 992 691 1017 ut
708 993 841 1018 noctem
862 998 946 1028 prte-

246 1034 411 1073 cipitent:
437 1040 569 1066 tantum
598 1037 685 1067 enini
717 1047 791 1068 esse
815 1039 947 1069 deside-

247 1084 331 1114 rium
363 1090 399 1116 et
429 1088 723 1126 exspectationem
753 1090 883 1128 populi,
914 1095 948 1120 ut

246 1134 438 1174 longissima
455 1135 484 1165 ei
502 1146 566 1166 uox
584 1137 751 1168 videatur.
796 1139 947 1170 Tandem

248 1190 347 1214 acute
365 1190 400 1214 et
429 1192 566 1216 venuste
594 1188 779 1226 concludit,
796 1190 841 1219 nil
865 1200 948 1230 opus

248 1232 320 1264 fore
344 1234 421 1272 die;
441 1235 502 1265 sub
531 1236 675 1266 mediam
695 1239 796 1268 etiam
815 1245 948 1270 noctem

247 1283 321 1315 fore
348 1285 455 1316 lucem
484 1286 705 1318 meridianam
735 1289 872 1319 Caesare
902 1289 949 1320 in-

250 1335 450 1374 grediente3
485 1346 561 1367 nam
588 1336 698 1377 ipsum
729 1349 802 1369 esse
832 1340 950 1372 solem.

253 1385 333 1416 Rad.

295 1440 309 1467 l
335 1437 528 1476 Phosphore‚
555 1437 626 1477 &ej
664 1439 807 1470 Veneris
838 1441 950 1479 stella,

250 1498 337 1529 quar,
352 1489 439 1518 Solis
467 1489 610 1519 orientis
635 1491 837 1530 praenuntia,
856 1492 950 1522 Luci-

250 1539 303 1569 fer
317 1539 466 1578 dicitur3
490 1541 592 1570 solem
607 1541 822 1572 occidentem
835 1542 951 1573 subse-

251 1599 369 1630 quens,
393 1591 572 1630 Vesperus.
620 1592 746 1621 Gaudia
768 1596 874 1622 nostra
890 1603 951 1623 mo-

249 1640 348 1679 raris]
374 1640 591 1671 Desiderium
603 1641 748 1672 Caesaris
765 1644 953 1683 expectati,

251 1694 285 1720 et
303 1699 378 1720 cum
397 1689 451 1720 die
466 1690 594 1721 Urbem
612 1691 808 1731 ingressuri.

293 1742 312 1770 3
341 1739 461 1779 Rogat]
484 1741 531 1771 Ut
556 1741 646 1771 diem
677 1751 852 1783 properes.
876 1744 952 1774 Pta-

250 1789 312 1820 cidz'
333 1791 491 1830 numquid,
506 1791 574 1831 θα]
601 1791 669 1822 Cur
695 1793 791 1823 tarde
816 1795 952 1825 orireiis

252 1850 292 1871 ac
317 1841 342 1871 si
362 1842 530 1872 venereris
551 1843 728 1881 plaustro;
752 1845 840 1884 quod
864 1846 951 1875 inse-

252 1891 309 1931 qui
327 1890 460 1921 videtur
473 1890 721 1932 Arctophylax,
738 1895 868 1933 signum
886 1901 953 1925 tar—

252 1941 345 1978 dum,
373 1941 452 1981 quia
479 1941 559 1981 polo
584 1942 753 1973 vicinum?
782 1945 900 1985 Epigr.
924 1948 954 1976 3.

251 1990 314 2020 lib.
332 1994 362 2020 4.
383 2000 468 2020 vers.
486 1995 518 2021 5.
547 1991 671 2031 Bootae]
698 1993 763 2024 Qui
780 1993 954 2025 Bubulcus

252 2041 388 2079 Latine,
414 2046 449 2071 et
465 2041 588 2072 Graece
605 2041 845 2083 Arctophylax
870 2044 953 2074 dici-

253 2091 426 2132 tur‚quod
454 2091 549 2131 quasi
578 2098 693 2122 servet
717 2098 753 2123 et
783 2094 954 2125 custodiat

254 2147 394 2172 arcton:
421 2150 481 2171 seu
511 2147 624 2181 pastor
654 2142 697 2172 sit
729 2142 841 2182 boum,
865 2144 955 2175 unde

255 2192 394 2222 Bootes.
430 2191 571 2231 Septem
585 2193 674 2222 enim
690 2193 799 2224 stellae
817 2195 955 2233 triones,

254 2242 350 2283 quasi
363 2242 525 2281 teriones,
537 2242 570 2272 id
585 2248 650 2281 est,
663 2241 782 2283 bovez,
795 2243 955 2275 diceban-

255 2299 321 2324 tur.

297 2347 317 2374 4
343 2343 508 2382 Plaustra]
546 2343 658 2383 Major
689 2350 801 2375 arctos
833 2345 955 2377 Graece

255 2400 396 2424 vocatur
419 2392 530 2432 ἅμαξα,
550 2394 626 2425 Lat.
652 2395 853 2434 planstrum.
876 2397 957 2427 Len-

255 2443 302 2483 to]
325 2443 449 2474 Tardo.
478 2444 556 2482 Igne
571 2444 672 2485 venis]
693 2445 811 2484 Stella,
827 2447 913 2477 luce.

296 2498 315 2524 5
340 2494 451 2525 Ledam
474 2494 610 2533 poteras]
634 2495 753 2526 Sumas
780 2497 861 2527 licet
876 2498 956 2529 Cas·

256 2545 338 2575 toris
365 2553 501 2584 equum,
531 2544 579 2573 illi
611 2554 630 2574 a
656 2545 827 2577 Mercurio
855 2547 957 2578 dona-

255 2600 340 2633 tum,
356 2600 391 2624 et
411 2595 484 2634 jam
502 2595 603 2624 astris
629 2595 792 2628 additum.
830 2597 958 2638 Ledaev]

256 2645 367 2676 Ledes
382 2645 483 2681 natis,
499 2645 650 2685 geminis.
695 2647 872 2688 Adducet-e]
889 2649 956 2680 Alii

256 2700 292 2726 et
308 2700 403 2727 recte
425 2696 584 2728 abducere.
629 2697 707 2728 Hoc
729 2704 801 2730 est:
831 2700 955 2731 Posses

707 189 846 218 No'rAE
882 191 938 220 ΨΑ
950 190 1030 220 ΚΗ)
1042 192 1100 220 [ἰΙῘ
1114 193 1141 220 Μ
1183 193 1230 221 IN

991 283 1162 315 abducere
1179 295 1237 315 seu
1255 287 1387 326 cripere
1406 297 1526 328 equum
1545 288 1692 324 Castori,

994 340 1029 364 ut
1049 335 1110 365 hoc
1127 336 1252 366 vehens
1268 337 1368 367 citius
1385 338 1472 368 diem
1498 339 1689 370 reduceres„

992 385 1146 425 Cyllarus
1160 387 1248 417 enim
1261 397 1368 428 equus
1380 398 1398 418 a
1409 389 1584 420 Mercurio
1594 391 1693 420 Dios—

995 435 1084 465 curis
1102 435 1259 467 donatus.

1037 489 1056 515 (5
1082 487 1153 525 Ipse
1176 486 1244 526 suo]
1271 488 1348 527 Ipse
1375 488 1496 519 Castor
1519 490 1692 530 Cyllarum

996 546 1089 566 suum
1107 547 1230 576 equum
1259 538 1319 568 tibi
1345 539 1480 570 interim
1504 539 1600 570 dabit
1624 550 1693 570 mu-

997 592 1103 623 tuum,
1120 593 1156 617 ut
1173 587 1271 618 citius
1284 589 1459 618 cxoriaris.

1037 632 1054 658 7
1082 630 1329 670 C1q›1'du1n‚25c.]
1354 632 1693 671 Exoriricupientem

995 680 1111 710 solem.
1147 682 1222 712 Jnm
1240 683 1400 722 Xanthus,
1414 683 1480 723 ξω]
1515 684 1591 715 Jam
1607 684 1695 714 solis

995 731 1073 770 equi
1091 741 1224 762 cursum
1243 734 1403 772 gestiunt.

1038 784 1057 810 8
1084 782 1258 813 Memnonis
1270 784 1398 824 pareus]
1424 783 1566 815 Aurora.

1038 835 1058 861 9
1084 832 1186 863 Tarda
1214 835 1415 875 tamen‚‹}·c.]
1449 836 1550 865 Stant
1578 835 1698 872 stenar,

997 891 1060 910 nec
1085 888 1241 913 movetur
1268 884 1358 922 luna,
1374 884 1543 915 desiderio
1564 884 1699 925 (credo)

997 931 1135 962 videndi
1158 933 1405 974 Imperatorem
1432 935 1530 966 Rom.
1556 935 1697 966 redeun-

998 988 1078 1014 tem.

1041 1037 1078 1065 ll
1104 1035 1197 1065 Stent
1219 1039 1306 1066 astra
1331 1036 1449 1077 licebit]
1475 1036 1555 1077 Ipse
1580 1037 1697 1068 Caesar

998 1085 1061 1115 sibi
1077 1085 1134 1115 Sol
1163 1087 1242 1124 erit,
1262 1087 1444 1128 gloriaeque
1469 1097 1537 1118 suae
1564 1086 1698 1127 fulgore

998 1135 1157 1167 lustrabit
1182 1136 1316 1176 coelum,
1338 1137 1391 1167 vel
1408 1143 1567 1168 manente
1589 1138 1699 1168 noctis

999 1183 1100 1215 facie.

1045 1238 1082 1266 12
1109 1235 1180 1266 Non
1216 1237 1332 1277 deerit]
1380 1238 1560 1268 Conclusio
1599 1238 1700 1278 plena

1001 1285 1219 1316 adulationis.
1261 1286 1465 1327 Ubicunque
1496 1288 1626 1326 Caesar,
1656 1288 1701 1318 ibi

1000 1336 1095 1374 dies;
1119 1345 1194 1367 nam
1212 1336 1326 1367 Caesar
1341 1344 1458 1368 noster
1473 1338 1528 1368 Sol
1552 1345 1614 1369 est.

1045 1386 1149 1416 Eme.
1181 1395 1276 1417 xxu.
1309 1390 1329 1418 2
1362 1388 1509 1428 Hybrida
1531 1398 1609 1428 sum,
1632 1387 1703 1428 εμπ]

1001 1436 1193 1476 Hybridam
1222 1447 1274 1468 me
1296 1449 1370 1469 esse
1393 1440 1517 1477 innuis,
1532 1440 1612 1470 dum
1643 1450 1700 1480 ap-

1002 1488 1099 1527 ponis
1128 1498 1270 1527 porcum
1292 1489 1483 1529 hybridam,
1508 1490 1541 1520 id
1565 1494 1630 1529 est,
1657 1500 1700 1520 ex

1002 1535 1075 1566 fero
1107 1542 1141 1567 et
1172 1544 1347 1569 mansueta
1374 1543 1510 1569 natum:
1544 1539 1598 1569 vel
1627 1539 1702 1578 lege

1001 1588 1077 1618 sim:
1091 1588 1184 1628 quasi
1199 1588 1309 1619 dicat:
1328 1590 1465 1620 Utinam
1484 1599 1547 1630 ego
1560 1589 1703 1630 hybrida

1003 1637 1078 1675 sim,
1094 1638 1158 1668 nisi
1183 1639 1371 1679 intelligam
1395 1639 1508 1671 sucum
1532 1640 1612 1671 mihi
1635 1639 1704 1671 fac-

1003 1695 1087 1722 tum.
1123 1692 1176 1722 Sic
1194 1693 1483 1724 ChaereaTerent.
1520 1693 1622 1724 ‘Tum
1648 1694 1702 1733 pol

1003 1751 1067 1781 ego
1093 1742 1119 1772 is
1148 1752 1258 1773 essem
1286 1744 1343 1784 qui
1367 1743 1597 1782 assimufflbar,
1617 1744 1704 1783 nisi,’

1003 1795 1066 1823 &c.
1103 1793 1156 1824 De
1178 1793 1321 1835 hybrida
1336 1794 1413 1825 vide
1435 1794 1554 1835 Epigr.
1569 1796 1621 1825 39.
1634 1794 1655 1825 l.
1671 1798 1704 1825 6.

1005 1853 1089 1874 vers.
1106 1846 1158 1875 20.

1048 1895 1152 1925 Eme.
1177 1903 1290 1925 xxnr.
1323 1895 1375 1925 An
1404 1904 1519 1935 quaeso
1553 1894 1703 1935 iniquum

1005 1949 1068 1983 est,
1085 1945 1112 1974 si
1130 1945 1201 1984 quis
1225 1944 1351 1983 pendat
1369 1953 1482 1984 poenas
1511 1944 1596 1984 ejus,
1612 1944 1702 1984 quod

1005 1994 1187 2034 deliquerit
1216 1994 1248 2024 in
1279 2004 1339 2023 sna
1370 1994 1469 2024 arte?
1505 1994 1588 2024 Tum
1623 2003 1703 2023 sane

1006 2044 1137 2083 iniquus
1154 2054 1226 2074 esse
1243 2043 1385 2080 viderer,
1403 2043 1429 2073 si
1446 2043 1606 2074 delictum
1623 2044 1705 2074 alie-

1006 2095 1039 2123 ni
1054 2093 1188 2123 artificii
1204 2094 1236 2123 in
1251 2094 1306 2123 illo
1323 2094 1488 2133 punirem.

1049 2144 1154 2174 Epic.
1178 2152 1284 2174 xxiv.
1309 2148 1328 2174 2
1352 2144 1509 2184 Improba,
1533 2143 1602 2184 ᾅ·ε.]
1637 2144 1705 2175 Im-

1007 2195 1174 2235 pudenter
1191 2200 1303 2234 petax.

1048 2247 1068 2275 6
1094 2245 1157 2279 Qui
1179 2248 1281 2283 rogat,
1297 2243 1455 2283 illefacit]
1484 2243 1552 2276 Qui
1578 2244 1706 2285 suppli-

1007 2300 1076 2333 cat,
1092 2295 1146 2335 qui
1163 2295 1294 2333 adorat,
1311 2295 1367 2335 qui
1385 2299 1495 2334 rogat,
1510 2294 1566 2324 ille
1581 2303 1702 2325 numen

1007 2345 1118 2377 inesse
1151 2351 1266 2385 rogato
1298 2345 1444 2376 fatetur:
1481 2345 1530 2376 ita
1571 2354 1633 2385 ego
1670 2350 1705 2376 te

1007 2396 1120 2426 Deum
1147 2395 1251 2435 facio,
1270 2395 1349 2426 dum
1373 2405 1467 2436 rogo.
1504 2395 1705 2427 Adulatorie

1007 2452 1043 2478 et
1059 2448 1249 2487 parasitice.

1050 2499 1154 2529 Epio.
1171 2506 1256 2528 xxv.
1276 2497 1330 2528 Ne
1347 2497 1427 2527 mihi
1444 2497 1598 2537 insultes,
1615 2499 1703 2539 quod

1008 2558 1059 2579 me
1076 2550 1315 2588 semelaegrnm
1328 2549 1463 2586 vidisti3
1487 2557 1551 2588 ego
1566 2554 1599 2579 te
1612 2558 1704 2588 saepe

1007 2605 1043 2630 et
1060 2609 1163 2639 usque
1181 2599 1303 2629 videbo
1320 2599 1437 2629 morbo
1461 2598 1641 2639 pallidum:
1665 2603 1704 2629 ut

1007 2649 1122 2690 Epigr.
1140 2651 1170 2679 4.
1186 2649 1244 2687 Ιώ..
1262 2652 1292 2678 7.

1050 2701 1155 2732 Epic.
1188 2708 1291 2730 xxm,
1332 2698 1490 2739 Tigrides
1523 2697 1637 2739 plures
1671 2699 1705 2730 'm
