1866 3131
232 165 344 205 1472
421 172 673 202 REGENSUS
710 168 988 199 Enl'l‘loNUM
1025 167 1072 195 M.
1108 166 1216 196 vAt..
1250 166 1540 196 MAR'HALtS.

228 273 272 310 E.
305 270 543 321 Lessingius.
600 268 661 306 Cf.
696 281 824 306 eorum
858 267 965 316 Opp.
999 272 1036 303 et
1068 264 1348 303 collectionem
1382 262 1667 314 praecipuorum

228 336 554 386 Epigrammatum
576 333 707 370 Germ.
730 331 849 381 Rigae.
876 329 989 374 1766.
1013 335 1049 367 8.

282 399 494 450 Hispanice
509 398 687 435 nonnulla
699 395 881 435 Martialis
894 395 1178 444 Epigrammata
1194 392 1468 440 interpretatus
1483 395 1541 427 est
1558 389 1669 426 Ema-

228 464 315 501 nuel
337 463 384 500 de
406 463 567 501 SalineS.
615 461 677 499 Cf.
699 459 866 497 Lorentii
889 456 1069 496 Graciani
1089 458 1178 494 Arte
1199 455 1247 492 de
1269 454 1442 504 Ingenio.

283 528 464 565 Graecum
484 526 576 564 fecit
605 525 822 563 Martialem
853 524 934 561 JOS.
964 522 1136 571 Scaliger
1166 520 1202 557 in
1235 519 1436 569 Florilegio
1470 515 1674 559 MartialiS,

229 590 335 629 edito
356 591 405 628 ab
425 592 474 628 ls.
497 590 729 628 Casaubono
751 587 868 625 Paris.
894 584 1007 627 1607.
1037 599 1115 636 quo
1138 584 1304 622 Libellus
1337 583 1386 621 de
1417 581 1673 632 Spectaculis,

230 656 316 693 Lib.
345 666 455 693 x111.
485 660 522 691 et
554 664 650 691 XIV.
680 652 798 689 ferme
830 651 976 700 integri,
1010 656 1048 687 et
1078 663 1123 686 ex
1157 648 1294 686 ceteris
1327 646 1533 684 duodecim
1568 645 1672 682 libris

230 719 555 770 Epigrammatum
577 717 667 754 satis
689 727 844 765 magnus
864 726 1043 751 numerus
1064 710 1415 761 comprehenditur.
1472 711 1570 754 Quae
1591 708 1674 759 qui-

231 783 319 821 dem
350 795 467 832 opera
490 780 656 818 Martiali
685 780 811 816 locata
829 792 851 816 a
869 777 1077 827 Scaligero‚
1097 775 1272 813 laudatur
1292 781 1330 813 et
1348 775 1384 811 in
1406 773 1546 812 coelum
1563 772 1674 810 effer-

231 853 295 884 tur
313 858 335 883 a
359 846 604 889 Casaubono,
627 843 690 881 sed
722 843 855 880 merito
874 841 1138 893 perstringitur
1157 853 1179 878 a
1201 841 1399 889 Monnoyo
1419 839 1456 876 in
1477 838 1675 887 Menagia-

229 910 286 948 nis
301 911 352 948 T.
369 920 398 947 1.
416 924 456 960 p.
478 908 667 947 325-336.
682 908 742 945 ed.
760 907 881 945 Paris.
923 907 1070 943 Inserta
1087 905 1202 943 etiarn
1216 903 1458 954 reperiuntur
1479 902 1562 940 haec
1584 901 1675 952 Epi-

231 981 443 1026 grammata
464 974 500 1010 in
517 973 658 1022 majore
679 971 849 1010 editione
871 970 1039 1008 Parisina
1060 969 1263 1014 Martialis,
1285 980 1374 1005 cum
1400 967 1484 1005 aliis
1503 966 1675 1016 ejusdem

232 1038 584 1090 Epigrammatibus
616 1049 637 1074 a
675 1036 811 1073 Franc.
843 1035 1008 1073 Morello
1048 1033 1248 1071 translatis.
1306 1033 1455 1081 Nempe
1492 1029 1676 1068 Morellus

225 1106 310 1155 jam
331 1110 420 1141 ante
442 1102 674 1151 scaligerum
694 1099 874 1149 quaedam
896 1098 1082 1137 Martialis
1102 1099 1242 1135 Graece
1262 1102 1439 1142 verterat,
1473 1095 1676 1145 separatim

232 1170 282 1206 ab
304 1169 387 1219 ipso
404 1167 554 1204 duabus
574 1165 737 1216 plagulis
759 1163 863 1202 edita
893 1164 995 1201 circa
1026 1176 1089 1200 an.
1128 1161 1242 1201 1600.
1299 1161 1373 1198 Sed
1408 1161 1502 1197 male
1537 1159 1679 1196 omissa

232 1239 322 1270 sunt
341 1238 540 1269 auctorum
562 1230 715 1266 nomina
730 1229 765 1264 in
795 1228 964 1265 editione
992 1226 1208 1264 Parisiensi.
1265 1225 1452 1262 Pauciora
1479 1223 1679 1274 Epigram-

234 1303 334 1334 mata
362 1294 490 1332 itidem
522 1293 560 1330 in
593 1304 807 1330 sermonem
841 1292 1026 1329 Graecum
1056 1289 1332 1328 transtulerunt
1371 1289 1504 1326 Dousa
1542 1289 1678 1336 major,

236 1362 370 1398 Eman.
396 1358 604 1401 Martinus,
626 1355 846 1406 Menagius,
867 1355 941 1392 alii.

290 1420 480 1461 Hadriani
502 1418 726 1457 Beverlandi
760 1425 862 1455 notae
897 1417 1049 1454 ineditae
1078 1416 1125 1453 ad
1148 1416 1360 1453 Martialem
1393 1422 1431 1453 et
1459 1415 1679 1454 Juvenalem

238 1489 334 1525 Mss.
357 1491 616 1524 memorantur
648 1483 684 1520 in
718 1482 888 1521 Novellis
908 1481 1089 1531 Reipubl.
1118 1480 1291 1518 literariae
1318 1494 1354 1518 a.
1388 1477 1499 1525 1699.
1521 1480 1570 1517 Τ.
1593 1490 1622 1517 1.
1642 1493 1683 1530 p.

238 1549 329 1588 468.
387 1548 528 1586 Nescio
562 1560 675 1598 quem
709 1545 896 1583 Martialis
932 1545 1178 1594 interpretem
1211 1544 1308 1581 ridet
1329 1544 1507 1582 Bartliius
1530 1545 1577 1581 ad
1599 1546 1681 1582 Sta·

239 1614 334 1650 tium
356 1613 406 1649 T.
432 1624 459 1650 1.
491 1625 530 1662 p.
561 1616 652 1655 473.
710 1609 925 1647 Marcilium
957 1621 1004 1645 an
1031 1607 1289 1646 Scriverium?
1321 1609 1385 1658 qui
1417 1608 1612 1658 Scaligero
1645 1608 1680 1645 in

241 1676 422 1726 Epistolis
439 1676 580 1713 dicitur
602 1674 799 1718 Lentulus,
820 1681 856 1710 et
878 1673 914 1709 in
937 1686 1015 1723 quo
1036 1673 1127 1709 nihil
1149 1672 1284 1717 ornati,
1306 1672 1396 1709 nihil
1416 1672 1509 1710 culti
1529 1672 1682 1722 reperiri

241 1741 293 1777 ait
314 1740 538 1777 Holstenius
561 1738 683 1788 Epist.
719 1737 767 1774 ad
797 1736 1113 1774 Elmenhorstium
1144 1739 1246 1785 (post
1278 1736 1492 1784 Gudianas)
1523 1749 1566 1785 p.
1591 1741 1681 1781 920.

245 1803 414 1842 Salmasii
431 1811 470 1841 et
490 1804 608 1840 Isaaci
631 1802 754 1839 Vossii
774 1801 1007 1840 editionibus
1028 1801 1109 1839 fata
1128 1801 1391 1839 intercessere.
