1866 3131
230 167 340 208 1200

230 274 321 304 tione
339 277 504 314 tepescat,
531 272 731 304 caventibus
757 272 814 313 qui
830 271 924 303 lude-

229 323 314 355 bant
328 334 369 355 ne
383 334 482 354 manu
500 323 696 355 excideret:
729 328 765 354 et
782 323 829 353 sic
856 323 924 363 pila

227 375 418 406 ludentium
435 380 469 406 et
493 374 687 406 sudantium
714 383 812 405 manu
830 378 924 413 tepe-

228 426 334 457 facta.
366 427 550 466 Epignffl.
578 425 634 457 lib.
656 428 706 456 12.
757 425 809 456 An
837 424 924 455 forte

227 477 315 517 quod
346 477 408 508 hac
434 477 601 508 ludebant
627 477 663 507 in
693 475 923 517 spliaeristerio

231 526 365 558 calido:
399 531 436 558 ut
464 528 574 558 vitrea
603 527 662 558 illa
692 527 724 557 in
754 525 924 557 thermis?

227 577 313 608 Pilae
330 577 419 618 apud
438 578 579 608 Graecos
595 583 630 608 et
656 577 827 608 Romanos
845 586 924 616 qua-

228 631 304 658 tuor
338 637 474 667 genera.
512 629 542 658 1.
570 627 771 667 'I'rigonulis‚
808 635 924 665 parva,

230 688 331 719 quam
359 685 429 709 tres
458 679 587 709 lusores
619 677 729 718 figura
756 676 924 715 trigonem

229 730 446 770 exprimente
485 729 638 760 distincti
676 728 741 759 sibi
778 728 924 758 invicem

225 779 430 812 reddebant.
447 783 477 812 2.
488 780 710 820 Harpastum,
725 788 831 819 parva
843 779 926 809 item

228 831 298 872 pila
313 841 331 862 e
348 831 439 862 corio
457 831 560 869 facta,
584 840 684 871 quam
713 829 785 860 solo
809 838 927 868 reper-

228 891 370 921 cussam,
385 886 418 912 at
439 882 490 913 the
504 882 650 920 rebozmd,
675 884 805 920 raptam
832 888 927 910 revo-

228 932 368 972 cabant,
394 932 483 963 unde
512 941 634 963 nomen
666 931 706 962 ab
738 928 872 971 ἆρπάζω.
896 932 926 961 3.

227 982 343 1022 Follis,
355 991 477 1022 magna
492 982 575 1022 pila,
589 991 630 1012 ex
645 981 738 1012 aluta
750 980 927 1018 confecta3

228 1033 256 1064 si
279 1033 399 1074 major,
417 1032 585 1072 brachiis3
612 1032 639 1063 si
666 1032 788 1071 minor,
806 1031 927 1071 pugnis

226 1083 356 1124 impelli
386 1084 496 1115 solita.
527 1086 557 1114 4.
582 1083 768 1124 Paganica,
797 1092 864 1123 qua
893 1082 926 1112 in

229 1136 325 1177 pagis
341 1135 532 1167 ludebatur.
560 1136 679 1177 Epigr.
695 1138 746 1166 31.
773 1134 831 1165 lib.
847 1137 877 1166 7.
892 1139 927 1165 et

231 1189 351 1229 Epigr.
364 1191 417 1220 45.
443 1188 503 1220 lib.
521 1190 573 1219 14.
606 1188 659 1218 De
682 1188 827 1228 pilarum
852 1186 927 1217 lusu

227 1241 396 1272 videndus
411 1240 626 1272 Mercurialis
648 1240 680 1270 in
707 1238 794 1270 Arte
822 1238 926 1279 Gym-

227 1292 372 1330 nastica‚
386 1295 422 1322 et
438 1290 549 1321 Faber
560 1290 580 1321 l.
595 1292 625 1321 1.
642 1299 672 1320 c.
684 1292 714 1320 6.
728 1288 926 1329 Agonostic.

270 1345 291 1373 6
316 1341 552 1381 Pulverulenta]
598 1341 690 1371 Dum
725 1340 767 1371 ad
802 1344 927 1370 terram

229 1391 360 1424 decidit
390 1396 425 1423 et
451 1392 542 1423 saltu
571 1390 739 1431 assurgit:
777 1389 876 1420 modo
898 1392 929 1420 l.

231 1442 346 1484 Rapis]
372 1442 449 1474 Hoc
477 1441 519 1473 ad
545 1451 667 1473 nomen
692 1440 861 1481 harpasti,
891 1443 927 1471 et

229 1495 337 1534 legem
351 1493 436 1535 ludi,
454 1498 490 1525 ut
506 1492 606 1524 modo
622 1495 656 1524 2.

270 1549 290 1576 7
314 1545 448 1577 Plumea
473 1554 525 1576 seu
547 1543 630 1583 laxi]
659 1542 789 1574 Levia:
824 1546 926 1574 vento

228 1596 317 1627 enim
329 1595 590 1627 distendebatur
601 1593 701 1625 follis.
718 1592 818 1632 Lami]
833 1593 927 1632 Mag—

228 1648 275 1684 ni,
292 1647 364 1678 lati.
399 1645 571 1686 Paganica
583 1644 719 1686 quidem
735 1643 848 1684 pluma
863 1641 930 1674 far-

230 1698 397 1729 ciebatur.
420 1698 474 1728 De
489 1696 570 1727 folle
586 1705 652 1726 non
678 1698 824 1726 constat.
851 1694 929 1724 Par-

228 1749 314 1787 airis,
326 1747 395 1788 850]
421 1747 583 1778 Advertis
600 1750 635 1777 et
650 1745 782 1776 metiris
799 1749 928 1775 motum

230 1805 265 1831 et
280 1808 414 1830 cursum
441 1796 532 1828 follis
552 1795 678 1837 plumei
695 1799 730 1826 et
757 1794 930 1834 levissimi,

228 1850 279 1880 ita
308 1853 345 1880 ut
372 1848 458 1879 scias
485 1851 647 1888 quantum
679 1845 781 1886 spatii
808 1844 928 1875 missus

231 1899 319 1931 follis
345 1898 550 1930 decursurus
567 1897 622 1927 sit.
657 1895 771 1926 Acuta
786 1896 929 1926 antithe-

231 1950 290 1989 sis,
306 1951 314 1967 ‘
331 1949 482 1991 pondera
506 1946 662 1989 plumea,’
687 1946 719 1976 id
744 1951 809 1985 est,
832 1946 929 1977 levis-

231 2001 335 2032 sima:
371 2003 612 2040 ponunturque
643 1995 834 2038 ‘pondera'
867 2007 929 2037 pro

231 2050 380 2081 motibus
398 2050 503 2090 ipsius
527 2047 638 2086 follis3
662 2046 696 2077 id
722 2046 808 2077 nosti
822 2047 929 2087 probe

233 2101 289 2132 ubi
306 2099 393 2131 follis
408 2099 520 2131 cadat.

275 2153 295 2181 8
318 2150 449 2190 Alliam]
475 2150 622 2180 Puerum
648 2148 756 2179 levem
780 2151 815 2179 et
831 2157 930 2178 cursu

233 2202 396 2233 velocem.
442 2200 528 2230 Vide
546 2200 635 2231 I'lin.
664 2199 765 2231 lib.7.
789 2208 864 2239 cap.
879 2201 930 2229 20.

232 2261 266 2287 et
282 2255 383 2286 Alex.
400 2254 509 2294 Neap.
528 2254 584 2284 lib.
597 2257 627 2285 2.
645 2263 719 2294 cap.
731 2256 783 2284 21.
798 2253 931 2283 Nomen

231 2306 348 2337 fictum
367 2315 386 2336 a
403 2304 532 2343 Poeta3
568 2304 655 2335 Atta
678 2304 766 2334 euim
795 2306 847 2333 cst
874 2301 930 2343 qui

233 2362 359 2388 terram
375 2357 499 2386 leviter
514 2354 664 2395 attingit.
692 2355 823 2385 Festus.

275 2411 296 2438 t)
320 2408 370 2438 Ne
390 2407 544 2446 madidos]
571 2407 619 2437 En
639 2416 733 2437 usum
756 2403 932 2436 Endromi-

235 2459 308 2496 dis3
347 2456 501 2488 defendit
532 2457 660 2497 frigora
687 2462 721 2488 et
752 2455 884 2497 pluvias
912 2464 931 2485 a

235 2519 391 2549 corpore.

280 2564 318 2592 10
353 2560 418 2590 Iris
447 2559 542 2600 aqua]
580 2558 716 2599 Pluvia,
743 2558 837 2599 cujus
867 2555 932 2587 Iris

235 2612 367 2642 nuncia.

282 2667 317 2694 11
353 2663 479 2693 Ridebis
504 2666 619 2702 ventos,
641 2662 710 2703 εἷα]
759 2662 806 2693 Ut
830 2670 931 2702 supra

238 2715 444 2754 Epigramm.
464 2717 491 2745 3.
511 2723 597 2744 vers.
611 2715 639 2743 4.

699 175 836 204 No'rAE
873 174 1131 204 VARIORLM
1168 176 1215 204 ΙΝ

1019 273 1058 301 12
1096 270 1206 310 Tyria]
1253 270 1279 300 Ε
1306 271 1408 311 Tyro,
1441 270 1492 299 vel
1528 276 1676 309 purpura

974 321 1079 361 Tyria
1106 321 1234 352 tincta:
1274 326 1312 351 ut
1339 320 1453 360 Epigr.
1479 322 1528 350 16.
1560 318 1620 348 lib.
1644 319 1677 348 2.

975 374 1108 402 ver5.3.
1133 370 1365 411 .S'inclone‚8‚-c.]
1390 370 1527 402 Amictu
1546 379 1588 400 ex
1602 368 1678 400 sub.

974 423 1129 454 tilissimo
1142 423 1259 455 linteo.
1283 425 1375 463 ζ’ἾΟ,

1018 480 1122 510 Epio.
1140 487 1202 510 xx.
1227 481 1242 509 l
1271 478 1432 519 Caerellia]
1455 479 1534 509 Duo
1551 477 1583 508 in
1598 477 1677 508 dua-

974 529 1036 559 bus
1054 528 1200 559 foemiuis
1214 530 1382 560 contraria
1400 528 1481 560 vitia
1498 529 1679 569 reprelien-

975 579 1050 618 dit;
1088 580 1232 610 alterum
1264 580 1444 617 Caerelliae,
1477 590 1565 620 quae,
1600 589 1675 610 cnm

976 635 1065 661 esset
1082 640 1209 671 puppa,
1225 630 1258 661 id
1276 636 1341 670 est,
1364 631 1619 662 adolescentula
1642 636 1679 660 et

976 685 1106 721 tenera,
1124 691 1160 712 se
1182 682 1331 713 vetulam
1349 681 1507 712 dicebat:
1533 682 1676 712 alterum

976 732 1114 771 Gelliae,
1129 743 1218 773 quae,
1238 742 1315 763 cum
1341 742 1461 773 reapse
1478 738 1567 763 esset
1584 742 1678 768 anus,

975 792 1011 813 se
1028 782 1176 814 vocabat
1201 792 1364 824 puppam,
1389 787 1424 814 et
1449 787 1598 814 teneram
1615 781 1677 812 fin-

976 832 1079 871 gebat
1118 838 1215 872 gestu
1254 838 1290 864 et
1327 843 1424 864 voce.
1471 833 1678 864 Rama-osius.

977 881 1104 922 Pappa]
1135 883 1268 914 Puella.
1302 884 1432 924 Pupus,
1459 884 1620 924 pupquS,
1643 890 1680 915 et

977 933 1137 973 pupillus,
1152 933 1297 973 puerilia
1313 939 1348 965 et
1373 933 1504 965 blandae
1527 934 1678 975 appella-

977 983 1078 1014 tionis
1095 984 1240 1015 nomina.
1263 983 1414 1023 Rntgers.

1019 1036 1038 1064 4
1064 1034 1175 1064 Altera
1197 1034 1332 1064 ridicula
1360 1033 1419 1073 est]
1444 1033 1570 1073 Gellia,
1587 1044 1677 1074 quae,

977 1084 1113 1114 anicula
1144 1084 1325 1125 capularis,
1355 1094 1470 1115 vocem
1499 1089 1534 1115 et
1562 1090 1679 1124 gestus

977 1133 1108 1175 effingit
1122 1135 1258 1175 puellae.
1291 1134 1405 1166 Altera
1418 1134 1580 1175 putidula]
1605 1135 1679 1165 Cre-

978 1185 1084 1221 rellia,
1103 1195 1177 1225 quae
1195 1185 1322 1225 puella,
1349 1185 1553 1225 gravitatem
1577 1183 1678 1216 affec-

979 1239 1053 1265 tans
1069 1235 1203 1275 anilem,
1215 1244 1249 1266 se
1267 1234 1405 1266 fastidio
1419 1236 1572 1276 exponit.

1020 1287 1222 1318 Emmxxr.
1258 1286 1438 1327 eujusdam
1466 1286 1550 1317 Selii
1582 1290 1680 1318 taxat

977 1336 1201 1377 impietatem,
1217 1338 1275 1378 qui
1301 1347 1377 1368 cum
1402 1337 1556 1376 Diagora
1575 1346 1678 1375 nega-

977 1387 1035 1418 bat
1049 1388 1132 1419 ullos
1149 1397 1225 1419 esse
1238 1389 1352 1426 Deos;
1371 1392 1407 1419 et
1422 1387 1529 1428 magis
1542 1388 1678 1428 impiam

977 1437 1172 1470 adducebat
1183 1438 1293 1479 impiae
1306 1439 1488 1470 sententiae
1501 1438 1678 1479 rationem,

979 1489 1081 1529 quod,
1099 1489 1177 1520 dum
1194 1495 1336 1529 negaret
1353 1490 1461 1528 Deos,
1488 1498 1524 1520 se
1539 1489 1679 1520 divitem

981 1538 1110 1570 factum
1126 1549 1201 1570 esse
1219 1539 1365 1571 videret.

1024 1593 1039 1621 1
1067 1590 1164 1620 Inane
1189 1589 1314 1630 coelum]
1348 1589 1425 1621 Diis
1444 1598 1598 1629 vacuum,
1625 1589 1679 1620 vel

980 1651 1051 1672 rem
1067 1641 1213 1672 inanem.

1022 1696 1042 1724 2
1066 1692 1264 1732 Prnbatque;
1280 1691 1356 1731 quod
1368 1701 1400 1722 se
1414 1690 1561 1730 Factum]
1580 1690 1680 1723 Quod

980 1742 1128 1774 feliciter
1152 1743 1217 1773 sibi
1235 1742 1310 1782 ἀθέῳ
1334 1752 1387 1773 res
1403 1741 1527 1773 cedere
1553 1741 1678 1772 videat.

982 1793 1069 1824 Vide
1090 1793 1212 1824 Senec.
1238 1794 1295 1824 lib.
1325 1793 1462 1825 ‘Quare
1484 1792 1579 1823 bonis
1602 1791 1679 1822 viris

979 1845 1068 1874 mala
1085 1843 1267 1882 accidant,'
1283 1845 1348 1873 Sec.
1361 1847 1397 1873 et
1416 1843 1576 1873 Ciceron.
1590 1845 1620 1872 3.
1637 1841 1680 1872 de

982 1895 1061 1925 Nat.
1076 1894 1179 1924 Deor.
1196 1893 1237 1923 de
1252 1893 1404 1933 Harpalo
1418 1898 1453 1923 et
1466 1893 1643 1932 Dionysio.

1023 1947 1041 1975 3
1067 1943 1216 1983 Beatum]
1242 1943 1405 1974 Divitem.

1024 1996 1129 2026 Epm.
1146 2004 1238 2025 xxu.
1255 1993 1565 2025 Describitluctam
1578 2002 1679 2033 quan-

981 2044 1058 2076 dam
1089 2047 1293 2084 Veneream,
1320 2055 1418 2086 quam
1453 2044 1572 2075 habuit
1604 2053 1679 2073 cum

982 2097 1164 2137 Cleopatra
1180 2096 1336 2126 uxorein
1355 2095 1484 2126 balneis
1510 2100 1586 2136 post
1613 2094 1680 2134 pri-

981 2157 1052 2178 mos
1065 2156 1275 2187 congressus.

1025 2201 1041 2228 l
1068 2198 1192 2228 Primos
1212 2207 1303 2238 passa
1328 2200 1423 2236 toros,
1450 2196 1520 2236 1312]
1557 2195 1679 2226 Dcvir-

983 2248 1112 2288 ginata,
1126 2252 1160 2278 et
1185 2248 1338 2279 subirata
1365 2248 1445 2278 mihi
1474 2248 1593 2278 marito
1616 2256 1679 2277 ceu

982 2298 1184 2338 corruptori,
1201 2298 1288 2339 sugit
1305 2299 1337 2329 111
1363 2308 1477 2338 aquas.
1518 2298 1561 2327 Ee
1582 2297 1681 2327 adhuc

977 2350 1144 2390 placanda]
1177 2349 1231 2380 Sic
1250 2349 1337 2379 enim
1359 2355 1478 2379 natura
1504 2358 1680 2388 compara-

983 2405 1052 2430 tum
1084 2405 1148 2438 est,
1179 2406 1226 2439 ut,
1264 2411 1338 2441 quac
1376 2410 1485 2441 nuper
1521 2400 1677 2430 mulieres

983 2449 1083 2480 facta‘
1112 2454 1202 2489 sunt,
1238 2450 1413 2490 pudicitiae
1444 2460 1563 2481 caussa
1594 2450 1681 2481 subi·

983 2506 1074 2533 ratas
1112 2511 1147 2532 se
1182 2502 1362 2533 ostendant
1409 2501 1680 2541 corruptoribus,

981 2553 1132 2595 quamvis
1167 2553 1309 2593 maritis,
1344 2563 1362 2584 a
1395 2553 1517 2595 quibus
1554 2552 1679 2583 mutuis

982 2604 1157 2636 blanditiis
1175 2605 1302 2645 placari
1319 2605 1440 2635 solent.
1465 2603 1617 2634 Ramires.

1025 2660 1042 2687 5
1079 2656 1292 2686 Numerantur
1313 2655 1393 2693 lilia,
1414 2655 1483 2695 astu]
1516 2654 1678 2685 Translu-

984 2712 1060 2739 cent
1076 2707 1159 2738 adeo
1178 2712 1212 2737 ut
1227 2706 1395 2737 numerari
1410 2705 1553 2746 possint:
1579 2703 1678 2735 tiores
