1866 3131
411 167 458 196 M.
493 167 603 196 VAL.
639 166 911 196 MAR'rlAms
950 168 1107 198 liPlGR.
1144 170 1234 198 mis.
1269 169 1333 198 tl.

153 261 246 292 rullae
265 261 416 301 jocando
451 266 690 293 commemorat
714 261 851 293 Cinnae:

93 314 100 319 '
151 322 226 342 uam
255 313 364 343 Cinna
388 312 578 343 habebatur
602 317 701 352 pater
720 317 852 351 septem

149 362 346 402 liberorum,
361 373 460 404 quum
472 362 598 392 nullum
614 366 851 401 procreasset:

146 413 246 444 simul
275 414 392 445 sordes
429 413 672 444 adulteriorum
703 418 854 451 accusat,

149 464 239 505 quod
264 465 385 495 mulier
408 468 561 495 sectetur
582 464 762 503 moriones,
785 463 852 503 pis-

149 521 252 553 tores,
270 525 399 553 servos,
414 517 480 545 dcc.

190 568 209 596 4
233 565 294 596 Sed
309 566 341 596 in
354 564 507 605 grabatiS,
523 563 590 604 Era]
622 563 692 594 Sed
709 573 729 594 a
744 563 850 594 servis

149 616 211 647 tibi
229 616 333 655 geniti
349 626 358 647 ι
387 616 440 646 vel
457 616 491 646 in
509 614 672 655 grabatis,
697 624 774 655 quae
791 614 850 645 lm-

147 668 315 699 miliorum
347 677 519 698 servorum
554 667 635 698 lecti
661 671 758 697 sunt:
793 667 848 698 vel

145 727 248 758 super
281 717 463 758 tegetibus,
491 727 573 758 quas
615 717 718 757 lupae,
747 721 784 747 ut
813 723 849 748 et

145 769 246 806 servi,
269 777 330 808 pro
346 767 440 798 lectis
460 767 598 797 babent.
623 766 702 798 Juv.
729 767 801 798 Sat.
815 771 847 798 6.

146 828 235 849 vers.
254 821 327 850 118.
353 819 362 835 ‘
379 818 540 849 Dormire
557 819 661 848 virum
680 827 755 848 eum
773 827 848 849 sen-

146 873 237 899 serat
265 878 360 908 uxor,
390 867 483 898 Ausa
513 867 671 898 Palatino
697 873 846 908 tegetem

147 918 312 959 praeferre
329 918 455 957 cubili‚'
479 921 544 949 &m
587 918 655 949 Sed
673 928 782 949 nonne
800 920 848 949 al-

144 970 226 1000 lusit
250 969 362 1000 Poeta
377 968 626 1000 eruditissimus
650 969 691 999 ad
718 969 845 1000 dictum

143 1018 310 1057 Diogenis
327 1019 431 1056 canis,
446 1019 501 1060 qul
525 1018 592 1058 περὶ
614 1018 719 1050 παιδὸς
733 1031 845 1059 πεπορ-

143 1066 282 1099 νευκότος
305 1067 462 1107 ἐρωτηθεὶς
484 1067 574 1099 πόθεν
595 1068 653 1106 εἴη,
680 1068 846 1108 τεγεσίτης,

143 1118 213 1158 ἔφη.
271 1120 406 1159 Nempe
435 1118 588 1159 τεγεάτης
617 1120 664 1151 ibi
696 1130 713 1151 a
744 1118 846 1159 τέγος,

142 1169 230 1211 quod
245 1175 278 1201 et
293 1168 419 1208 τέ’γεοςς
445 1179 511 1210 quo
528 1169 630 1200 verbo
655 1174 662 1186 ‘
680 1170 824 1210 lupanar
836 1169 845 1183 ’

139 1221 322 1262 aliquando
334 1220 517 1261 significari
530 1220 611 1251 alibi
624 1220 844 1252 ostendimus.

142 1273 278 1304 Her-ald.

184 1327 202 1354 5
228 1322 344 1363 Furta]
369 1321 563 1354 Adulteria.

183 1378 204 1406 6
226 1375 357 1405 Retorto
382 1373 480 1414 crine]
512 1374 599 1404 Nam
617 1373 792 1413 AEtliiopes
808 1378 843 1404 et

140 1426 254 1458 Mauri
269 1423 458 1465 οὐλότριχες.
503 1425 592 1454 Vide
609 1424 717 1455 Arist.
735 1424 794 1455 lib.
810 1428 842 1455 5.

141 1477 184 1507 de
206 1477 372 1507 Generat.
403 1475 516 1506 Anim.
539 1485 615 1515 cap.
637 1477 667 1506 3.
690 1475 844 1505 Martial.

141 1529 174 1558 in
205 1526 377 1567 Amphith.
434 1525 577 1566 ‘Atque
617 1526 718 1556 aliter
746 1526 844 1556 tortis

139 1578 288 1609 crinibus
318 1576 516 1617 AEthiopes.'
571 1578 674 1608 Tales
702 1579 843 1618 proprie

140 1629 195 1670 qui
218 1637 325 1668 prope
354 1628 470 1657 Nilum
494 1627 718 1658 babitabant:
754 1628 843 1668 quod

140 1679 297 1709 observat
316 1677 420 1708 Diod.
450 1677 582 1708 Siculus
599 1678 654 1709 lii).
671 1681 702 1709 3.
749 1679 843 1709 Mau-

139 1741 191 1761 rus
204 1729 335 1768 incedit]
372 1729 530 1759 Maurum
547 1727 712 1759 referens.
753 1728 841 1760 Vide

141 1781 258 1820 Epigr.
276 1783 309 1810 3.
326 1779 383 1811 lib.
399 1779 516 1818 spect.
529 1788 617 1809 vers.
635 1782 667 1810 7.
695 1778 840 1810 Aristot.

140 1831 197 1861 lib.
214 1835 244 1861 .5.
263 1834 414 1870 generat.
430 1829 529 1860 anim.
545 1838 621 1868 cap.
638 1832 669 1859 3.

180 1884 199 1912 7
237 1880 312 1911 Coei
342 1878 482 1919 Sanlrae]
535 1878 591 1910 Al.
623 1879 837 1918 Cogisanlroe:

137 1932 225 1962 servi
241 1931 312 1962 scil.
328 1930 453 1960 Mauri.

178 1986 198 2013 9
222 1980 432 2020 Ριιίτεείνίεαῑ]
456 1980 523 2012 Qui
546 1979 706 2011 familiam
723 1981 765 2011 ad
782 1991 838 2021 pa·

136 2035 285 2064 laestram
299 2032 394 2073 ungit
410 2036 514 2073 atque
530 2036 683 2063 exercet.
717 2032 836 2073 Epigr.

135 2087 187 2116 57.
204 2083 263 2114 lib.
279 2086 309 2113 3.
326 2089 362 2114 et
377 2085 430 2113 82.

178 2137 216 2164 11
243 2132 468 2174 Εἱρραπι,ᾅ·ε.]
501 2131 674 2164 Pistorem
698 2132 741 2164 ab
757 2132 837 2173 igue

135 2185 279 2225 lippum.

178 2236 218 2264 12
244 2231 387 2272 Cinoeda]
409 2231 601 2272 Impudica.

178 2286 217 2315 13
243 2283 431 2323 Concubino]
457 2283 627 2313 Catamito
638 2287 707 2313 tuo.

178 2339 217 2367 14
243 2336 343 2373 Nefas
358 2346 418 2366 mm
433 2335 494 2376 est]
529 2335 590 2366 Est
613 2335 701 2366 enim
716 2343 835 2366 coucu-

134 2387 204 2418 bini
222 2387 271 2417 tui
286 2386 385 2417 filius.

179 2440 218 2468 16
243 2437 321 2472 Quoe
349 2437 393 2468 sic
417 2439 588 2475 moventur,
610 2437 679 2477 ἐξα]
709 2438 834 2468 Rarum

133 2488 219 2520 hoc:
253 2497 329 2518 nam
354 2497 433 2518 vere
457 2488 577 2519 scribit
604 2489 711 2521 Arist.
727 2489 787 2521 lib.
806 2493 834 2520 1.

133 2540 176 2571 de
192 2540 273 2570 hist.
301 2539 449 2570 Animal.
485 2549 562 2579 cap.
592 2543 641 2572 11.
665 2541 833 2572 hominem

132 2592 238 2622 solum
255 2600 327 2621 esse
342 2589 478 2621 auribus
495 2590 641 2621 immotis
663 2591 752 2622 inter
765 2593 836 2622 ani·

132 2642 255 2673 maiia:
281 2652 395 2672 verum
413 2642 567 2673 accidere
584 2643 775 2684 aliquando,
794 2649 833 2676 ut

134 2693 258 2724 violata
275 2702 369 2733 paene
383 2697 512 2724 natura‘
528 2693 615 2733 lege,
632 2693 830 2734 quibusdam

1494 160 1605 201 12(st

903 269 1002 292 aures
1019 267 1231 294 moveantur.
1260 263 1389 294 Herald.
1439 264 1482 294 Ut
1507 266 1606 295 solent

901 312 1078 352 asellorum]
1115 313 1186 343 Hos
1205 319 1242 344 ut
1259 314 1438 353 plurimum
1465 314 1606 345 stolidos

902 371 942 392 ac
958 361 1069 393 fatuos
1087 372 1160 393 esse
1189 364 1327 394 tradunt
1349 365 1607 405 Pliysiognomi-

902 411 958 449 ci;
996 411 1044 442 ita
1072 418 1107 442 ut
1138 413 1226 442 huuc
1256 418 1419 455 tanquam
1449 416 1607 446 morionis

900 461 1204 494 filiumsubsannet
1222 464 1401 496 Martialis.

945 516 985 544 19
1010 514 1188 554 Clcorauloe]
1212 514 1312 555 Epig.
1329 518 1382 546 57.
1398 515 1454 546 lib.
1468 519 1498 546 5.
1515 525 1607 548 νει-5.

900 566 931 595 9.

942 618 984 646 20
1019 615 1252 657 Hybridarum]
1286 616 1381 647 Servi
1410 617 1607 655 liberorum,

901 666 1044 706 ingenua
1071 673 1179 698 matre
1211 673 1247 698 et
1273 669 1382 698 servis
1412 668 1605 699 homiuibus

900 722 1068 757 natorum,
1085 728 1168 759 quos
1196 718 1317 758 Epigr.
1341 721 1394 748 85.
1422 717 1480 748 lib.
1499 721 1527 748 l.
1545 729 1605 759 ap-

900 769 1040 808 pellavit
1065 770 1074 784 ‘
1091 770 1225 810 equites
1243 768 1389 800 vernas.'
1435 769 1534 802 Quod
1550 780 1606 799 co-

898 820 1008 858 gitans
1025 820 1144 861 aliquis
1157 819 1242 851 fecit
1258 820 1292 852 iu
1306 821 1374 851 Ms.
1392 820 1579 851 Bodleiano
1596 832 1603 851 ε

895 870 972 900 Jam
997 872 1193 901 vernularum
1219 880 1313 910 grex.
1367 870 1525 912 Hybrida
1551 877 1603 902 est

896 919 999 951 foetus
1025 930 1068 951 ex
1095 921 1278 962 imparibus
1307 921 1526 962 parentibus:
1566 927 1604 952 ut

896 970 987 1001 canis
1003 981 1045 1002 ex
1060 973 1217 1002 venatico
1231 977 1265 1003 et
1283 972 1458 1012 gregario:
1486 983 1603 1003 amun-

891 1022 974 1059 grel.
1032 1022 1121 1052 Vide
1154 1023 1362 1063 Epigramm.
1396 1025 1449 1053 22.
1480 1022 1540 1054 lib.
1569 1028 1601 1054 ὅ.

897 1072 987 1102 Grex
1011 1073 1134 1113 plenus]
1172 1074 1217 1104 Ut
1243 1083 1412 1104 musarum
1428 1082 1603 1104 enumero

895 1124 1094 1162 novenario,
1110 1124 1165 1164 qui
1190 1124 1418 1164 Pythagoreis
1442 1133 1601 1155 uumerus

895 1171 1178 1212 perfectissimus,
1193 1183 1315 1212 nempe
1331 1174 1373 1204 ab
1390 1174 1511 1213 impari
1530 1175 1600 1204 uui-

895 1226 968 1252 tate
986 1222 1093 1262 primo
1111 1223 1309 1264 quadratus,
1332 1223 1506 1264 tribusque
1523 1232 1601 1254 con-

895 1277 990 1303 stans
1007 1274 1179 1304 ternariis.

938 1327 977 1356 21
1003 1325 1105 1366 Spudo
1124 1327 1268 1364 Coresus,
1279 1325 1348 1366 cisen]
1374 1325 1441 1358 Qui
1459 1326 1602 1356 testibus

894 1376 1020 1407 evulsis
1044 1377 1086 1407 ad
1114 1376 1408 1417 impraegnaudum
1433 1376 1600 1416 impotens

895 1430 961 1464 est,
984 1427 1054 1458 coit
1070 1433 1196 1458 tamen.
1223 1427 1259 1458 J.
1278 1427 1314 1458 C.
1330 1426 1421 1458 Scal.
1444 1427 1602 1459 Exercit.

895 1479 970 1509 275.

939 1529 1042 1559 Eme.
1082 1536 1139 1559 xn.
1192 1531 1209 1558 l
1246 1526 1315 1558 Tibi
1344 1527 1439 1567 nulla,
1467 1527 1600 1568 Lycori]

895 1578 1074 1611 Quondam
1085 1579 1216 1619 juveni.

937 1632 957 1659 2
982 1627 1352 1669 Glyccroesoe111i71a‚85c·.]
1375 1628 1395 1660 J
1401 1638 1452 1659 am
1464 1628 1498 1658 iu
1515 1627 1598 1659 flore

894 1679 980 1719 ipso.

937 1733 955 1761 3
974 1730 1055 1760 Hoec
1070 1730 1132 1760 erit
1150 1728 1220 1768 hoc]
1252 1729 1405 1768 Glycera
1423 1729 1488 1759 erit
1504 1738 1598 1767 anus,

892 1784 930 1810 ut
944 1780 1095 1820 Lycoris,
1110 1781 1204 1809 vivat
1225 1778 1337 1809 modo.
1385 1779 1430 1809 Ta
1444 1788 1502 1809 71011
1511 1784 1598 1818 potes

891 1839 964 1869 esse,
977 1830 1047 1870 Era]
1082 1831 1130 1860 Tu
1150 1830 1290 1870 Lycoris
1306 1838 1371 1859 non
1400 1837 1498 1870 potes
1519 1840 1594 1861 esse

892 1880 1002 1919 puella
1017 1888 1054 1911 ut
1070 1879 1230 1919 Glycera.

934 1931 1038 1961 Eme.
1065 1938 1141 1961 xm.
1189 1929 1273 1960 Ravi
1302 1929 1460 1959 laborans
1492 1930 1594 1968 poeta

889 1981 1069 2022 quispiam,
1093 1979 1202 2011 focale
1218 1980 1260 2010 ad
1276 1979 1392 2010 fauces
1420 1985 1456 2011 et
1476 1986 1596 2020 guttur

889 2032 1093 2063 servandum
1112 2031 1308 2063 adhibebat.
1347 2031 1518 2064 Martialis
1537 2034 1595 2064 ab·

889 2083 1027 2114 surdum
1052 2084 1125 2124 ejus
1149 2083 1278 2114 factum
1306 2094 1325 2114 a
1352 2085 1531 2114 contrariis
1558 2090 1594 2116 et

889 2135 1123 2174 pugnantibus
1140 2139 1248 2165 notat.
1292 2135 1359 2173 Tu,
1375 2134 1454 2175 quia
1474 2134 1590 2166 fauces

890 2184 1033 2224 obligas,
1050 2184 1200 2215 ostendis
1216 2189 1251 2215 te
1267 2194 1405 2215 raucum
1423 2194 1509 2222 esse,
1525 2194 1591 2215 non

889 2245 986 2276 posse
1004 2235 1094 2276 loqui
1109 2247 1118 2274 ;
1154 2235 1243 2266 idem
1268 2239 1381 2265 tamen
1398 2245 1498 2275 quum
1517 2244 1591 2265 rau·

888 2296 947 2317 cus
963 2286 1118 2317 ascendis
1132 2291 1167 2317 et
1179 2285 1317 2324 recitas,
1330 2294 1434 2324 negas
1446 2289 1480 2314 te
1494 2294 1591 2324 posse

888 2343 1014 2369 tacere..
1062 2336 1136 2367 Nee
1162 2341 1279 2368 tacere
1305 2345 1475 2376 ergo‚nec
1500 2337 1591 2378 loqui

887 2389 989 2419 nosti.
1035 2387 1087 2418 De
1101 2396 1192 2418 more
1210 2397 1289 2418 vero
1306 2385 1424 2417 fauces
1439 2386 1590 2427 obligan-

887 2437 934 2479 di,
949 2437 1025 2468 vide
1041 2438 1105 2476 Ep.
1121 2439 1194 2468 142.
1211 2437 1268 2467 lib.
1286 2439 1335 2467 14.
1360 2437 1444 2467 Rad.

932 2491 947 2518 l
973 2488 1036 2523 Qui
1051 2487 1180 2527 recitat]
1217 2487 1305 2518 Vide
1326 2488 1442 2527 Epigr.
1458 2490 1511 2519 41.
1528 2487 1588 2520 lib.

885 2542 917 2570 4.
963 2540 1007 2569 Et
1037 2539 1116 2569 colla
1146 2536 1315 2577 revinctus]
1349 2539 1415 2569 Ms.
1446 2544 1585 2570 noster:

885 2595 914 2622 et
930 2593 1066 2630 tempora
1089 2590 1208 2619 vincta.-
1240 2594 1275 2620 et
1295 2599 1395 2620 mox:
1430 2599 1517 2630 posse
1536 2594 1584 2621 la-

885 2650 971 2671 cere:
993 2640 1081 2680 quod
1100 2640 1189 2679 vulg.
1207 2648 1305 2670 nosse.

926 2694 945 2722 2
971 2691 1035 2720 Hic
1050 2700 1080 2721 se
1103 2700 1188 2729 posse
1201 2691 1294 2730 loqui,
1317 2689 1386 2730 ἐξα]
1422 2689 1582 2722 Alludete
