1866 3131
366 174 414 204 M.
447 175 556 204 VAL.
589 174 862 204 MAR'HALIS
897 175 1054 205 EPIGR.
1089 176 1182 206 Llss.
1215 178 1306 208 xil.

118 268 292 306 eleganter
321 273 448 308 monet,
473 274 510 300 ut
533 269 594 300 sibi
618 274 748 300 tantun»
773 279 812 299 ea

119 318 297 358 relinquat,
313 329 387 360 quae
403 320 475 360 ipse
492 321 595 351 nolit:
625 326 721 360 turpe
738 328 812 350 esse

119 369 231 399 omnia
247 370 344 408 velle,
368 380 468 410 quum
497 370 530 400 in
554 380 621 402 uno
643 371 812 401 excellere

120 419 174 448 vix
194 420 312 458 possis,
339 420 419 450 Rad.

164 472 177 498 l
207 469 302 510 Epos]
325 470 468 500 Carmen
481 470 622 510 Epicnm
636 480 692 501 seu
706 470 812 501 heroi-

119 528 207 549 cum.

161 571 180 598 :3
208 569 330 609 Thalia]
344 571 501 612 Epigns.
514 571 600 602 libro
611 575 643 602 4.
661 582 745 602 vers.
761 575 811 602 12.

120 624 155 649 et
172 620 289 659 Epigr.
308 623 358 653 17.
377 622 434 652 lib.
450 625 480 652 7.
496 631 585 653 vers.
603 624 634 653 4.
681 622 813 652 Cothur-

117 670 183 709 ηας]
208 671 322 711 Epigr.
340 674 391 702 20.
409 673 465 703 lib.
478 675 508 703 3.
523 682 610 703 vers.
626 676 656 703 7.

159 722 177 749 4
203 720 342 759 Aptasti,
369 721 435 760 δικ]
471 723 519 752 Tu
543 731 675 763 qnoque
694 726 813 753 contu-

116 768 183 799 listi
200 774 234 799 te
251 770 291 800 ad
309 771 517 811 tragoediam.
561 773 681 812 syrma
700 778 812 803 autem

116 821 320 859 tragicorum
349 822 456 852 vestis
485 827 547 861 est,
574 828 612 854 ut
641 823 813 864 Epigram.

117 871 168 899 49.
185 869 243 900 lib.
260 874 291 901 zi.
308 880 394 902 vers.
409 874 440 902 8.

159 924 177 950 5
203 920 274 950 Fila
298 922 375 962 lyroe
399 921 494 962 movi]
541 922 668 963 Scripsi
696 922 811 963 lyrica.

120 971 288 1010 Cumanis]
311 972 441 1004 Quibus
467 973 601 1004 tandem
625 973 734 1004 doctis
751 974 811 1004 Ca-

116 1021 257 1050 moenis?
281 1021 333 1051 An
349 1023 427 1063 quia
444 1023 652 1063 praecedenti
669 1023 810 1054 disticho

115 1069 263 1101 Thaliam
295 1074 462 1112 appellat;
485 1074 560 1104 aliae
591 1079 668 1105 sunt
698 1074 809 1105 doctae

115 1121 297 1161 Camoenae,
310 1122 385 1153 aliae
400 1124 507 1154 Musae
522 1124 699 1155 Pierides?
735 1125 809 1154 Mu-

115 1174 138 1203 ti
167 1183 282 1204 omnes
319 1174 395 1205 aliis
422 1176 483 1205 visi
513 1176 660 1213 codices,
693 1185 808 1206 omnes

113 1225 283 1255 editores:
320 1225 377 1255 sed
405 1227 568 1266 praeclare
593 1226 808 1256 'l'hnanornm

112 1281 363 1305 monumentum
378 1287 385 1306 :
405 1276 475 1306 Fila
491 1276 568 1316 lyroe
576 1276 656 1307 movi
670 1276 811 1307 Calabris

111 1326 233 1355 exculta
256 1326 428 1357 Camoenis:
451 1326 540 1367 qnod
565 1327 808 1367 explicabimus

113 1385 152 1405 ex
173 1374 229 1406 lib.
247 1379 278 1406 5.
304 1377 421 1416 Epigr.
439 1380 489 1408 30.
523 1379 531 1394 ‘
546 1378 656 1408 Varro
680 1377 808 1417 Sopho-

113 1427 185 1456 cleo
215 1436 279 1457 non
318 1426 498 1457 inficiande
531 1429 707 1467 cothurno,
736 1428 808 1458 Nec

114 1478 222 1507 minus
251 1478 282 1507 in
309 1478 452 1508 Calabra
475 1478 687 1518 suspiciende
712 1480 808 1519 lyra.’

63 1563 65 1565 ι
114 1528 158 1557 Et
174 1528 374 1558 luculentius
396 1528 453 1559 lib.
469 1531 499 1559 S.
518 1529 634 1569 Epigr.
652 1533 701 1560 18.
719 1530 807 1570 quod

114 1585 148 1608 ot
172 1579 279 1618 ipsum
304 1588 413 1618 nuper
436 1588 455 1609 a
479 1580 615 1620 scriptis
636 1580 808 1611 codicibus

114 1629 216 1668 coepit
234 1630 397 1669 integrius
414 1629 540 1660 haberi.
566 1629 701 1660 Gronov.

155 1682 174 1708 7
200 1679 349 1717 Lucilius,
365 1679 432 1718 δῖα]
455 1679 740 1719 Satyrograplius.

155 1734 175 1760 9
200 1730 283 1764 Quid
312 1729 412 1759 minus
442 1739 505 1760 esse
540 1728 653 1769 potest]
699 1730 808 1761 Quam

112 1780 262 1811 scribere
278 1780 554 1819 Epigrammata?

157 1830 260 1859 ΕΡιῦ.
288 1838 387 1859 xcux.
444 1829 648 1860 Instantinni
684 1829 807 1861 Rufum

114 1880 232 1911 Macro
249 1890 480 1910 successurum
499 1881 531 1910 in
547 1881 734 1920 provincia,
751 1890 808 1910 ex-

113 1932 197 1971 cipit
211 1930 376 1961 Carmine.

157 1983 173 2011 l
200 1981 314 2019 Boetis,
327 1980 395 2020 ξιπ]
422 1981 469 2011 Fl.
487 1980 630 2020 Hispan.
649 1980 738 2012 unde
754 1989 808 2010 no-

112 2040 188 2062 men
213 2031 393 2071 provinciae
409 2032 562 2071 Baeticae,
587 2041 685 2073 quam
703 2031 808 2062 medi-

113 2091 165 2111 am
197 2081 361 2118 interluit,
398 2082 494 2122 cujns
523 2082 688 2122 margines
726 2082 809 2112 oleis

113 2131 245 2163 florent.
291 2132 402 2164 Quum
421 2133 477 2162 alii
496 2132 602 2173 poetae
623 2134 806 2172 plerunque

113 2181 231 2213 fluvios
249 2182 462 2212 arundinibus
479 2183 628 2222 cingant.

155 2236 174 2263 2
198 2233 300 2263 Aurea
325 2234 377 2272 quz'
404 2233 514 2271 tingis,
544 2232 615 2272 δῖα]
638 2232 806 2272 Saepicule

114 2283 225 2313 Poeta
242 2283 333 2313 lanas
350 2283 497 2314 Baeticas
512 2283 720 2323 praedicavit.
750 2284 807 2312 Vi-

115 2334 158 2363 de
172 2333 343 2372 Epigram.
357 2336 410 2363 28.
422 2334 478 2364 lib.
496 2336 525 2364 8.
548 2343 633 2364 vers.
651 2336 681 2365 6.
700 2338 734 2363 et
750 2333 807 2363 lib.

117 2385 167 2414 14.
186 2382 302 2423 Epigr.
321 2386 394 2414 153.

202 2774 311 2814 Dvlph.
325 2778 352 2804 rt
370 2773 443 2803 l'ar.
461 2772 542 2802 Clas.

757 2771 898 2801 Martini.

1449 171 1560 211 1425

906 272 924 299 3
957 269 1119 310 Bromius]
1163 272 1328 312 Bacchus,
1360 271 1489 303 faciens
1523 279 1560 304 ut

864 318 992 350 Raetica
1018 320 1171 352 abundet
1198 324 1286 353 vino.
1331 323 1438 353 Pallas
1461 324 1560 363 amat]

863 369 1004 399 Faciens
1020 374 1058 400 ut
1073 371 1205 402 Baetica
1217 372 1369 404 abundet
1386 373 1472 404 oleo.
1500 374 1559 404 Cui

860 423 960 450 rector
974 421 1137 461 aquarum]
1171 422 1234 453 Cui
1250 424 1431 463 Neptunus
1449 425 1560 464 aperit

861 470 928 501 iter
942 471 1152 511 navigerum,
1163 472 1369 514 (navigable,)
1382 477 1420 504 ut
1435 482 1559 504 exone-

863 524 957 551 retur
969 520 1000 550 in
1014 530 1097 551 cana
1114 521 1204 553 freta
1216 523 1358 563 Oceani,
1368 523 1424 565 qui
1434 523 1559 554 Baetim

863 570 1003 609 excipit.

904 624 922 650 5
953 620 1077 652 Vestras
1087 622 1171 662 oras]
1183 622 1395 662 Hispaniam,
1409 624 1462 654 cni
1474 634 1558 664 prae-

862 670 962 701 sidet.
1007 671 1194 712 Instantius]
1230 671 1286 703 Ad
1312 682 1410 713 quein
1428 678 1480 703 est
1496 674 1560 713 Ep.

863 722 916 750 73.
947 720 1005 751 lib.
1043 724 1072 752 8.
1109 722 1207 762 cujus
1237 723 1299 753 hoc
1331 723 1559 762 principium:

861 771 870 787 ‘
885 771 1044 810 luctanti,
1067 782 1133 813 quo
1146 782 1209 804 nec
1223 773 1387 804 sincerior
1403 773 1489 803 alter
1504 773 1561 803 lia-

863 821 1060 860 betur,’&c.

906 876 926 902 6
950 873 1014 904 Hic
1026 874 1160 914 populis,
1175 874 1246 914 cisa]
1280 874 1389 913 Felix,
1412 878 1449 905 ut
1468 874 1561 914 prior

862 923 922 953 sub
950 923 1244 956 administratione
1279 925 1403 956 Macri.
1446 925 1562 965 Epigr.

862 975 914 1004 87.
932 973 990 1004 lib.
1010 977 1061 1005 10.

904 1026 921 1053 7
949 1025 1034 1054 Onus
1049 1025 1126 1064 quod
1138 1025 1193 1063 sit,
1208 1024 1277 1064 Era]
1302 1024 1410 1056 Quani
1424 1023 1560 1054 difficile

860 1072 915 1111 sit,
934 1073 1013 1112 quid
1031 1073 1291 1113 expecteturab
1309 1073 1379 1112 illo,
1395 1073 1452 1114 qui
1465 1082 1560 1104 sanc-

862 1128 897 1154 to
932 1130 965 1154 et
1004 1125 1138 1164 integro
1178 1124 1381 1156 successerit
1410 1124 1561 1165 praesidi,

859 1174 992 1214 qualem
1005 1184 1039 1205 se
1056 1174 1159 1214 gessit
1175 1175 1304 1206 Macer.

902 1227 921 1254 8
946 1224 1008 1258 Qui
1023 1235 1079 1255 sua
1095 1226 1223 1256 metitur
1238 1226 1381 1264 pondera,
1393 1224 1460 1264 ἔγω]
1492 1225 1559 1257 Qui

859 1273 975 1305 habita
997 1274 1116 1306 virium
1140 1284 1274 1305 suarum
1299 1275 1444 1314 ratione,
1467 1275 1559 1306 videt

861 1335 959 1365 quam
985 1335 1087 1366 grave
1111 1325 1232 1357 subeat
1262 1335 1357 1365 onus,
1384 1326 1440 1356 illc
1470 1324 1560 1356 ferre

861 1375 1000 1416 poterit.

902 1427 1008 1457 ΕΡιῦ.
1026 1437 1056 1458 c.
1101 1430 1118 1457 3
1144 1426 1284 1466 I'rz‘scos]
1308 1428 1471 1468 Majores.

902 1481 921 1509 4
946 1477 1068 1517 Habes]
1096 1478 1244 1509 Nullius.
1289 1478 1335 1508 Es
1365 1478 1480 1518 itaque
1512 1477 1561 1508 es·

859 1528 965 1567 from,
984 1534 1019 1558 ut
1037 1532 1136 1568 patet
1160 1537 1202 1558 ex
1218 1528 1388 1558 lemmate.
1433 1528 1557 1558 Verum

860 1578 1075 1618 Epigramma
1091 1578 1154 1608 hoc
1180 1587 1246 1608 non
1273 1578 1364 1617 sapit
1389 1578 1559 1608 Martialis

858 1637 996 1658 acumen
1013 1639 1021 1658 2
1047 1633 1083 1658 ut
1107 1637 1169 1659 nec
1186 1627 1378 1667 sequentia,
1397 1637 1472 1668 quae
1495 1637 1558 1658 nec

857 1678 1044 1708 Scriverius
1071 1687 1139 1708 suae
1164 1676 1307 1707 editioni
1332 1677 1482 1707 inserere
1506 1682 1558 1708 est

859 1728 1031 1767 dignatus.

902 1778 1007 1808 Epio.
1032 1787 1078 1808 ci.
1124 1779 1143 1807 2
1168 1777 1315 1815 Dormio,
1340 1777 1455 1816 Matce,
1485 1778 1559 1819 tibi]

857 1827 946 1864 Tibi,
977 1836 1043 1857 non
1081 1837 1166 1866 sum,
1203 1835 1268 1857 non
1301 1836 1450 1867 possum,
1490 1837 1555 1859 non

858 1878 939 1908 licet
955 1886 1028 1908 esse
1044 1877 1152 1908 domi:
1176 1878 1245 1916 vel,
1262 1877 1401 1917 respicit
1415 1878 1457 1909 ad
1477 1878 1558 1909 Gal-

859 1928 933 1958 bam
967 1928 1021 1968 qni
1050 1927 1240 1958 dormiebat
1270 1927 1476 1959 Maecenati:
1503 1929 1558 1958 vel

860 1979 1003 2009 Ennium
1030 1977 1293 2018 respondentem
1310 1978 1471 2018 Scipioni,
1493 1980 1503 1995 ‘
1522 1987 1557 2009 se

859 2038 922 2059 nou
940 2038 1012 2058 esse
1026 2027 1140 2058 domi!

900 2079 1082 2109 EP1G.C11.
1128 2081 1146 2108 3
1175 2078 1309 2109 Vendita
1321 2078 1416 2119 saepe]
1437 2077 1557 2109 Pretio

858 2127 1051 2169 prostituta.

899 2183 918 2211 4
948 2179 1144 2218 Vendenlem,
1166 2179 1236 2218 dra]
1259 2178 1419 2218 Triopeis
1435 2178 1554 2216 altera,

856 2240 952 2272 quam
980 2229 1150 2260 famelicus
1169 2235 1266 2269 pater
1288 2229 1503 2259 Erisiclithon
1520 2230 1552 2258 in

857 2282 965 2311 vaiias
996 2290 1030 2311 se
1062 2285 1246 2310 mutantem
1282 2279 1405 2318 figuras
1431 2278 1553 2318 saepius

858 2331 1023 2361 vendidit.
1068 2330 1210 2360 Ovidius
1227 2331 1312 2361 libro
1326 2332 1356 2360 8.
1370 2329 1554 2360 Metamor-

859 2380 951 2420 phos.

1389 2765 1465 2795 4X
