1866 3131
399 160 448 188 M.
483 159 592 188 VAL.
624 159 900 188 MARTlALlS
937 160 1096 190 lil’lGR.
1133 162 1225 190 [AB.
1260 163 1309 191 ΙΙ.

126 259 257 285 tronum
273 254 411 285 divitem
429 260 465 286 et
482 255 721 295 potentiorem,
737 251 820 283 Poe-

127 305 168 335 tis
184 307 192 321 ‘
208 306 333 345 Regem
348 305 354 317 ’
378 306 517 337 dictum.

167 358 185 385 7
212 357 287 386 Esse
302 360 349 387 sut
366 360 410 387 est
427 355 563 394 servum]
589 354 758 386 Renuntio
774 352 822 384 of-

125 405 238 437 ficium
254 407 432 446 salutandi,
444 406 708 445 comitamli‚&c.
722 414 825 446 quau-

127 456 308 497 doquidetn
335 457 406 497 ipse
432 456 513 487 illud
528 456 642 494 subis3
673 457 753 486 satis
770 460 823 486 est

125 515 178 536 me
211 516 284 537 esse
308 516 453 542 servum,
482 507 559 537 nolo
583 516 656 537 csse
677 506 824 537 vicarius

126 557 302 595 servi,hoc
325 563 389 598 est,
404 567 519 588 servus
542 558 644 588 servi.
676 558 824 588 Haderus.

131 608 272 638 i'icarius
283 608 362 648 esse]
385 608 460 639 Sive
473 609 606 639 vicarius
618 612 663 639 est
674 608 725 648 qui
737 617 825 638 sert-o

123 658 824 698 paret‚etint'aiuiliasubalteriusservipo·

129 714 251 740 testate
265 715 328 745 ost,
341 709 396 749 qui
414 715 448 739 et
465 709 652 739 Ordinarius
671 713 824 739 vocatur.

171 763 190 790 8
215 761 278 796 Qui
295 761 366 791 Rea:
378 765 436 800 est,
449 760 518 800 ἐξιη]
544 760 638 792 Infra
655 771 708 801 ep.
726 764 779 791 32.

169 811 272 842 Eme.
303 820 379 842 xix.
414 815 429 842 1
453 812 599 851 Felicem,
627 811 697 851 ssa]
735 812 824 842 Beat

125 863 259 903 quidem
277 864 369 893 lauta
386 872 492 901 coena,
517 868 572 893 tua
601 873 825 904 nequaquam,

127 922 203 953 quae
227 912 375 951 sordida,
392 918 425 943 et
453 913 555 952 digna
574 913 750 952 mendicis,
766 913 822 953 qui

126 962 167 992 ad
192 962 340 993 Ariciam
366 968 401 993 et
428 963 549 993 clivum
567 963 677 993 Virbii
695 972 824 993 recum-

124 1013 226 1044 bunt:
251 1014 297 1043 sic
313 1013 469 1044 Juvenal.
494 1016 502 1029 ⁴
520 1013 650 1051 Dignus
666 1012 823 1043 Aricinos

126 1064 180 1104 qui
201 1062 408 1093 mendicaret
421 1063 463 1093 ad
479 1064 578 1094 axes.'
609 1063 676 1094 Sed
702 1063 734 1093 in
752 1063 822 1094 dic-

127 1114 218 1145 tione
245 1114 418 1144 recumbere
442 1113 541 1154 ludit,
565 1119 602 1145 ut
631 1114 766 1145 convivis
788 1118 824 1145 et

125 1164 274 1195 mendicis
294 1164 469 1195 communi.

167 1214 272 1244 Epio.
292 1222 351 1244 xx.
378 1217 393 1244 1
421 1214 570 1245 Carmina
594 1215 724 1246 Paullus
739 1215 824 1254 emit,

123 1264 192 1305 ᾃϊ.]
216 1264 425 1305 Plagiarium
455 1265 599 1296 Paulum
629 1265 824 1296 excusando

123 1315 248 1356 carpit,
267 1316 335 1356 qui,
350 1325 450 1357 quum
468 1316 618 1347 carmina
629 1321 771 1354 emeret,
787 1319 824 1347 ut

125 1375 183 1397 sua
197 1365 387 1396 recitabat:
405 1376 482 1397 nam
495 1367 667 1406 emptione
682 1376 734 1397 res
746 1371 824 1397 sunt

125 1417 300 1457 emptoris.
325 1417 482 1448 Ramires.
527 1417 583 1448 Sic
608 1417 630 1448 l.
663 1420 692 1448 l.
716 1417 823 1457 epigr.

125 1470 178 1499 30.
194 1468 265 1498 etl.
278 1471 308 1498 6.
325 1467 432 1507 epigr.
452 1470 501 1498 12.

170 1519 273 1548 Eme.
289 1526 368 1549 xxi.
388 1521 400 1547 1
422 1517 599 1557 Dextram]
616 1518 824 1548 Esoseulan-

128 1567 216 1599 darn.
265 1569 398 1598 Malunt
422 1568 478 1598 alii
502 1568 717 1607 simpliciter,
750 1577 824 1607 pre-

125 1617 338 1648 hendendam
356 1616 644 1658 tangendamque:
671 1617 762 1658 quod
787 1617 825 1647 il-

126 1668 182 1698 lud
202 1667 297 1697 nimis
315 1666 502 1698 fastuosum
520 1667 576 1707 sit,
591 1667 824 1708 etImperato-

129 1727 201 1748 rum
222 1718 405 1758 proprium.

170 1773 190 1800 2
217 1769 302 1800 Malo
330 1767 468 1808 manum]
506 1768 704 1808 Displicent
736 1767 823 1798 enim

128 1819 223 1851 basia
240 1820 354 1860 spurci
371 1820 458 1859 oris;
482 1828 584 1859 supra
601 1819 706 1858 epigr.
725 1821 775 1849 10.
788 1823 824 1849 et

129 1874 181 1902 12.

169 1922 273 1952 Eme.
287 1929 379 1952 xxn.
407 1923 423 1951 1
441 1918 568 1959 Plaoebe,
583 1917 651 1960 ξω]
682 1917 691 1934 ‘
706 1918 824 1949 Numi-

126 1980 170 2001 na
201 1971 323 2001 cultori
350 1970 539 2011 perniciosa
565 1968 649 2008 su0‚'
674 1968 775 2000 Ovid.
791 1972 822 2000 2.

124 2021 226 2052 Trist.
243 2029 387 2061 namque
400 2030 451 2050 me
467 2019 557 2060 prius
570 2019 691 2050 leviter
707 2023 821 2049 notum

127 2070 265 2101 dimidio
280 2070 374 2101 basio
390 2070 658 2109 salutabat‚jam
681 2079 723 2100 ex
751 2079 821 2100 car-

126 2121 271 2153 minibus
292 2121 454 2152 notiorem
469 2131 520 2152 me
536 2126 608 2152 toto
622 2131 680 2152 ore
693 2121 823 2152 oscula-

126 2177 198 2203 tur:
223 2182 320 2213 quam
335 2177 467 2212 gratum
478 2177 590 2203 autem
604 2171 646 2202 sit
658 2171 754 2211 illud,
766 2171 822 2202 do-

127 2222 199 2253 cuit
216 2222 322 2262 epigr.
341 2225 392 2253 10.
408 2232 522 2263 snpra.

171 2272 273 2303 EP1G.
310 2281 417 2304 xxm.
455 2276 470 2303 1
506 2273 578 2303 Νοη
615 2275 726 2312 dicam,
752 2272 820 2313 ξω]

129 2322 246 2363 Epigr.
261 2325 311 2353 12.
326 2333 412 2354 vers.
430 2326 459 2355 l.

171 2376 190 2404 3
216 2374 300 2408 Quid
314 2372 487 2412 enim‚&c.]
511 2373 579 2404 Cur
607 2374 696 2404 euim
723 2373 820 2404 velim

127 2424 221 2455 illum
239 2424 410 2464 publicato
420 2424 552 2454 nomine
569 2422 752 2463 offendere,
766 2424 821 2455 cui

127 2473 228 2505 facile
255 2479 308 2504 est
332 2483 396 2512 me,
413 2472 509 2503 foedis
525 2473 649 2504 osculis
666 2473 727 2504 sub
743 2474 823 2503 ami-

127 2525 221 2556 eitiae
252 2524 385 2554 nomine
409 2523 510 2561 datis,
525 2529 625 2564 atque
641 2523 726 2554 adeo
743 2524 821 2555 milli

126 2584 193 2605 non
217 2574 417 2612 abnuendis,
435 2573 623 2604 vindicare?
647 2574 755 2614 epigr.
770 2576 822 2605 94.

127 2624 148 2655 l.
162 2627 192 2655 7.
208 2634 296 2654 vers.
312 2626 343 2654 3.
389 2624 445 2654 Ita
459 2623 645 2655 Artemona
659 2624 717 2655 illa
731 2624 821 2664 apud

128 2673 286 2704 Plautum
306 2674 338 2704 in
368 2673 539 2704 Asinaria:
571 2674 681 2705 ‘Nam
707 2675 734 2705 si
764 2674 823 2705 do-

128 2734 217 2758 mum
240 2725 380 2757 redieris
412 2724 524 2765 hodie,
552 2724 735 2757 osculando
759 2734 822 2765 ego

1464 152 1481 190 l
1493 150 1575 191 143

875 253 1017 284 ulciscar
1030 253 1263 293 potissimum‚'
1278 265 1352 285 cum
1370 254 1461 295 prius
1472 254 1574 285 dixis-

874 310 925 335 set
950 306 1183 344 Demaenetus,
1206 307 1328 336 ‘malle
1359 315 1394 336 se
1416 310 1574 337 nauteam

874 355 1002 392 bibere,
1017 364 1115 395 quam
1133 355 1222 385 illam
1237 355 1403 387 osculari!

918 406 1023 436 Eme.
1037 413 1138 435 xx1v.
1156 409 1170 436 l
1190 405 1289 437 Sidet
1302 406 1496 446 irziqua‚&c.]
1512 407 1575 437 Le-

876 466 917 496 ge
942 460 1087 496 quatuor
1119 456 1246 495 primos
1276 466 1390 487 versus
1418 466 1460 487 ex
1496 466 1573 497 per-

876 516 956 538 sona
973 505 1131 545 Candidi,
1146 510 1183 536 ut
1199 507 1254 546 qui
1267 516 1360 546 saepe
1372 507 1577 546 promiserat

875 567 909 588 se
924 557 1082 588 comitem
1099 556 1172 587 fore
1193 557 1356 597 Martiali,
1371 557 1399 588 si
1421 558 1575 590 adversae

877 617 929 638 res
945 605 1153 637 incidissent.
1169 609 1199 636 et
1213 607 1322 644 fatcor
1337 617 1384 637 me
1399 608 1448 638 hic
1463 608 1579 639 dissen-

875 659 935 689 tire
964 658 1002 688 ab
1030 657 1102 687 aliis
1128 657 1265 687 omnibus
1288 657 1509 698 interpretibus
1523 659 1578 698 qui

875 708 939 739 hoec
954 708 1095 738 tribuunt
1109 707 1229 746 Po'e‘toe,
1242 709 1295 738 sed
1303 707 1427 745 judicet
1440 708 1565 740 Lector.

919 762 938 789 2
963 759 1155 799 Squalidus,
1177 759 1245 799 ssa]
1268 759 1414 789 Reorum
1439 759 1575 799 propin-

877 810 948 849 quis
978 814 1014 840 et
1034 809 1150 840 amicis
1167 809 1280 839 niveas
1306 813 1400 849 togas
1431 809 1576 840 sordidis

876 865 1006 890 mutare
1025 860 1057 890 iu
1070 859 1224 899 judiciis,
1246 859 1347 890 moris
1365 863 1452 896 erat,
1465 860 1498 890 iu
1514 860 1575 891 mi-

874 910 1068 941 sericordiae
1084 911 1276 951 aucupium.

916 964 936 992 4
961 962 1025 992 Per
1053 961 1155 1001 freta,
1184 971 1240 1001 per
1267 961 1419 1002 scopulos]
1447 961 1575 1002 Ingens

875 1022 996 1053 nempe
1021 1012 1141 1043 amoris
1158 1017 1194 1043 et
1212 1013 1370 1044 amicitiae
1386 1012 1492 1044 firmae
1505 1022 1576 1045 cer-

875 1067 988 1104 taeque
1005 1067 1254 1102 argumentum.

916 1118 934 1145 5
960 1115 1027 1145 Dat
1042 1115 1101 1144 tibi
1126 1115 1268 1155 divitias]
1292 1115 1370 1147 Jarn
1396 1123 1479 1145 vero
1507 1113 1575 1145 for-

874 1169 958 1195 tuna
976 1164 1035 1194 tibi
1054 1164 1147 1194 dedit
1164 1174 1257 1204 opes,
1281 1165 1432 1206 nunquid
1448 1165 1497 1195 his
1521 1173 1576 1195 me

875 1215 1083 1254 participas?
1107 1223 1172 1245 non
1190 1224 1321 1254 aequam
1339 1216 1454 1245 harum
1474 1224 1575 1255 posco

875 1269 1022 1305 partem,
1039 1274 1231 1305 quanquam
1247 1275 1359 1306 neque
1372 1265 1444 1295 haec
1460 1265 1575 1305 iniqua

874 1320 965 1346 esset
982 1315 1174 1355 postulatio,
1190 1315 1279 1355 apud
1299 1325 1374 1346 eum
1389 1315 1445 1356 qui
1463 1324 1498 1345 se
1513 1315 1575 1345 mi-

873 1365 906 1396 hi
930 1366 1031 1396 toties
1062 1365 1250 1406 ingesserat
1277 1365 1495 1396 adversarum
1523 1375 1575 1397 re-

875 1426 946 1446 rum
977 1415 1117 1455 socium,
1147 1422 1182 1446 et
1206 1417 1260 1447 cui
1289 1425 1421 1456 semper
1445 1416 1479 1446 iu
1504 1425 1575 1456 ore,

874 1466 960 1498 κοινὰ
975 1466 1072 1506 φίλων
1082 1465 1194 1506 πάντα,
1217 1466 1303 1497 infra
1325 1467 1432 1507 epigr.
1445 1469 1499 1498 43.
1513 1466 1573 1497 sed

874 1518 953 1548 mihi
982 1524 1017 1549 tu
1034 1527 1076 1547 ue
1094 1516 1282 1547 teruncium
1297 1517 1444 1557 quidem.

917 1571 936 1598 7
961 1569 1084 1599 Mecum
1099 1569 1161 1598 eris
1175 1577 1248 1607 ergo
1264 1567 1369 1607 miser]
1395 1568 1450 1598 Ita
1465 1567 1573 1598 habeo

877 1623 910 1649 te
923 1619 1057 1660 quidem
1069 1618 1213 1649 amicum
1226 1617 1279 1659 (ut
1292 1617 1356 1659 ais)
1370 1623 1527 1658 paratum
1538 1618 1572 1648 in

874 1669 1038 1700 adversis.
1085 1670 1176 1704 Quod
1187 1669 1304 1709 si‚&c.]
1326 1669 1393 1700 Sed
1410 1669 1437 1699 si
1447 1669 1572 1700 dexter

874 1718 935 1750 tibi
962 1718 1128 1750 affulserit
1152 1719 1340 1750 Mercurius
1365 1723 1401 1750 et
1424 1719 1572 1760 benigne

873 1775 987 1801 tecum
1004 1769 1124 1800 luserit
1150 1768 1299 1808 fortuna,
1316 1769 1378 1800 tibi
1394 1768 1456 1800 soli
1477 1769 1572 1800 dives

873 1822 939 1852 eris
953 1832 960 1852 :
987 1826 1023 1852 et
1039 1821 1072 1852 in
1096 1821 1244 1852 secunda
1257 1825 1316 1852 tua
1332 1819 1469 1852 fortuna
1484 1830 1537 1851 me
1553 1830 1572 1851 a

874 1877 907 1903 te
925 1872 1074 1912 repellis.

915 1922 1022 1953 Epm.
1053 1930 1142 1953 xxv.
1178 1924 1194 1952 1
1221 1921 1291 1952 Das
1315 1930 1482 1961 nunquam,
1503 1920 1575 1962 ἔξω]

873 1973 1041 2006 Quoniam
1057 1973 1105 2004 ita
1120 1971 1259 2003 lubricae
1277 1981 1336 2003 seu
1352 1975 1571 2012 praeposterae

871 2034 905 2054 es
921 2024 1015 2063 fidei,
1035 2028 1071 2054 ut
1086 2022 1294 2054 contrarium
1316 2031 1451 2063 semper
1465 2020 1571 2052 facias

871 2074 911 2105 iis
923 2084 998 2116 quae
1011 2073 1204 2114 promiseris
1221 2084 1230 2112 ;
1253 2080 1286 2105 te
1298 2073 1379 2104 mihi
1391 2072 1501 2103 verbis
1513 2081 1571 2103 ne-

871 2135 951 2166 gare
968 2126 1057 2163 volo,
1071 2125 1119 2155 ita
1135 2134 1177 2155 ex
1199 2124 1339 2162 usitato,
1355 2123 1463 2154 dabis.

914 2177 1020 2207 Eem.
1050 2184 1155 2206 xxvn
1192 2178 1209 2205 l
1234 2175 1404 2210 Querulum
1429 2173 1572 2204 acerbum

870 2226 984 2267 Inque]
1001 2225 1076 2257 Lib.
1094 2235 1118 2257 1.
1131 2225 1242 2266 epigr.
1256 2227 1306 2256 11.
1320 2225 1361 2255 de
1372 2228 1571 2264 argumento

870 2278 969 2318 hujus
999 2275 1251 2317 epigrammatis
1284 2275 1411 2306 dictum
1443 2278 1508 2313 est,
1526 2273 1570 2304 de

870 2328 920 2358 his
948 2337 994 2359 sc.
1026 2327 1081 2368 qui
1113 2326 1300 2357 vetularum
1334 2325 1570 2366 aegrotantium

871 2379 1008 2419 nuptias
1032 2376 1241 2414 ambiebant,
1266 2375 1324 2406 ubi
1355 2380 1392 2406 et
1411 2375 1455 2406 de
1484 2375 1569 2406 tussi

871 2429 1010 2460 dictum.
1063 2426 1193 2458 Irridet
1218 2435 1307 2457 nunc
1336 2426 1570 2466 Bithynicum,

872 2480 928 2521 qui
954 2480 1025 2509 liaec
1042 2478 1137 2518 sigua
1161 2477 1194 2507 in
1221 2476 1343 2508 Naevia
1369 2476 1568 2517 propinquae

871 2530 990 2561 mortis
1018 2538 1094 2559 esse
1121 2527 1184 2558 sibi
1216 2527 1438 2567 persuaserit,
1467 2535 1568 2568 quum

871 2586 986 2612 tamen
1012 2579 1087 2619 ipsa
1111 2577 1324 2608 blandiretur
1351 2577 1395 2615 ei,
1421 2582 1457 2607 et
1483 2575 1570 2607 falsa

871 2640 931 2670 spe
968 2630 1128 2660 lactaret.
1173 2627 1324 2658 Ramires.
1382 2627 1569 2668 Querulum]

870 2681 1042 2719 Tanquam
1058 2677 1269 2709 moribunda.

913 2732 933 2760 2
956 2728 1050 2769 Suos]
1077 2727 1182 2762 Quasi
1197 2737 1268 2768 prae
1287 2727 1519 2761 imbecillitate
1533 2734 1567 2762 et
