1866 3131
427 191 472 219 M.
508 192 616 222 vAL.
651 191 926 221 MAR'HAMS
962 192 1120 223 EPIGR.
1154 195 1245 225 L113.
1278 197 1327 227 X.

151 287 210 316 bat
226 285 534 327 Domitianus‚quoe
548 291 660 317 tamen
678 294 743 316 non
760 283 848 315 feret

150 335 327 374 Trajanus.

196 385 298 415 Erro.
317 393 448 416 Lxxrn.
473 386 591 416 Marco
608 385 756 415 Antonio
775 385 846 415 Pri-

152 444 204 464 mo
232 435 395 466 Tolosano
423 436 550 475 gratias
577 436 647 476 agit
664 435 705 466 de
723 435 846 466 litteris

153 490 187 514 et
205 490 283 522 toga
303 486 415 516 missa.

196 539 209 566 1
236 536 344 566 Litera
362 536 507 575 facundi,
528 535 595 576 ἃμ]
616 536 665 565 Μ.
680 534 848 566 Antonius

150 585 346 624 'roim-snus,
363 585 404 616 de
432 595 497 626 quo
516 585 633 625 Epigr.
663 588 736 616 100.
763 584 847 615 libro

151 638 181 664 9.
198 641 233 665 et
255 635 458 675 Epigramm.
471 638 522 665 32.
538 634 594 665 lib.
612 637 662 664 10.
680 636 743 664 ἃς.
758 633 848 664 misit

152 686 231 715 milii
261 686 377 716 literas
407 690 442 716 et
473 690 586 725 togam
605 685 848 724 elegantiorem

152 745 249 776 quam
267 746 330 776 qua
347 736 396 766 uti
412 735 514 766 vellet
543 735 726 773 Fabricius,
743 734 847 765 conti-

152 796 234 816 nens
274 786 329 816 ille
367 786 578 826 paupertatis
615 785 743 822 cultor;
783 784 849 815 imo

151 837 281 877 qualem
312 841 445 876 gestare
473 836 635 867 voluisset
659 835 849 866 luxuriosus

153 887 309 926 Apicius,
325 892 360 917 et
377 888 450 926 ipse
472 891 570 916 tener
586 896 625 917 ac
646 886 753 916 mollis
769 886 852 916 Mae-

152 947 264 967 cenas·
289 938 343 968 Sic
355 937 475 968 Juven.
488 936 601 976 Satyr.
615 939 665 966 12.
690 937 698 952 ‘
709 936 850 966 Vestem

151 987 374 1027 Purpuream,
392 987 518 1018 teneris
532 996 666 1027 quoque
681 986 850 1017 Maecena·

153 1037 244 1067 tibus
261 1037 406 1078 aptum!

194 1090 213 1118 2
237 1087 400 1127 Ausoniae]
423 1088 503 1128 Ipse
520 1093 632 1119 tamen
657 1097 724 1118 non
741 1087 849 1118 Auso-

152 1147 234 1168 nius.

193 1191 211 1218 4
237 1188 391 1218 Maecenas
406 1187 616 1227 Coesurianus]
643 1188 766 1218 Partes
778 1189 850 1219 Cae-

153 1238 235 1268 saris
253 1243 403 1268 secutus.

192 1292 212 1319 6
230 1289 304 1318 Non
318 1288 406 1328 litat]
425 1288 501 1319 Non
519 1286 700 1326 sacrificat,
714 1297 779 1318 non
791 1287 850 1318 im-

151 1343 286 1378 petrat:
304 1347 369 1368 non
380 1338 527 1378 cujusvis
538 1337 644 1368 hostia
654 1337 731 1367 Deo
743 1344 849 1377 grata.

149 1391 158 1406 ‘
175 1390 292 1420 Litare
305 1388 312 1401 '
337 1389 426 1419 enirn
444 1393 509 1426 est,
526 1389 590 1419 rite
606 1388 799 1419 sacrificare
817 1393 852 1419 et

151 1439 357 1479 impetrare3
380 1439 428 1470 ita
443 1438 566 1469 donum
593 1439 636 1470 ab
659 1440 748 1470 ouini
773 1439 850 1470 mis-

150 1499 219 1519 sum
237 1499 332 1530 aeque
349 1499 414 1519 non
433 1490 558 1529 placet.

194 1543 213 1570 8
238 1541 359 1570 Nomen
370 1549 473 1570 amare
488 1539 602 1579 meum]
624 1539 746 1578 Marci,
763 1539 852 1580 qnod

151 1589 230 1620 milii
248 1596 361 1620 tecum
377 1599 565 1621 connuune.
613 1590 721 1622 Quasi
737 1590 851 1620 dicat:

152 1635 295 1671 Gratum
312 1640 377 1670 suit
398 1639 476 1670 mihi
495 1644 587 1670 tuum
611 1649 752 1677 munus;
778 1649 854 1680 gra-

154 1692 220 1722 tius
259 1692 303 1722 ob
339 1700 514 1722 commuue
545 1692 683 1733 utrique
710 1700 852 1729 nomen3

153 1742 378 1781 gratissimum
389 1741 536 1772 officium
546 1741 748 1782 etjudicium
759 1748 852 1772 tuum

154 1793 196 1823 de
213 1793 295 1823 ineis
312 1792 541 1823 Carminibus.

196 1843 300 1873 Epm.
329 1851 458 1873 Lxxrv.
498 1842 645 1872 Damnat
666 1840 852 1872 inofficiosa

152 1891 263 1924 officia
285 1892 464 1931 salutandi,
488 1901 563 1932 quae
585 1891 702 1922 clienti
726 1896 852 1930 praeter

153 1944 303 1974 sterilem
336 1943 521 1983 sportulam
560 1942 639 1972 nihil
676 1941 848 1980 adferant3

152 2003 252 2034 quum
270 1993 481 2032 aurigatores
508 1992 580 2023 auri
599 2001 715 2023 saccos
733 1991 850 2032 ingen—

155 2049 206 2073 tes
222 2042 391 2074 auferant.

195 2095 214 2123 4
241 2093 372 2122 Centum
384 2090 555 2132 plumbeos]
589 2090 669 2122 Sive
685 2090 850 2132 quadran-

153 2148 205 2173 tes
229 2143 332 2173 terei:
358 2147 436 2173 sunt
463 2151 551 2173 xxv.
578 2151 668 2172 asses
685 2140 852 2179 Romani;

154 2198 295 2231 argento
313 2202 373 2222 sex
396 2192 544 2223 sestertii
559 2198 595 2223 et
609 2201 645 2222 as
662 2200 783 2230 aereuS,
799 2191 852 2222 vel

155 2241 314 2271 denarius
340 2247 375 2272 et
390 2241 589 2272 victoriatus
613 2246 649 2271 et
670 2251 725 2272 as:
750 2240 855 2271 nostri

156 2301 275 2322 novem
292 2292 379 2322 oboli
395 2293 464 2322 sive
480 2290 600 2322 stnferi
617 2295 651 2321 et
665 2291 770 2321 clialci
783 2290 853 2321 sive

156 2342 269 2371 dcutae
299 2345 380 2371 tres.
407 2342 590 2372 Gronovius.
638 2342 770 2372 Centum
793 2351 854 2372 me-

156 2391 256 2429 rebor,
282 2390 350 2430 fga]
387 2391 595 2430 Sportulam,
620 2396 757 2421 centum
775 2400 854 2431 qua-

157 2442 309 2478 drantes,
323 2445 448 2470 nostrae
466 2444 610 2471 monetae
630 2443 680 2470 18.
698 2440 731 2471 d.
749 2440 805 2472 ob.
821 2451 853 2481 q.

156 2491 213 2522 sed
231 2491 272 2521 de
290 2490 467 2531 plumbeis,
479 2490 554 2520 vide
569 2490 685 2530 Epigr.
701 2491 811 2522 100.1.
825 2494 856 2521 l.

158 2551 244 2572 vers.
262 2544 312 2572 13.
330 2540 465 2571 Farnab.
508 2539 690 2570 Plumbeos
705 2549 855 2571 nummos

159 2600 219 2632 per
243 2595 477 2630 contemptum
509 2589 677 2619 Martialis
706 2590 856 2630 appellat

159 2650 281 2671 ‘aercam
299 2644 480 2677 monetam,
494 2639 547 2669 cui
560 2640 737 2679 plurimum
752 2640 856 2679 plum-

159 2691 193 2721 bi
218 2690 415 2720 admixtum.
462 2688 677 2720 Quadrantes
705 2698 786 2729 ergo
815 2699 858 2720 ae-

161 2750 233 2770 reos
248 2739 408 2779 intelligit
429 2749 438 2777 ;
462 2739 508 2770 sic
533 2738 612 2770 alibi
633 2739 761 2779 nigram
786 2749 855 2770 mo·

1489 187 1598 229 1379

900 290 1012 315 nemin
1032 286 1137 317 dixit:
1161 288 1170 304 ⁴
1185 288 1301 328 Nigrae
1324 289 1477 320 sordibus
1493 290 1600 330 expli-

900 345 956 365 ces
974 343 1116 367 monetae
1133 337 1153 368 ι’
1178 344 1225 377 et,
1241 339 1273 370 iu
1297 339 1365 370 fine
1390 339 1539 379 ejusdem
1557 340 1599 369 E-

900 385 1141 424 pigi-annuatis,
1157 388 1347 426 plumbeam
1364 388 1521 420 selibram
1547 399 1600 420 vo-

899 439 955 464 cat
983 444 1040 464 sex
1077 437 1256 468 sestertios
1293 448 1444 469 nummos
1481 448 1600 470 aereOS.

900 483 1033 515 Salmas.

941 538 959 564 5
984 534 1132 575 Scorpus]
1168 536 1308 578 Auriga,
1336 539 1378 569 de
1398 548 1463 579 qno
1487 548 1603 580 supra,

901 583 1018 624 Epigr.
1050 588 1102 615 50.
1131 589 1183 616 53.
1207 592 1243 618 et
1268 597 1360 628 sa‘pe
1388 589 1520 619 alias.U
1555 599 1599 620 mi

899 634 1085 675 quindecim,
1116 636 1186 676 Byc.]
1238 638 1440 670 Victoribus
1476 640 1600 680 aurigis

899 687 1159 725 postulabantur
1182 690 1275 720 aurei
1294 700 1356 730 per
1373 691 1510 721 circum.
1534 691 1601 721 Bu-

899 737 988 776 leng.
1005 737 1047 767 de
1076 738 1176 770 Circo
1199 749 1276 779 cap.
1303 743 1356 772 34.
1381 744 1416 771 et
1432 740 1512 770 vide
1528 750 1602 781 quae

901 795 958 817 no‘
989 787 1030 818 ad
1062 789 1136 819 Sat.
1166 792 1199 820 7.
1233 790 1393 821 Juvenal.
1423 799 1509 822 νει-ε.
1538 791 1600 821 ult.

905 837 973 868 Una
987 838 1078 878 hora]
1103 839 1179 871 Qua
1194 840 1368 880 aurigatur
1384 841 1417 871 in
1431 841 1543 871 Circo.

943 893 964 920 6
988 890 1161 930 Ferventis,
1191 892 1261 932 ἃς]
1286 892 1466 923 Radiantis
1490 893 1602 924 colore

902 940 1017 971 rutilo.

944 994 963 1021 8
987 992 1103 1031 Apulos
1117 992 1206 1023 velim
1226 992 1363 1033 campos]
1401 993 1480 1024 Non
1498 1002 1601 1033 posco

902 1045 1055 1071 armenta
1068 1052 1255 1083 gregesque
1267 1043 1298 1073 in
1314 1043 1441 1082 campis
1453 1042 1603 1083 Apuliae,

901 1100 967 1121 non
986 1091 1108 1132 Hyblae
1124 1093 1246 1124 Siculae
1261 1093 1443 1133 mellificia,
1457 1103 1521 1124 non
1534 1093 1602 1124 fru-

902 1150 960 1181 ges
976 1140 1095 1172 fertilis
1116 1142 1267 1183 AEgypti‚
1282 1152 1348 1173 non
1370 1144 1482 1173 vineas
1498 1144 1601 1174 Setiae

901 1200 977 1231 quae
1002 1198 1114 1222 monte
1144 1192 1210 1223 sita
1238 1192 1420 1233 despectat
1443 1193 1602 1233 paludem

900 1240 1132 1281 Pomptinam.

944 1293 984 1321 12
1021 1290 1185 1331 Dormire]
1229 1292 1365 1322 Sortem
1396 1296 1531 1322 tenuem
1565 1298 1601 1323 et

900 1340 1082 1380 modicam,
1105 1341 1195 1372 unde
1211 1342 1346 1382 quietus
1364 1351 1460 1382 agam
1489 1347 1524 1372 et
1547 1351 1602 1371 va-

901 1399 973 1420 cem
993 1390 1126 1421 tandem
1143 1390 1185 1420 ab
1205 1391 1255 1421 his
1277 1389 1398 1422 officiis
1414 1395 1517 1431 atque
1533 1401 1604 1422 mo-

902 1440 1009 1470 lestiis
1026 1440 1173 1472 urbanis.

946 1490 1050 1522 Eme.
1064 1499 1188 1521 Lxxvr.
1206 1491 1369 1523 Queritur
1384 1491 1505 1531 poetas
1516 1500 1598 1530 neg-

902 1539 972 1579 ligi,
985 1541 1149 1571 muliones
1161 1541 1384 1582 locupletari:
1410 1547 1501 1572 artes
1513 1542 1603 1573 enim

903 1590 1031 1621 nobiles
1056 1590 1243 1630 jacebant,
1277 1591 1361 1622 viles
1389 1591 1601 1623 colebantur.

901 1640 945 1671 Se
970 1640 1080 1680 ipsum
1099 1646 1135 1671 et
1161 1651 1254 1671 suam
1280 1641 1515 1673 infelicitatem
1539 1643 1604 1673 snb

902 1699 1047 1730 persona
1062 1691 1180 1722 Maevii
1197 1691 1308 1731 poe'tae
1325 1691 1502 1723 describit.
1520 1693 1603 1723 Rad.

943 1743 963 1771 2
989 1741 1077 1771 Civis
1088 1751 1160 1780 non,
1175 1741 1246 1781 Qu]
1285 1742 1362 1772 Non
1378 1752 1396 1772 e
1414 1752 1526 1781 servo,
1542 1743 1608 1783 Sy»

901 1799 950 1828 ro,
964 1790 1105 1828 Partho,
1119 1795 1177 1821 aut
1189 1791 1396 1831 Cappadoce
1408 1792 1491 1822 civis
1504 1792 1603 1823 Rom.

901 1837 1012 1870 factus
1036 1844 1073 1870 et
1098 1840 1133 1871 in
1158 1845 1352 1881 equestrem
1375 1841 1526 1872 ordinem
1554 1851 1604 1872 re-

900 1889 1003 1928 latus,
1029 1889 1089 1920 sed
1117 1890 1293 1930 ingennus,
1316 1896 1352 1922 et
1378 1901 1457 1922 vere
1487 1893 1601 1922 Roma:

900 1944 1013 1970 natus.

943 1992 962 2019 3
989 1989 1142 2030 Catastis]
1168 1990 1315 2031 Catasta,
1344 2001 1466 2032 pegma
1489 1992 1598 2032 ligne·

901 2048 969 2078 um,
985 2049 1050 2080 quo
1069 2040 1203 2070 venales
1220 2041 1480 2081 exponebantur
1500 2044 1602 2082 servi,

901 2099 920 2119 a
935 2090 1136 2126 καταστῆναι.
1181 2089 1269 2121 Vide
1287 2091 1406 2132 Epigr.
1419 2095 1472 2124 29.
1494 2092 1552 2123 lib.
1570 2096 1603 2124 6.

903 2149 989 2170 vers.
1006 2142 1036 2170 1.

944 2193 964 2221 4
990 2189 1158 2229 Numoeque
1182 2190 1291 2230 verna]
1327 2191 1397 2222 Per
1416 2192 1425 2208 ‘
1445 2201 1580 2222 vernam
1593 2191 1601 2205 ’

904 2249 968 2270 non
995 2249 1129 2270 servum
1154 2240 1325 2280 intelligit,
1348 2241 1406 2271 sed
1435 2243 1602 2273 hominem

903 2291 1018 2322 Romae
1035 2294 1165 2327 natum,
1178 2289 1373 2330 ingenuum,
1384 2291 1537 2322 liberum.

947 2343 967 2372 6
993 2340 1140 2379 Utraque,
1155 2340 1224 2379 θα]
1248 2340 1371 2371 Graeca
1384 2346 1419 2372 et
1436 2342 1567 2372 Latina.

945 2393 964 2421 7
990 2390 1144 2427 Magnum
1155 2389 1279 2428 vitium,
1291 2390 1358 2430 εγω]
1384 2391 1604 2431 Paupertatis

904 2440 1034 2471 scilicet
1052 2440 1185 2469 alumna
1203 2439 1325 2479 poesis.

946 2493 966 2521 8
991 2490 1082 2520 Pullo
1098 2489 1245 2528 Maevius,
1265 2488 1335 2528 ξω]
1368 2489 1515 2521 Querela
1531 2490 1603 2521 baec

904 2547 939 2572 et
956 2541 1143 2581 indignatio
1161 2540 1265 2580 ipsius
1277 2540 1445 2571 Martialis
1458 2541 1606 2581 videtur,

906 2591 966 2622 sed
1010 2600 1069 2630 per
1109 2590 1308 2621 modestiam
1351 2591 1414 2621 sibi
1443 2591 1606 2622 adsciscit

905 2650 1027 2672 nomen
1058 2641 1190 2679 Maevii,
1218 2641 1295 2671 mali
1319 2641 1454 2672 scilicet
1479 2641 1603 2681 poeltae.

905 2691 1009 2730 Pullo]
1047 2693 1056 2707 ⁴
1076 2689 1220 2721 Pullus'
1250 2690 1342 2721 color
1370 2691 1604 2730 paupertinus.

908 2741 917 2758 ‘
931 2739 1115 2779 Cucullus,’
1132 2749 1198 2780 quo
1213 2740 1337 2780 tegitur
1353 2745 1457 2780 caput
1473 2751 1480 2770 z
1504 2740 1606 2772 hodia
