1866 3131
406 211 454 238 M.
489 210 598 239 VAL.
634 209 905 239 MARTIALIS
941 210 1098 240 EP1GR.

183 306 217 333 15
243 303 430 343 structoris]
448 303 637 343 Carptoris.
657 303 742 333 Vide
755 312 830 344 quae

135 353 176 384 ad
194 354 265 384 Sat.
293 357 343 385 11.
366 354 490 386 Juven.
512 363 598 384 vers.
621 356 693 385 136.
723 353 831 384 Struc-

135 404 213 434 torc's
229 403 344 444 osellaej
380 404 493 435 Gloss.
510 405 519 421 ⁴
535 405 706 443 structor,
722 402 832 434 οἰκοδό-

133 453 213 492 μος.’
262 453 310 485 At
339 454 393 485 hic
420 455 504 485 alins
531 455 711 485 structoris
742 463 831 485 usuS.

136 506 221 535 Nam
245 508 446 535 structorem
473 504 624 544 appellat
648 504 832 541 Martialis,

132 564 233 595 quem
271 554 451 585 cibicidam
487 555 643 585 Veteres.
702 555 830 586 Notum

132 606 219 635 cuim
238 604 385 645 antiquis
403 604 503 635 fuisse
519 614 646 643 servos,
658 604 715 645 qui
732 604 830 635 obso-

131 656 222 686 nium
237 655 455 693 scindcrent3
478 655 557 696 quin
580 661 615 686 et
637 655 830 695 magistros,

132 706 189 745 qui
211 705 341 736 obsonii
364 704 529 745 carpendi
545 710 652 736 artem
670 705 831 737 docerent

131 765 169 786 ac
188 754 441 796 profiterentur.
465 755 621 787 Juvenal.
639 756 761 796 Satyra
778 759 829 787 11.

130 805 197 837 Ubi
225 806 324 837 etiam
347 810 551 836 structorem
577 811 729 837 nostrum
750 806 830 837 cibi-

129 856 238 887 cidam
278 856 442 897 appellat,
479 856 759 897 quemadmodum
793 862 830 889 ct

132 908 314 947 Martialis,
329 913 366 938 ut
381 913 417 938 ct
433 908 504 938 Sat.
522 912 552 940 5.
590 909 598 925 ‘
616 909 828 940 Structorem

129 958 274 997 interea,
290 967 331 989 ne
347 968 413 998 qua
427 958 617 998 indignatio
640 959 741 998 desit,
761 960 830 990 Sal-

128 1014 260 1040 tantem
277 1014 425 1049 spectes,
450 1014 485 1040 et
501 1011 756 1042 chironomunta
774 1021 829 1041 vo-

127 1058 210 1089 lanti
227 1058 400 1098 Cultello,’
416 1061 480 1091 &c.
509 1060 694 1100 Cognoscis
709 1071 750 1091 ex
766 1061 828 1092 boc

126 1109 214 1147 loco,
228 1109 331 1140 certis
345 1109 496 1149 gestibus
512 1111 627 1141 solitos
641 1116 827 1142 structores

126 1159 201 1189 illos
225 1158 366 1190 obsonia
389 1159 556 1192 scindere.
602 1160 734 1192 Her-ald.
784 1161 827 1191 Et

126 1219 204 1248 qtae,
225 1209 293 1250 fio]
325 1209 450 1240 Partes
466 1209 617 1240 carnium
633 1216 755 1241 assatae
773 1211 824 1241 vel

126 1260 235 1291 clixae.

169 1314 208 1341 16
232 1310 500 1351 Fabasabrorum]
523 1310 657 1350 Herba,
670 1321 735 1352 qua
746 1310 827 1342 faba

125 1361 275 1401 condita,
290 1361 420 1392 fabrilis
438 1361 628 1393 dicebatur.
662 1361 827 1393 Columel.

122 1413 131 1428 ⁴
151 1413 284 1452 Quique
302 1411 387 1442 fabis
403 1412 524 1442 habilis
540 1411 674 1442 fabrilia
688 1412 829 1443 miscet!

126 1463 361 1502 l’rototomique
371 1461 476 1502 rudes]
497 1462 634 1502 Caules,
650 1462 707 1503 qui
726 1462 827 1503 primi

124 1512 358 1544 succiduntur.

172 1567 207 1594 17
235 1565 411 1604 Coenisque,
448 1563 517 1604 ξω]
563 1564 708 1597 Quartae
746 1564 825 1596 huic

125 1625 229 1646 cueuae
253 1616 451 1646 inserviens.

170 1668 209 1696 19
233 1666 284 1696 De
312 1667 520 1705 Nomentana,
538 1665 607 1706 Sym]
639 1666 824 1697 Nomenta-

124 1726 203 1747 num
220 1717 345 1752 vinum,
369 1727 434 1757 quo
450 1717 635 1753 recentius,
650 1717 714 1748 hoc
729 1717 825 1748 dete-

124 1767 212 1805 rius;
236 1777 300 1808 quo
328 1768 505 1803 vetustius,
529 1767 592 1798 hoc
616 1768 824 1807 generosius.

126 1818 242 1858 Epigr.
259 1821 330 1849 106.
347 1818 405 1850 lib.
421 1821 451 1849 1.
468 1827 553 1849 vers.
570 1821 601 1848 l.

167 1872 207 1899 20
228 1869 305 1904 Quae
316 1868 363 1899 bis
371 1868 533 1908 Frontino,
543 1868 610 1908 Sym]
625 1868 700 1901 Qua
712 1868 823 1899 vinum

124 1919 297 1950 conditum
312 1924 388 1951 erat
403 1919 514 1960 priore
530 1920 707 1950 consulatu
720 1919 823 1950 Fron-

124 1971 185 2001 tiui
201 1970 323 2001 iterum
339 1970 416 2002 Cos.

166 2023 205 2051 21
233 2021 301 2051 Nec
332 2029 434 2059 mane,
468 2018 538 2059 ξω]
584 2018 743 2050 Libertas
776 2019 823 2050 lo-

123 2070 261 2112 quendi,
276 2071 371 2111 cujus
386 2077 447 2101 nos
460 2079 525 2101 non
538 2070 701 2110 poeniteat
712 2072 822 2110 proxi-

122 2130 177 2152 mo
192 2130 302 2158 mane,
325 2121 378 2152 vel
401 2125 543 2162 propter
568 2119 740 2152 difficilem
762 2122 821 2152 ali-

125 2181 224 2211 quem
247 2171 438 2210 convivam,
461 2171 517 2202 vel
542 2171 598 2212 qui
625 2171 717 2203 dicta
739 2171 822 2203 foris

123 2222 286 2260 eliminet,
302 2232 464 2263 reumque
480 2222 595 2254 faciat.

167 2274 207 2303 23
233 2273 282 2303 De
299 2274 444 2311 Prasino,
457 2273 527 2313 850]
551 2274 602 2305 De
620 2273 823 2306 factionibus

127 2323 370 2362 aurigatorum,
395 2328 430 2354 et
452 2324 571 2354 studiis
593 2325 764 2366 Principis
787 2330 823 2356 et

128 2372 263 2413 Populi.
289 2372 523 2404 Periculosum
540 2378 654 2405 autem
671 2381 746 2406 erat
760 2376 821 2407 sub

125 2424 277 2462 Nerone,
294 2424 444 2463 Vitellio,
457 2428 492 2454 et
505 2424 702 2456 Domitiano
718 2426 758 2456 iis
774 2425 822 2457 fa-

126 2482 218 2513 vere,
235 2483 254 2503 a
270 2473 393 2513 quibus
411 2474 512 2504 alieni
528 2475 710 2515 principes,
737 2477 821 2508 Pra-

123 2527 205 2557 sinae
228 2532 340 2557 autem
363 2530 398 2557 et
414 2527 553 2559 Venetae
570 2529 716 2560 maxime
731 2529 822 2562 fave-

125 2578 218 2608 bant.
249 2577 279 2608 A
291 2578 404 2608 colore
419 2587 499 2617 crgo
512 2579 560 2610 ita
569 2581 733 2620 appellati
744 2587 822 2613 snut

122 2627 265 2665 Veneti,
280 2627 425 2667 Prasini,
442 2627 556 2668 Rosci,
571 2629 662 2662 Albi.
684 2631 821 2663 Prasiai

125 2677 214 2708 enim
238 2677 411 2709 habebant
427 2678 567 2710 viridem
584 2680 730 2713 cultum:
755 2682 821 2712 Ve-

129 2728 210 2768 neti,
227 2729 420 2760 caeruleum.
468 2731 510 2762 Et
525 2730 634 2763 Palat.
649 2732 702 2764 hic
719 2733 819 2774 lcgit:

1135 212 1224 240 mn.
1258 211 1307 241 x.
1466 201 1580 244 1371

882 303 932 333 De
947 303 1079 334 Prasino
1091 308 1233 345 scutoque
1246 314 1329 335 meus
1338 304 1463 335 com-iva
1479 306 1579 345 taqua>

882 355 952 383 tur:
975 358 1012 384 ut
1024 352 1112 385 forte
1124 354 1247 386 fuerit:
1273 356 1322 386 De
1341 355 1471 386 Prasino
1486 356 1579 386 Scor-

882 413 978 444 poque
1002 414 1084 434 meus
1109 405 1234 436 com-*ica
1261 406 1418 446 loquatur:
1448 415 1487 437 ac
1515 415 1582 437 non

885 459 950 485 tam
979 454 1146 486 factiones
1183 456 1343 497 designet
1375 457 1583 496 aurigarum,

885 515 983 546 quam
1008 506 1082 537 illos
1106 507 1239 547 aurigas
1256 507 1450 547 imperatori
1473 517 1582 539 caros.

885 556 980 589 Grut.

925 609 1030 640 Eme.
1055 618 1156 640 xmx.
1193 609 1453 640 Convivatorem
1478 609 1585 640 sordi-

882 658 961 689 ‹lum
978 659 1101 699 carpit,
1119 659 1173 700 qui
1192 660 1329 690 bibebat
1343 661 1533 698 Falernum,
1547 664 1583 691 et

882 709 1031 740 convivis
1048 710 1080 741 in
1096 720 1178 741 auro
1191 710 1395 750 propinabat
1406 710 1583 749 Sabinum,

883 760 996 791 viuum
1011 760 1243 791 deterrimum.

926 815 941 842 1
969 813 1048 843 Cum
1066 816 1165 853 potes,
1189 812 1260 853 8502]
1296 811 1385 843 Vide
1412 811 1582 852 geminum

881 862 956 893 huic
970 863 1186 904 Epigramma
1200 867 1251 895 86.
1264 863 1322 894 lib.
1339 866 1370 894 4.
1395 863 1504 902 Potes]
1527 862 1583 893 Bi-

881 914 941 944 bas
952 914 1064 946 vinum
1078 915 1205 946 nobile.
1221 913 1475 955 Amethystinos]
1497 914 1582 953 Scy-

882 965 964 1004 phos
980 966 1120 1005 gemmis
1135 970 1284 1004 ornatos,
1301 967 1354 996 vel
1371 966 1497 995 vitreos
1514 965 1582 1004 pel-

882 1015 1011 1046 lucidos
1028 1016 1134 1047 instar
1150 1016 1351 1056 amethysti:
1378 1016 1431 1046 vel
1442 1015 1583 1055 respicit

880 1065 921 1095 ad
939 1067 1084 1097 colorem
1102 1067 1183 1098 vini.
1212 1066 1410 1106 Legendum
1427 1065 1582 1105 amethys-

880 1116 959 1154 tino,
997 1117 1028 1147 iu
1063 1122 1127 1155 est,
1157 1117 1281 1157 poculo
1312 1126 1354 1147 ex
1388 1115 1581 1155 amethysto

879 1176 1012 1205 gemma
1038 1167 1143 1198 facto.
1184 1167 1340 1208 Trientes]
1379 1165 1498 1197 Triens
1530 1171 1582 1197 est

880 1216 983 1247 tertia
1000 1217 1139 1247 sextarii
1156 1227 1248 1257 pars,
1270 1221 1416 1258 quatuor
1439 1216 1581 1256 cyathos

880 1275 937 1296 seu
956 1267 1074 1297 uncias
1098 1267 1290 1298 continens.
1323 1266 1581 1307 Epigrammate

880 1318 953 1347 107.
969 1317 1056 1347 libro
1074 1320 1102 1348 1.
1119 1327 1204 1348 vers.
1221 1320 1253 1348 8.

921 1369 940 1397 2
969 1367 1149 1408 Opimiano]
1201 1368 1319 1408 Epigr.
1361 1369 1415 1398 27.
1453 1366 1514 1398 lib.
1552 1371 1580 1399 l.

878 1425 967 1447 vers·
991 1420 1020 1448 7.

919 1470 937 1497 3
962 1467 1058 1497 Modo
1084 1468 1242 1498 conditum
1269 1467 1434 1507 Sabinum]
1477 1467 1577 1500 Quod

876 1521 990 1548 tamen
1016 1522 1094 1549 ante
1121 1527 1244 1549 annum
1274 1523 1408 1549 sextum
1432 1526 1500 1548 non
1526 1522 1580 1549 est

876 1567 1041 1607 potabile.

919 1622 936 1648 5
964 1617 1126 1659 Plnmbea,
1146 1618 1216 1659 θα]
1249 1617 1404 1649 Pessima
1428 1621 1464 1649 et
1486 1618 1579 1648 vilis·

875 1668 971 1707 sima,
981 1674 1017 1699 ut
1031 1669 1119 1700 inter
1130 1670 1269 1700 metalla
1281 1669 1578 1710 plumbum,aureo

876 1719 999 1758 poculo
1016 1719 1167 1759 indigna.

918 1769 1022 1799 Eme.
1050 1777 1084 1800 1..
1123 1769 1294 1809 Deplorat
1318 1768 1426 1800 fatum
1453 1768 1577 1810 Scorpi

874 1819 1090 1860 aurigatoris,
1130 1820 1256 1860 populo
1298 1820 1577 1862 principibusque

875 1871 1071 1911 gratissimi.

918 1924 933 1951 1
960 1921 1119 1962 Frangat]
1154 1921 1308 1963 Respicit
1331 1922 1374 1954 ad
1403 1922 1576 1963 publicum

873 1972 1016 2011 luctum,
1037 1982 1103 2013 quo
1119 1973 1129 1989 ‘
1145 1973 1273 2004 Consul
1290 1973 1353 2004 init
1367 1972 1483 2004 fractis
1494 1984 1574 2005 111ae-

874 2028 1005 2053 rentem
1032 2021 1181 2054 fascibus
1212 2024 1352 2054 urbem.'
1397 2024 1502 2056 Ovid.
1533 2026 1576 2056 ad

872 2073 1014 2106 Liviam.
1060 2073 1183 2105 Victor
1212 2075 1301 2105 enim
1331 2076 1476 2116 Scorpus
1504 2075 1577 2107 fato

873 2123 984 2154 victus
1012 2128 1089 2154 est:
1113 2124 1228 2166 itaque
1249 2124 1373 2157 frustra
1397 2127 1487 2166 gerit
1504 2127 1577 2166 pal-

872 2183 973 2212 mam,
1013 2174 1143 2214 signum
1186 2176 1350 2207 victoriae.
1404 2177 1574 2217 Idumoeas]

873 2223 1007 2263 Idume,
1020 2229 1175 2256 extrema
1193 2226 1326 2258 Judaeae
1344 2237 1434 2267 pars,
1452 2228 1574 2266 palmae

872 2273 978 2305 ferax.
1024 2275 1032 2291 ‘
1066 2273 1217 2306 Arbusto
1258 2277 1443 2316 palmarum
1479 2277 1574 2309 (lives

874 2325 1018 2365 Idume,'
1035 2327 1163 2358 Lucan.
1196 2327 1325 2367 Tristis]
1360 2328 1414 2358 Ob
1431 2333 1573 2359 mortem

872 2378 1005 2418 Scorpi,
1019 2378 1074 2418 qui
1091 2387 1180 2419 saepe
1204 2378 1236 2408 in
1259 2379 1469 2418 aurigatione
1487 2380 1574 2410 ludis

873 2428 1095 2459 Circensibus
1112 2429 1252 2460 vicerat.
1296 2430 1447 2470 Victoria]
1483 2430 1574 2460 Inci-

872 2483 923 2509 tat
938 2479 977 2509 ad
989 2480 1100 2510 luctus
1113 2479 1250 2510 numina
1262 2480 1427 2520 quondam
1442 2481 1573 2521 Scorpo

872 2529 1077 2560 nobilissimo
1102 2531 1285 2569 aurigatori
1307 2530 1471 2570 faventia,
1494 2532 1574 2563 vic-

872 2580 1006 2618 toriam,
1016 2580 1192 2620 Pavorem,
1204 2581 1390 2621 Honorem,
1404 2581 1569 2614 Gloriam.

870 2630 1013 2670 Patmos]
1033 2630 1171 2670 Signum
1194 2631 1344 2663 victoriae
1363 2632 1396 2662 in
1412 2632 1567 2663 certami-

870 2679 969 2711 nibus
1003 2681 1195 2713 donabatur
1232 2683 1356 2722 palma,
1391 2682 1480 2723 quod
1513 2683 1569 2713 de—

871 2741 991 2773 pressa
1006 2741 1046 2763 ea
1063 2731 1162 2763 arbor
1179 2742 1243 2764 non
1257 2732 1437 2773 cedat‚sed
1451 2733 1569 2765 adver·
