1866 3131
215 150 328 191 1256

215 252 313 292 φίλων
342 252 469 291 σώματα
496 251 553 291 μὲν
574 252 638 292 δύο,
669 253 754 293 ψυχὴ
782 253 813 285 δὲ
842 254 916 294 μίας

216 303 300 334 vivit
315 303 431 344 itaque
451 303 570 334 melior
596 303 749 335 Salonini
777 315 853 345 pars
885 306 917 335 in

216 363 257 383 eo
284 353 372 394 quod
403 359 436 384 te
474 354 694 394 superstitem
730 356 917 396 reliquerit,

215 413 314 443 quem
347 404 401 435 vel
422 403 535 435 anima
561 415 621 436 sua
647 407 835 438 chariorem
861 408 917 438 ha-

214 454 365 528 bul'Eti’m.
388 506 466 529 xur.
491 500 507 528 1
534 499 607 529 Non
631 501 669 530 de
690 500 734 538 vi,
767 499 835 540 Qun]
861 500 915 530 In-

215 551 312 587 eptos
329 547 519 589 hujusmodi
543 554 578 581 et
602 550 811 582 umbraticos
840 562 916 581 cau-

214 597 349 638 sidicos,
365 599 423 640 qui
440 598 622 639 figurarum
642 607 774 632 tumore
792 607 826 633 et
844 612 915 632 sen-

213 649 396 680 tentiarum
416 650 596 682 vanissimo
612 653 759 693 strepitu
771 662 914 692 crepan-

212 703 278 738 tes,
296 700 377 731 nihil
395 710 437 731 ex
455 701 494 732 iis
513 712 588 742 quae
616 703 650 732 in
665 712 725 733 usu
751 709 830 733 sunt
856 708 914 733 aut

211 750 331 782 vident
355 756 414 783 aut
439 753 636 794 loquuntur,
666 754 821 794 exagitat
849 754 911 784 Pe-

212 801 344 832 tronius
359 803 475 834 statim
494 803 534 834 ab
550 804 648 835 initio
673 805 742 836 Sat.
779 804 837 835 Ita
862 804 915 836 hic

211 852 394 884 Postumus
423 854 478 884 vel
507 863 548 884 ex
581 855 648 885 alia
669 855 834 893 ⁴oratione
861 855 916 896 (ut

211 902 261 933 ait
276 902 395 934 Cicero
407 914 469 945 pro
479 904 608 935 Roscio
625 904 803 946 Amerino)
814 916 915 946 quam

209 953 244 984 in
276 956 379 986 alium
426 966 519 986 reum
559 955 675 988 fuerat
708 964 916 988 commenta·

209 1009 263 1035 tus
295 1005 368 1037 haec
394 1006 619 1040 declamavit:
659 1010 711 1040 vel
736 1010 916 1041 arcessitos

209 1055 269 1085 hos
289 1056 369 1086 artis
388 1057 520 1088 colores
547 1063 583 1089 et
612 1069 833 1100 purpureum,
858 1061 914 1102 qui

209 1105 278 1136 late
296 1107 487 1147 splendeat,
503 1119 648 1149 pannum
663 1111 767 1142 assuit
785 1121 913 1143 caussae

208 1157 289 1195 levi,
306 1167 406 1198 quam
424 1164 535 1190 actam
560 1162 711 1200 oportuit
736 1162 777 1192 de
805 1162 913 1193 tribus

211 1209 366 1249 capellis.
425 1211 514 1241 Vide
547 1212 668 1243 Lucilii
704 1214 912 1254 Epigramm.

209 1258 268 1289 lib.
285 1262 317 1290 2.
343 1269 418 1301 cap.
434 1264 488 1292 46.
535 1261 720 1304 Antholog.
746 1264 834 1294 unde
848 1265 913 1296 hoc

209 1318 429 1349 expressum:
477 1311 551 1342 vide
587 1318 622 1344 et
660 1315 846 1346 Lucianum
879 1317 913 1347 in

207 1359 356 1400 Ῥητόρων
371 1361 554 1403 διδασκάλῳ.

251 1415 271 1443 2
297 1413 349 1443 De
367 1413 468 1443 tribus
478 1414 620 1456 capellis]
643 1415 695 1446 De
708 1425 743 1447 re
756 1417 822 1447 levi
836 1427 913 1448 con-

209 1464 391 1495 tendebam
410 1475 485 1495 cum
502 1466 716 1506 a‹iversa1·i0;
741 1473 776 1498 et
788 1473 823 1499 tu
839 1479 912 1509 per-

208 1515 287 1545 inde
303 1525 342 1546 ac
359 1516 386 1546 si
405 1516 447 1546 de
465 1517 610 1556 imperio
633 1518 722 1548 orbis
738 1524 911 1558 ageretur,

208 1575 375 1596 memoras
399 1567 593 1606 gravissima
612 1568 717 1600 bella:
749 1571 845 1610 quasi
862 1571 912 1601 ‹li-

208 1621 278 1654 cat,
296 1617 399 1647 Mitte
416 1617 487 1648 haec
499 1624 533 1648 et
549 1618 620 1649 redi
639 1619 673 1649 in
689 1620 788 1650 viam.

250 1670 267 1696 5
294 1667 340 1697 Tu
359 1667 579 1708 Ca711111s,‹5·c.]
606 1670 661 1700 Tu
685 1670 802 1701 nescio
831 1671 909 1712 quid

209 1716 338 1755 grande
352 1727 450 1748 sonas
464 1717 506 1748 de
518 1719 613 1750 clade
627 1720 810 1760 Cannensi,
822 1721 912 1752 bello

208 1778 284 1799 cum
302 1769 516 1807 Mithridate,
538 1770 746 1811 Hannibale,
764 1772 912 1804 Porsen-

208 1829 264 1857 na,
295 1831 394 1860 quem
427 1822 558 1852 Mutius
586 1823 741 1855 Scaevoia
773 1825 913 1856 adortus

207 1875 273 1908 est,
309 1871 427 1911 Epigr.
444 1875 496 1903 2-2.
525 1873 583 1903 lib.
600 1877 628 1904 l.
658 1879 693 1904 et
718 1874 815 1904 bellis
833 1876 913 1905 civi-

207 1920 295 1951 hbus
322 1921 427 1952 Marii
454 1927 489 1953 et
506 1924 631 1963 Syllae:
658 1929 757 1956 extra
774 1925 912 1956 chorum

208 1973 357 2014 quidem,
375 1979 409 2005 et
427 1975 509 2004 mira
531 1975 573 2005 de
591 1975 696 2007 lente.

249 2026 269 2054 8
293 2024 453 2065 Munuque
465 2027 545 2067 tota]
569 2025 671 2056 Omni
691 2032 790 2067 gestu
808 2032 841 2058 et
858 2037 913 2058 ac-

206 2074 307 2105 tionis
326 2075 469 2114 viribus;
483 2077 529 2107 ita
543 2086 663 2117 magno
681 2083 807 2109 conatu
822 2088 911 2120 mag-

206 2134 265 2155 nas
281 2134 387 2165 nugas
404 2127 487 2165 agis.

247 2176 352 2207 Epio.
367 2185 428 2208 xx.
452 2180 468 2208 1
494 2178 609 2209 Mutua
622 2181 652 2210 te
664 2180 802 2220 centum]
821 2181 910 2212 Heic

209 2231 260 2256 est
276 2226 437 2268 χαράκτηρ
453 2228 596 2259 hominis
611 2230 700 2269 vani,
725 2236 773 2267 et,
791 2237 828 2262 ut
844 2232 913 2263 aie-

208 2277 266 2307 bat
293 2278 461 2318 Comicus,
477 2279 592 2320 lingua
616 2279 766 2320 factiosi,
790 2283 911 2314 inertis

206 2337 322 2368 opera,
340 2334 375 2360 et
396 2330 546 2361 sublesta
561 2330 641 2362 fide.
687 2332 793 2364 Multi
817 2342 912 2374 repe.-

205 2380 337 2410 riuntur
353 2381 532 2421 ejusmodi,
550 2382 605 2421 qui
621 2392 687 2412 non
701 2383 800 2414 modo
811 2383 912 2415 facile

207 2432 426 2468 promittunt,
445 2432 504 2462 sed
530 2442 604 2463 sese
623 2434 712 2465 ultro
741 2432 910 2473 offerunt3

206 2489 345 2520 quorum
364 2482 546 2514 amicitiam
570 2484 598 2513 si
615 2484 665 2514 vis
684 2485 848 2525 experiri,
863 2486 910 2516 ni-

206 2530 250 2560 hil
268 2531 419 2563 invenies
436 2533 589 2564 alieuius.
617 2535 749 2565 Her-ald.

249 2584 268 2612 2
294 2584 371 2613 Cum
388 2583 464 2614 mihi
480 2584 623 2621 dixisses,
648 2585 718 2625 &c.]
750 2586 834 2618 Quae
859 2590 911 2617 est

207 2632 314 2662 oratio
347 2634 491 2663 hominis
521 2636 671 2675 prompti
687 2635 727 2666 ad
745 2635 911 2668 beneficia

208 2682 431 2714 conferenda.
468 2685 552 2715 Cum
571 2686 642 2725 ipse
660 2696 712 2716 me
730 2698 823 2728 saepe
837 2688 911 2719 hor-

208 2737 298 2763 tatus
316 2731 421 2764 fueris
446 2735 537 2774 prius
557 2740 593 2766 ut
621 2736 746 2777 aliquid
767 2748 786 2770 a
801 2743 834 2770 te
852 2748 910 2780 pe-

684 162 825 193 NOTAE
862 164 920 194 VA
933 164 1083 195 RIORU
1095 166 1125 195 M
1163 167 1211 195 {N

974 261 1091 286 terem.

972 307 1027 345 ris,
1042 312 1105 338 xc.

1014 360 1032 388 3
1058 358 1209 398 Inquirt's,
1245 357 1385 398 dubitas]
1438 357 1596 389 Solicitus
1629 368 1677 399 es,

971 408 1077 449 qualis
1093 409 1149 439 ille
1177 408 1345 440 inficiator
1369 418 1408 439 ac
1437 408 1676 440 fraudulentus

970 460 1071 496 solet,
1102 466 1139 490 ut
1165 460 1325 490 observat
1342 460 1472 490 Seneca
1498 459 1557 489 lib.
1576 462 1608 490 3.
1631 459 1675 490 de

971 510 1125 541 Benefic.
1150 520 1224 550 cap.
1239 512 1288 541 17.

1010 563 1029 590 4
1055 561 1163 601 Nega]
1191 561 1354 591 Amarum
1370 565 1423 592 est
1439 559 1495 591 diu
1512 559 1676 600 pendere,

968 612 1096 651 aequius
1115 618 1188 642 erat
1205 612 1284 642 mihi
1312 622 1407 652 spem
1425 611 1581 651 praecidi,
1611 611 1676 642 tibi

970 668 1122 700 111e1um3
1159 672 1258 704 quam
1290 669 1472 703 utrumque
1497 662 1544 693 sic
1576 661 1677 700 trahi,

967 712 1015 743 sic
1031 714 1186 744 cruciari.
1233 713 1321 744 Vide
1337 713 1461 744 Senec.
1487 712 1529 743 de
1551 711 1675 743 Benef.

967 764 1025 796 lib.
1040 767 1070 795 3.
1088 774 1119 795 c.
1133 768 1163 796 l.
1176 771 1210 795 et
1226 766 1348 805 Epigr.
1362 768 1414 796 30.
1431 764 1543 803 infra,
1562 771 1597 795 et
1612 764 1673 795 lib.

968 818 999 846 7.
1018 815 1274 855 Epigrammate
1286 820 1338 847 43.

1011 867 1118 897 ΕΡΙΟ.
1132 875 1210 897 XXI.
1232 870 1247 898 l
1267 867 1456 907 Perpetuam
1473 866 1590 906 Stella»,
1604 865 1674 907 Qu]

969 919 1052 949 Cum
1071 918 1187 949 Venus
1217 919 1451 950 Violantillam
1471 919 1589 949 duram
1616 919 1674 949 diu

969 973 1002 998 et
1013 968 1256 999 inexorabilem
1270 969 1432 1009 jungeret
1447 968 1583 999 tandein
1596 978 1675 999 con·

968 1018 1070 1049 nubio
1105 1019 1222 1050 stabili
1250 1020 1368 1050 Stellae
1404 1019 1537 1057 Poe'tae,
1577 1018 1675 1058 dixit,

969 1070 1063 1109 Cape
1083 1080 1202 1101 munus
1220 1080 1288 1111 quo
1306 1079 1371 1100 non
1388 1071 1486 1110 potui
1505 1069 1588 1100 dare
1604 1079 1674 1099 ma-

962 1120 1031 1160 jus.
1067 1119 1192 1160 Papin.
1229 1121 1315 1160 sylv.
1331 1123 1360 1151 l.
1418 1119 1567 1150 Ianthida
1592 1118 1674 1158 vati]

967 1172 1171 1203 Diminutiv.
1204 1171 1246 1202 ab
1278 1183 1335 1210 ιον,
1366 1176 1403 1202 ut
1431 1171 1629 1202 violantilla
1654 1180 1673 1202 a

969 1222 1068 1253 viola.

1010 1276 1028 1304 3
1052 1273 1207 1312 Domina]
1232 1273 1445 1304 Violantilla.

1009 1326 1029 1354 4
1056 1324 1168 1355 Pet-ces
1183 1324 1324 1361 exitiose,
1350 1323 1433 1363 vide]
1467 1323 1594 1355 Amore
1622 1322 1673 1354 fu-

969 1383 1047 1404 rens
1065 1380 1101 1404 et
1116 1374 1298 1414 zelotypia.

1009 1429 1027 1455 5
1055 1424 1179 1464 cecidi]
1206 1425 1310 1455 Cesto
1333 1424 1427 1454 illum
1454 1423 1532 1454 milii
1561 1423 1674 1454 conci-

965 1474 1099 1506 liatura.
1127 1475 1244 1514 Epigr.
1256 1477 1306 1505 13.
1324 1484 1440 1514 supra.

1007 1528 1027 1556 6
1056 1525 1160 1564 Vagus
1173 1527 1245 1555 unte
1259 1524 1357 1564 toros]
1384 1523 1586 1554 Adulteriis.

1009 1579 1028 1607 8
1055 1575 1244 1616 Tumfrugz',
1257 1575 1326 1616 spa]
1343 1575 1422 1605 Tam
1439 1575 1671 1606 continentem

964 1632 999 1659 et
1016 1627 1161 1658 thalamo
1177 1636 1236 1657 suo
1251 1625 1400 1657 fidelem.

1008 1680 1028 1708 9
1062 1679 1187 1708 Arcano
1225 1677 1304 1717 loro]
1355 1677 1497 1708 Arcanae
1532 1677 1672 1708 virtutis

966 1729 1104 1760 baltheo
1121 1740 1128 1760 z
1157 1729 1199 1760 de
1215 1739 1280 1770 quo
1298 1739 1400 1770 supra
1419 1729 1672 1769 Epigrannnate

964 1783 1017 1811 13.

1008 1833 1048 1860 10
1073 1829 1181 1868 Plaga
1201 1829 1311 1869 juvat]
1363 1830 1409 1860 Ut
1442 1830 1533 1860 illam
1569 1834 1671 1861 amet.

963 1878 1023 1910 Sed
1043 1879 1166 1918 majam,
1181 1878 1252 1918 ἐγὼ]
1288 1879 1334 1910 L't
1360 1880 1467 1910 Stella
1492 1880 1673 1911 Violantil-

963 1929 1029 1960 lam
1048 1936 1084 1960 et
1100 1930 1187 1960 hanc
1204 1929 1262 1960 ille
1280 1929 1426 1960 vicissim
1444 1934 1562 1961 mutua
1579 1940 1672 1961 anzo-

963 1980 1006 2010 ris
1020 1979 1087 2010 fide
1104 1980 1345 2019 amplectatur.

1005 2029 1111 2060 EPIG.
1127 2038 1219 2060 XXH.
1251 2033 1271 2061 2
1297 2030 1453 2060 illaec-hum.
1478 2031 1576 2069 modo,
1600 2029 1669 2070 effa]

964 2079 1031 2112 Qui
1055 2079 1156 2109 modo
1185 2080 1335 2110 moechus
1368 2083 1463 2110 erat:

1138 257 1213 289 Jam
1232 263 1342 288 tamen
1367 257 1517 298 dubitas,
1534 263 1674 290 cuncta-

1504 2079 1671 2119 Μυιχεύειν

966 2127 1023 2167 μὲν
1050 2127 1172 2160 θέλουσι
1197 2129 1232 2159 ’ὸν
1255 2128 1440 2161 λανθάνουσι
1466 2130 1588 2171 χρόνον,
1613 2142 1670 2170 ’γα-

959 2180 1027 2217 μεῖν
1043 2178 1076 2210 δὲ
1106 2178 1141 2210 ἃς
1164 2180 1362 2220 ε’μοίχευ(νε«ιν7
1393 2179 1468 2211 ὅταν
1495 2181 1542 2210 ἐπ’
1564 2181 1672 2213 αὐταῖς

963 2233 1115 2271 ληφθῶσι,
1146 2230 1350 2272 Apollonius
1369 2232 1459 2273 apud
1483 2232 1671 2265 Philostra-

961 2287 1045 2320 tum,
1062 2281 1163 2313 lib.S.

1003 2336 1020 2364 3
1049 2333 1113 2364 Lea:
1139 2334 1241 2372 Julia,
1267 2333 1337 2374 δικ]
1376 2334 1486 2375 Supra
1515 2334 1615 2376 Epig.
1639 2337 1669 2367 7.

961 2394 1047 2416 vers.
1065 2387 1092 2415 l.
1110 2390 1144 2415 et
1162 2385 1323 2425 Epigr.2.
1341 2389 1377 2416 et
1392 2388 1425 2416 4.

1003 2438 1021 2465 4
1048 2435 1121 2466 Non
1147 2435 1248 2473 nubis,
1274 2435 1343 2475 &c.]
1380 2437 1494 2477 Supra
1524 2437 1624 2477 Epig.
1638 2439 1669 2469 7.

961 2495 1049 2516 vers.
1063 2490 1095 2517 5.
1113 2491 1149 2516 et
1166 2486 1348 2526 Epig1·.75.
1367 2487 1422 2518 lib.
1438 2491 1468 2519 5.
1497 2493 1532 2518 et
1551 2488 1668 2528 Epigr.

960 2538 1013 2566 75.
1032 2535 1087 2565 lib.
1105 2539 1135 2566 l.
1179 2535 1241 2566 Sed
1259 2535 1395 2577 faleris]
1431 2537 1532 2568 Illum
1563 2537 1667 2568 fuisse

960 2589 1139 2619 nneclium.

993 2641 1223 2672 Ep1c.xx111.
1241 2643 1413 2681 Σὺγχρονοι
1425 2641 1563 2672 suerunt
1574 2641 1667 2671 Mar-

961 2691 1052 2722 tialis
1081 2696 1116 2721 et
1144 2691 1347 2722 Jilvenalis:
1401 2701 1542 2723 acumen
1575 2701 1665 2732 saepe

963 2741 1132 2779 convenit,
1164 2746 1200 2772 et
1233 2743 1286 2773 vel
1316 2742 1414 2774 Philo
1446 2742 1673 2783 Platonissat,
