1866 3131
257 170 369 213 1182

257 280 359 316 auget
375 275 625 316 indignitatem,
643 285 709 307 non
726 277 834 317 quivis
848 277 950 308 Sutor

255 327 315 357 dat
330 335 479 363 munera,
494 326 552 356 sed
570 330 663 357 sutor
677 327 790 365 cerdo,
812 329 873 358 lnoc
898 333 950 358 est

251 378 409 408 Sutorum
423 378 719 417 postremissimus.
735 379 833 410 Idem.
846 380 948 409 Rona-

254 427 322 467 m'a]
356 428 508 458 Bononia
536 433 571 459 et
610 429 748 460 Mutina
791 430 948 460 civitates

255 477 366 507 Italiae
398 477 591 509 nobiliores.
640 480 746 520 Culta]
781 479 949 518 Moribus,

253 528 374 567 literis,
389 527 581 569 frequentia
597 529 778 568 hominnm,
791 535 855 561 ecc.
874 531 947 560 Mu-

254 578 324 618 nus]
344 578 472 609 Ludum
490 579 748 618 gladiatorium3
776 580 864 610 unde
877 591 948 610 inu·

254 630 390 668 nerarii,
419 629 566 661 editores
593 640 782 662 munerum.
832 630 948 671 Epigr.

255 683 306 710 16.
320 689 412 721 supr.

294 735 314 763 2
338 733 430 764 Nunc
445 732 495 763 ubi
510 743 581 773 copo
596 732 696 772 dabit]
722 732 844 763 Restat
860 732 948 763 scili-

253 788 323 822 cet,
337 789 375 814 ut
391 793 498 824 caupo
509 794 602 825 aeque
624 784 698 814 vilis
716 792 851 813 munera
868 783 948 813 edat

252 834 472 874 gladiatoria:
497 834 572 865 vide
596 833 740 865 eundem
772 833 879 874 epigr.
898 836 947 864 16.

253 894 365 924 supra.

296 936 401 966 Eme.
419 943 481 966 Lx.
507 937 519 965 1
552 935 630 966 Cum
655 945 743 966 vocor
762 936 801 966 ad
816 934 946 975 coenam]

252 986 417 1018 Queritur
443 985 545 1016 etiam
572 985 606 1015 in
637 990 732 1016 recta
759 995 856 1016 coena
881 995 946 1015 non

249 1041 344 1067 recte
367 1036 503 1076 coenari,
528 1035 751 1077 fraudemque
773 1035 946 1073 adhiberi;

251 1087 383 1127 aliaque
413 1091 570 1126 patrono,
594 1086 659 1117 alia
677 1087 794 1117 clienti
808 1086 945 1127 apponi.

250 1137 374 1168 Edicto
410 1137 595 1168 Domitiani
627 1137 668 1168 de
703 1138 808 1168 coenis
839 1137 945 1167 rectis

250 1188 343 1227 (vide
366 1198 439 1228 quae
458 1188 500 1219 ad
517 1198 573 1229 ep.
589 1191 620 1220 7.
643 1188 762 1229 supra)
789 1187 944 1219 fraudem

249 1238 372 1270 factam
391 1239 680 1279 apotentioribus,
697 1239 752 1280 qui
765 1238 945 1269 clientibus

250 1289 442 1326 vilissimos,
458 1289 524 1320 sibi
541 1289 701 1329 optimos,
725 1288 945 1329 apponebant

250 1339 356 1379 cibos,
381 1339 603 1381 conqueritur
632 1340 755 1371 Poeta.
792 1339 881 1380 quod
909 1344 945 1370 et

248 1390 407 1421 Juvenal.
424 1390 458 1421 S.
473 1394 504 1421 5.
522 1390 611 1421 Plin.
624 1390 705 1422 Jun.
717 1390 818 1430 epist.
829 1393 859 1420 6.
875 1389 896 1421 l.
913 1391 944 1420 2.

249 1447 282 1472 et
299 1446 414 1472 noster
430 1441 453 1471 l.
465 1444 496 1472 2.
510 1441 616 1480 epigr.
632 1444 687 1472 43.
718 1440 785 1471 Νοη
803 1440 873 1479 jam
893 1450 944 1471 ve-

247 1492 342 1532 nalis]
369 1492 417 1522 Ut
443 1496 532 1522 ante.
559 1491 720 1532 Sportula
745 1491 945 1522 conductus.

249 1542 306 1573 Al.
323 1542 388 1581 leg.
404 1552 464 1572 non
480 1546 545 1573 tam
559 1542 686 1573 venalis.
731 1542 837 1574 Quasi
853 1542 943 1573 dice-

253 1597 318 1631 ret,
349 1597 427 1623 ante
457 1592 666 1623 ventitabam
695 1592 737 1623 ad
763 1593 944 1633 sportellas

249 1648 337 1679 tuas,
361 1652 450 1673 nnnc
476 1643 574 1673 venio
612 1642 653 1674 ad
683 1652 796 1674 eoenas
819 1648 945 1682 rectas,

248 1693 306 1723 sed
324 1692 369 1723 ita
386 1697 422 1723 ut
449 1703 577 1724 coenem
598 1698 724 1732 tecum,
748 1697 784 1724 et
808 1703 875 1724 non
897 1699 944 1724 te-

248 1753 322 1773 cum
339 1752 465 1774 coenem
481 1754 489 1782 ;
513 1748 638 1781 tecum,
650 1744 728 1784 qnia
741 1753 836 1775 coena
847 1743 944 1775 nobis

248 1798 282 1823 et
297 1800 414 1823 mensa
429 1793 545 1823 eadem
561 1803 568 1832 ;
597 1803 661 1823 non
677 1798 801 1833 tecum,
814 1794 891 1834 quia
909 1799 944 1824 tu

248 1843 402 1881 meliora,
417 1852 480 1881 ego
497 1842 668 1873 deteriora
685 1853 827 1874 coenem.
872 1844 945 1874 Μιι-

246 1893 342 1923 samb.
379 1893 477 1932 Ante]
507 1893 667 1933 Sportula
694 1902 761 1923 non
791 1893 944 1931 sublata;

250 1952 352 1983 snpra
369 1942 477 1982 epigr.
491 1945 523 1974 7.

288 1995 308 2023 4
332 1991 480 2032 Sugitur]
508 1992 562 2023 Al.
583 1994 727 2024 sumitur.
751 1993 829 2032 Sugi
847 1993 942 2034 myti-

247 2042 298 2073 los
313 2041 400 2072 dixit
410 2041 532 2081 Po'e'ta,
546 2043 625 2083 quia
639 2052 713 2073 cum
726 2042 872 2082 juscello
885 2052 944 2073 sno

247 2096 424 2122 sumuntur
455 2095 489 2121 et
526 2092 620 2132 quasi
651 2092 844 2123 sorbentur.
891 2092 944 2123 In-

246 2143 307 2172 ciso
332 2141 469 2182 mytilus,
498 2141 567 2182 liu]
589 2142 695 2173 Testa
720 2142 828 2182 inytili
848 2142 944 2173 labra

246 2193 325 2224 mihi
342 2192 473 2232 sugenti
489 2193 678 2224 scindente.
723 2193 829 2225 Quasi
854 2193 941 2224 diee-

245 2250 311 2283 ret,
335 2250 373 2276 tu
399 2249 513 2276 ostrea
539 2245 652 2285 sumis,
678 2255 818 2286 quorum
837 2250 942 2277 testas

246 2296 327 2326 nihil
338 2305 421 2335 opus
437 2295 485 2325 ori
503 2294 701 2326 admovere:
717 2305 779 2336 ego
796 2296 942 2336 mytilos,

246 2347 303 2387 qui
320 2345 392 2386 sugi
416 2350 601 2386 nequeunt,
627 2345 692 2376 nisi
709 2345 807 2376 testis
822 2345 870 2376 ori
887 2345 944 2376 ad-

245 2396 367 2434 motis3
393 2395 509 2436 itaque
524 2395 678 2426 accidere
705 2394 888 2435 interdum,
904 2400 943 2426 ut

245 2456 281 2477 os
297 2446 469 2477 scindatur
485 2446 706 2486 aliquantum.
731 2445 887 2477 Musamb.

287 2500 305 2526 5
330 2497 448 2535 Boleti,
477 2496 547 2537 ἔξω]
591 2497 779 2537 Fungorum
818 2497 940 2528 saluta-

246 2546 353 2584 rium3
378 2547 432 2577 alii
463 2546 583 2586 boleti,
600 2547 657 2577 alii
677 2546 766 2578 suilli
783 2555 841 2578 seu
864 2555 939 2587 por-

246 2597 325 2636 cini,
341 2597 398 2627 alii
412 2597 590 2628 Amanitae.

287 2650 307 2677 6
340 2647 488 2689 Rhombi),
519 2646 656 2688 sparulo]
701 2647 870 2678 Rhombus
906 2650 942 2678 et

246 2697 398 2736 sparulus
424 2703 566 2738 uterque
597 2707 615 2728 e
644 2707 766 2737 genere
792 2698 939 2739 passeris

245 2747 377 2787 marini,
392 2747 448 2778 sed
466 2748 518 2778 hic
536 2749 642 2778 multo
660 2748 768 2781 vilior.

722 181 860 211 NOTAE
893 181 1151 213 vARioRUM
1189 184 1238 213 IN

1044 279 1062 307 7
1089 277 1202 307 Cereus
1223 278 1402 316 immodicis,
1429 277 1497 317 aira]
1529 277 1559 309 A
1583 279 1693 310 colore

1003 327 1227 368 pinguedinis,
1243 333 1280 359 ut
1297 328 1395 358 modo
1412 329 1522 368 epigr.
1538 331 1591 359 58.
1607 339 1694 361 vers.

1003 380 1053 409 19.

1043 431 1063 458 9
1087 428 1162 459 Sine
1187 432 1217 459 te
1245 439 1339 466 coeno,
1367 429 1436 468 Sym]
1462 430 1537 460 Non
1566 429 1692 460 liabens

1001 478 1135 509 eosdem
1167 479 1269 509 cibos.
1317 479 1439 518 Tecum,
1463 479 1601 516 Pontice,
1624 479 1694 519 6⁴0]

1000 528 1040 559 In
1056 529 1171 558 eadem
1189 538 1315 568 mensa,
1327 534 1362 559 et
1377 538 1472 559 coena
1486 528 1538 569 (ut
1555 529 1697 570 dicitur)

999 579 1175 609 communi.

1042 633 1081 660 10
1105 630 1348 671 8ρονίιι1α,ἑ)’·σ.]
1373 629 1451 661 Non
1475 630 1562 661 obsit
1584 631 1694 670 nobis,

999 680 1088 721 quod
1108 680 1193 722 Imp.
1220 681 1358 712 decreto
1382 688 1560 712 revocatur
1587 692 1695 721 coena,

999 731 1133 761 sublata
1166 733 1327 771 sportula.
1398 732 1499 764 Quasi
1537 732 1692 765 diceret:

999 779 1115 811 Prosit
1131 781 1210 811 mibi
1228 782 1316 822 quod
1333 792 1398 812 non
1417 782 1514 813 venio
1539 782 1580 812 ad
1598 793 1693 823 spor-

1000 830 1127 870 tellam,
1139 831 1198 861 sed
1216 832 1258 862 ad
1272 842 1399 863 coenam
1413 838 1554 863 rectam.
1591 834 1693 873 Spor-

1000 880 1070 910 tula
1087 881 1173 911 enim
1200 887 1357 922 accepta,
1382 883 1460 913 milii
1492 884 1695 923 paupertina

998 939 1105 968 coena,
1123 931 1185 962 tibi
1197 933 1340 972 opipara
1356 940 1466 972 esset;
1491 943 1578 964 nunc
1592 943 1694 974 quum

998 981 1038 1011 ad
1056 991 1185 1012 coenam
1202 988 1326 1014 rectam
1341 993 1451 1024 vocer,
1464 984 1599 1015 edamus
1613 995 1694 1016 sane

999 1032 1100 1063 idem.
1123 1033 1279 1066 Musamb.

1038 1084 1143 1115 Epio.
1166 1093 1240 1117 LXI.
1275 1085 1314 1115 Ιη
1344 1085 1489 1126 Cinnam]
1524 1086 1694 1127 Importu-

997 1143 1075 1165 nnm
1085 1134 1224 1166 Cinnam
1237 1141 1271 1166 et
1285 1137 1454 1168 assiduum
1467 1136 1693 1178 flagitatorem

995 1186 1123 1217 urbane
1139 1197 1158 1217 a
1174 1196 1209 1218 se
1226 1187 1350 1228 rejicit.

1040 1240 1056 1267 1
1091 1237 1185 1278 Esse]
1223 1239 1450 1271 Extenuando
1486 1249 1556 1271 rem
1594 1245 1692 1280 quam

997 1288 1098 1328 petis.

1038 1341 1057 1369 2
1083 1339 1174 1369 Nihil
1187 1339 1287 1370 Cinna
1301 1339 1396 1379 petis]
1421 1340 1507 1370 Rern
1519 1340 1642 1379 levem,
1657 1344 1693 1371 et

996 1389 1104 1420 relate
1119 1389 1178 1421 nil.
1207 1390 1264 1421 Nil
1284 1390 1355 1429 tibi,
1381 1389 1449 1430 effa]
1474 1390 1694 1431 Simpliciter,

995 1440 1054 1472 nil.

1039 1491 1144 1522 EP1G.
1162 1499 1252 1522 an.
1276 1491 1316 1522 Ιη
1344 1490 1527 1531 Quinctum]
1550 1491 1591 1522 In
1616 1501 1692 1532 per-

995 1550 1076 1572 sona
1100 1541 1240 1573 Quincti
1266 1542 1487 1580 liberalitate,
1514 1551 1581 1573 non
1611 1542 1693 1573 luxu

995 1591 1088 1631 argui
1101 1601 1255 1631 magnum
1270 1592 1415 1622 animum
1429 1592 1538 1623 docet.
1566 1593 1692 1625 Quinc-

997 1647 1049 1673 tus
1076 1647 1186 1673 autem
1212 1652 1254 1673 ex
1281 1648 1417 1683 sumptu
1442 1642 1534 1674 facto
1551 1652 1691 1683 magnus

998 1692 1104 1723 videri
1123 1693 1271 1724 volebat.
1298 1694 1381 1724 Rad.

1039 1747 1054 1774 l
1083 1744 1242 1785 Centenis]
1266 1745 1432 1784 Millibus,
1458 1743 1521 1775 hoc
1549 1749 1614 1781 est,
1641 1744 1692 1774 bis

994 1794 1085 1824 mille
1102 1794 1295 1835 quingentis
1319 1794 1520 1835 Philippeis.

1037 1846 1056 1874 2
1079 1843 1322 1885 subn-eggan]
1346 1845 1437 1875 Vina
1449 1844 1689 1876 vetustissima.

997 1892 1245 1934 Hyperbolice.

1036 1946 1054 1974 3
1081 1944 1149 1974 Non
1163 1945 1297 1984 speciosa
1307 1943 1460 1984 supellex]
1486 1945 1595 1976 Etiam
1609 1956 1688 1986 quo-

993 1993 1130 2031 tidiana,
1157 1994 1304 2034 vulgaris
1330 1999 1390 2025 tua
1410 1995 1575 2035 supellex.
1621 1996 1690 2027 Alii

993 2045 1057 2084 leg.
1093 2055 1154 2076 non
1183 2045 1330 2085 spaciosa,
1358 2045 1421 2075 hoc
1448 2055 1566 2084 sensu;
1594 2047 1689 2087 cujus

992 2094 1156 2124 caelatura
1181 2095 1251 2134 ejus
1281 2100 1333 2125 est
1360 2093 1506 2133 artificii,
1528 2095 1567 2126 lit
1582 2096 1690 2127 multo

993 2149 1128 2174 constet
1143 2145 1206 2174 etsi
1233 2154 1298 2175 non
1314 2145 1357 2175 sit
1381 2155 1512 2184 magna,
1527 2155 1591 2176 nec
1605 2146 1689 2176 mul-

993 2198 1062 2224 tum
1086 2200 1232 2234 occupet
1264 2195 1384 2234 spacii,
1401 2196 1448 2226 ita
1464 2200 1501 2226 ut
1520 2205 1586 2226 una
1602 2195 1690 2226 libra

994 2245 1125 2285 argenti
1142 2245 1254 2276 caelati
1278 2250 1413 2276 constet
1429 2245 1575 2287 quinque
1591 2245 1688 2276 milli-

992 2295 1053 2326 bus
1071 2295 1141 2326 HS.

1034 2349 1052 2375 5
1077 2347 1184 2376 Aurea
1222 2347 1312 2386 quod,
1343 2347 1410 2387 Sym]
1444 2346 1544 2379 Quod
1582 2346 1687 2377 rheda

993 2402 1110 2426 aurata
1133 2405 1193 2426 seu
1224 2397 1332 2426 aureis
1357 2396 1503 2428 bracteis
1525 2396 1687 2428 distincta

992 2450 1136 2482 constet,
1151 2447 1267 2486 quanti
1282 2445 1417 2477 fundus.

1033 2498 1053 2526 6
1078 2497 1169 2526 Mula
1186 2501 1243 2535 est,
1268 2496 1337 2536 [γα]
1375 2495 1460 2528 Quae
1485 2495 1588 2526 lectio
1615 2495 1684 2535 pla-

990 2550 1058 2584 cet,
1085 2551 1122 2576 ut
1139 2551 1218 2586 apte
1237 2547 1401 2587 jungatur
1429 2545 1684 2587 hyperbolicum

989 2597 1087 2628 mulae
1103 2597 1248 2636 pretium
1268 2598 1376 2637 pretio
1404 2606 1566 2627 carrucae.

1032 2650 1051 2678 8
1076 2646 1363 2687 Iioeca71i1no‚z}sc.]
1386 2647 1530 2687 Magnus
1555 2645 1682 2676 animus

991 2702 1117 2729 tantam
1148 2698 1298 2737 pecuniae
1328 2698 1393 2728 vim
1410 2697 1442 2727 in
1458 2696 1582 2727 amieos
1600 2705 1681 2735 pau-

990 2758 1086 2789 peres
1104 2748 1214 2789 potius
1230 2752 1414 2787 erogasset,
1428 2747 1576 2778 honestae
1593 2745 1680 2785 ipso-
