<?xml version="1.0" encoding="UTF-8"?>
<!DOCTYPE html PUBLIC "-//W3C//DTD XHTML 1.0 Transitional//EN"
    "http://www.w3.org/TR/xhtml1/DTD/xhtml1-transitional.dtd">
<html xmlns="http://www.w3.org/1999/xhtml" xml:lang="en" lang="en">
 <head>
  <title>
</title>
<meta http-equiv="Content-Type" content="text/html;charset=utf-8" />
  <meta name='ocr-system' content='tesseract 3.04.00' />
  <meta name='ocr-capabilities' content='ocr_page ocr_carea ocr_par ocr_line ocrx_word'/>
</head>
<body>
  <div class='ocr_page' id='page_1' title='image "./epigrammataexedi03martuoft_0400.png"; bbox 0 0 1866 3131; ppageno 0'>
   <div class='ocr_carea' id='block_1_1' title="bbox 260 181 1264 222">
    <p class='ocr_par' dir='ltr' id='par_1_1' title="bbox 260 181 1264 222">
     <span class='ocr_line' id='line_1_1' title="bbox 260 181 1264 222; baseline -0.007 0"><span class='ocrx_word' id='word_1_1' title='bbox 260 181 371 222; x_wconf 87' lang='grc'>1460</span> <span class='ocrx_word' id='word_1_2' title='bbox 698 188 950 218; x_wconf 68' lang='lat' dir='ltr'>RECENsus</span> <span class='ocrx_word' id='word_1_3' title='bbox 987 186 1264 216; x_wconf 67' lang='grc' dir='ltr'>ΕυιτιυΝυΜ</span> 
     </span>
    </p>
   </div>
   <div class='ocr_carea' id='block_1_2' title="bbox 261 284 1717 2755">
    <p class='ocr_par' dir='ltr' id='par_1_2' title="bbox 261 284 1697 403">
     <span class='ocr_line' id='line_1_2' title="bbox 261 284 1697 338; baseline -0.005 -12"><span class='ocrx_word' id='word_1_4' title='bbox 261 289 323 327; x_wconf 89' lang='lat' dir='ltr'>Cf.</span> <span class='ocrx_word' id='word_1_5' title='bbox 356 287 551 338; x_wconf 84' lang='lat' dir='ltr'>Lengnich</span> <span class='ocrx_word' id='word_1_6' title='bbox 584 286 782 338; x_wconf 74' lang='lat' dir='ltr'>Beytraege</span> <span class='ocrx_word' id='word_1_7' title='bbox 812 294 912 337; x_wconf 87' lang='lat' dir='ltr'>part.</span> <span class='ocrx_word' id='word_1_8' title='bbox 948 297 996 323; x_wconf 88' lang='lat'>11.</span> <span class='ocrx_word' id='word_1_9' title='bbox 1019 299 1107 336; x_wconf 76' lang='lat' dir='ltr'>pag.</span> <span class='ocrx_word' id='word_1_10' title='bbox 1145 290 1232 323; x_wconf 71' lang='lat'>1⁴22.</span> <span class='ocrx_word' id='word_1_11' title='bbox 1266 292 1302 322; x_wconf 87' lang='lat' dir='ltr'>et</span> <span class='ocrx_word' id='word_1_12' title='bbox 1338 285 1521 322; x_wconf 82' lang='lat' dir='ltr'>Maittarii</span> <span class='ocrx_word' id='word_1_13' title='bbox 1558 284 1697 321; x_wconf 62' lang='lat' dir='ltr'>Anu-01.</span> 
     </span>
     <span class='ocr_line' id='line_1_3' title="bbox 261 353 759 403; baseline -0.002 -13"><span class='ocrx_word' id='word_1_14' title='bbox 261 361 415 403; x_wconf 64' lang='lat' dir='ltr'>typogr.</span> <span class='ocrx_word' id='word_1_15' title='bbox 436 353 486 389; x_wconf 93' lang='lat' dir='ltr'>T.</span> <span class='ocrx_word' id='word_1_16' title='bbox 506 362 537 389; x_wconf 84' lang='grc' dir='ltr'>ι.</span> <span class='ocrx_word' id='word_1_17' title='bbox 557 364 646 402; x_wconf 85' lang='lat' dir='ltr'>pag.</span> <span class='ocrx_word' id='word_1_18' title='bbox 668 357 759 396; x_wconf 73' lang='lat'>291.</span> 
     </span>
    </p>

    <p class='ocr_par' dir='ltr' id='par_1_3' title="bbox 263 409 1707 910">
     <span class='ocr_line' id='line_1_4' title="bbox 318 409 1700 461; baseline -0.005 -8"><span class='ocrx_word' id='word_1_19' title='bbox 318 422 415 460; x_wconf 86' lang='lat'>1471</span> <span class='ocrx_word' id='word_1_20' title='bbox 439 414 631 460; x_wconf 86' lang='lat' dir='ltr'>Ferrariae,</span> <span class='ocrx_word' id='word_1_21' title='bbox 648 419 687 451; x_wconf 86' lang='lat'>4.</span> <span class='ocrx_word' id='word_1_22' title='bbox 706 413 762 452; x_wconf 88' lang='lat' dir='ltr'>M.</span> <span class='ocrx_word' id='word_1_23' title='bbox 782 413 866 451; x_wconf 87' lang='lat' dir='ltr'>val.</span> <span class='ocrx_word' id='word_1_24' title='bbox 885 411 1071 450; x_wconf 79' lang='lat' dir='ltr'>Martialis</span> <span class='ocrx_word' id='word_1_25' title='bbox 1089 410 1374 461; x_wconf 78' lang='lat' dir='ltr'>epigrammata.</span> <span class='ocrx_word' id='word_1_26' title='bbox 1420 411 1463 448; x_wconf 87' lang='lat' dir='ltr'>In</span> <span class='ocrx_word' id='word_1_27' title='bbox 1485 409 1558 447; x_wconf 83' lang='lat' dir='ltr'>fine</span> <span class='ocrx_word' id='word_1_28' title='bbox 1576 423 1584 447; x_wconf 93' lang='lat'>:</span> <span class='ocrx_word' id='word_1_29' title='bbox 1627 409 1700 446; x_wconf 86' lang='lat' dir='ltr'>Hic</span> 
     </span>
     <span class='ocr_line' id='line_1_5' title="bbox 263 473 1703 527; baseline -0.006 -9"><span class='ocrx_word' id='word_1_30' title='bbox 263 479 490 518; x_wconf 85' lang='lat' dir='ltr'>terminatur</span> <span class='ocrx_word' id='word_1_31' title='bbox 521 485 645 516; x_wconf 88' lang='lat' dir='ltr'>totum</span> <span class='ocrx_word' id='word_1_32' title='bbox 675 490 771 527; x_wconf 90' lang='lat' dir='ltr'>opus</span> <span class='ocrx_word' id='word_1_33' title='bbox 805 476 992 514; x_wconf 83' lang='lat' dir='ltr'>Martialis</span> <span class='ocrx_word' id='word_1_34' title='bbox 1012 474 1168 516; x_wconf 75' lang='lat' dir='ltr'>Valerii,</span> <span class='ocrx_word' id='word_1_35' title='bbox 1191 473 1294 522; x_wconf 90' lang='lat' dir='ltr'>quod</span> <span class='ocrx_word' id='word_1_36' title='bbox 1318 475 1536 511; x_wconf 78' lang='lat' dir='ltr'>continetur</span> <span class='ocrx_word' id='word_1_37' title='bbox 1555 476 1590 510; x_wconf 87' lang='lat' dir='ltr'>in</span> <span class='ocrx_word' id='word_1_38' title='bbox 1610 488 1703 525; x_wconf 86' lang='lat' dir='ltr'>qua-</span> 
     </span>
     <span class='ocr_line' id='line_1_6' title="bbox 263 538 1697 591; baseline -0.005 -10"><span class='ocrx_word' id='word_1_39' title='bbox 263 543 477 581; x_wconf 87' lang='lat' dir='ltr'>tuordecim</span> <span class='ocrx_word' id='word_1_40' title='bbox 512 542 616 579; x_wconf 89' lang='lat' dir='ltr'>libris</span> <span class='ocrx_word' id='word_1_41' title='bbox 653 541 889 591; x_wconf 80' lang='lat' dir='ltr'>partialibuS,</span> <span class='ocrx_word' id='word_1_42' title='bbox 921 540 1148 590; x_wconf 86' lang='lat' dir='ltr'>impressum</span> <span class='ocrx_word' id='word_1_43' title='bbox 1198 539 1394 583; x_wconf 84' lang='lat' dir='ltr'>Ferrariae,</span> <span class='ocrx_word' id='word_1_44' title='bbox 1434 538 1496 575; x_wconf 75' lang='lat' dir='ltr'>(lie</span> <span class='ocrx_word' id='word_1_45' title='bbox 1529 538 1697 576; x_wconf 85' lang='lat' dir='ltr'>secunda</span> 
     </span>
     <span class='ocr_line' id='line_1_7' title="bbox 264 601 1705 653; baseline -0.006 -8"><span class='ocrx_word' id='word_1_46' title='bbox 264 607 368 652; x_wconf 89' lang='lat' dir='ltr'>Julii,</span> <span class='ocrx_word' id='word_1_47' title='bbox 389 618 440 645; x_wconf 88' lang='lat' dir='ltr'>M.</span> <span class='ocrx_word' id='word_1_48' title='bbox 459 605 582 643; x_wconf 79' lang='lat' dir='ltr'><strong>Lxxl&#39;</strong></span> <span class='ocrx_word' id='word_1_49' title='bbox 610 604 850 653; x_wconf 81' lang='lat' dir='ltr'>(centenariis</span> <span class='ocrx_word' id='word_1_50' title='bbox 872 604 1050 649; x_wconf 80' lang='lat' dir='ltr'>omissis).</span> <span class='ocrx_word' id='word_1_51' title='bbox 1085 604 1180 640; x_wconf 85' lang='lat' dir='ltr'>Haec</span> <span class='ocrx_word' id='word_1_52' title='bbox 1208 602 1324 639; x_wconf 90' lang='lat' dir='ltr'>editio</span> <span class='ocrx_word' id='word_1_53' title='bbox 1343 615 1419 638; x_wconf 86' lang='lat' dir='ltr'>nou</span> <span class='ocrx_word' id='word_1_54' title='bbox 1441 608 1498 639; x_wconf 71' lang='lat' dir='ltr'>est</span> <span class='ocrx_word' id='word_1_55' title='bbox 1528 601 1705 651; x_wconf 75' lang='lat' dir='ltr'>repetitio</span> 
     </span>
     <span class='ocr_line' id='line_1_8' title="bbox 265 666 1705 722; baseline -0.006 -13"><span class='ocrx_word' id='word_1_56' title='bbox 265 671 534 722; x_wconf 64' lang='lat' dir='ltr'>praecedentis,</span> <span class='ocrx_word' id='word_1_57' title='bbox 556 670 620 706; x_wconf 92' lang='lat' dir='ltr'>sed</span> <span class='ocrx_word' id='word_1_58' title='bbox 643 683 688 706; x_wconf 84' lang='lat' dir='ltr'>ex</span> <span class='ocrx_word' id='word_1_59' title='bbox 709 669 784 705; x_wconf 86' lang='lat' dir='ltr'>alio</span> <span class='ocrx_word' id='word_1_60' title='bbox 818 668 931 713; x_wconf 85' lang='lat' dir='ltr'>libro,</span> <span class='ocrx_word' id='word_1_61' title='bbox 950 681 1075 717; x_wconf 85' lang='lat' dir='ltr'>eoque</span> <span class='ocrx_word' id='word_1_62' title='bbox 1104 667 1210 703; x_wconf 86' lang='lat' dir='ltr'>valde</span> <span class='ocrx_word' id='word_1_63' title='bbox 1231 666 1383 703; x_wconf 81' lang='lat' dir='ltr'>diverso</span> <span class='ocrx_word' id='word_1_64' title='bbox 1416 666 1548 709; x_wconf 84' lang='lat' dir='ltr'>ducta,</span> <span class='ocrx_word' id='word_1_65' title='bbox 1570 677 1705 702; x_wconf 81' lang='lat' dir='ltr'>carens</span> 
     </span>
     <span class='ocr_line' id='line_1_9' title="bbox 264 727 1706 782; baseline -0.006 -10"><span class='ocrx_word' id='word_1_66' title='bbox 264 735 366 772; x_wconf 88' lang='lat' dir='ltr'>libro</span> <span class='ocrx_word' id='word_1_67' title='bbox 387 734 434 771; x_wconf 91' lang='lat' dir='ltr'>de</span> <span class='ocrx_word' id='word_1_68' title='bbox 466 732 713 782; x_wconf 85' lang='lat' dir='ltr'>spectaculis.</span> <span class='ocrx_word' id='word_1_69' title='bbox 755 731 929 768; x_wconf 88' lang='lat' dir='ltr'>Andreas</span> <span class='ocrx_word' id='word_1_70' title='bbox 962 730 1113 775; x_wconf 78' lang='lat' dir='ltr'>Gallus,</span> <span class='ocrx_word' id='word_1_71' title='bbox 1139 737 1228 768; x_wconf 85' lang='lat' dir='ltr'>ante</span> <span class='ocrx_word' id='word_1_72' title='bbox 1249 743 1362 779; x_wconf 86' lang='lat' dir='ltr'>quem</span> <span class='ocrx_word' id='word_1_73' title='bbox 1398 742 1507 766; x_wconf 81' lang='lat' dir='ltr'>nenio</span> <span class='ocrx_word' id='word_1_74' title='bbox 1529 727 1706 765; x_wconf 83' lang='lat' dir='ltr'>Ferrariae</span> 
     </span>
     <span class='ocr_line' id='line_1_10' title="bbox 267 792 1707 846; baseline -0.005 -11"><span class='ocrx_word' id='word_1_75' title='bbox 267 805 385 836; x_wconf 86' lang='lat' dir='ltr'>artem</span> <span class='ocrx_word' id='word_1_76' title='bbox 406 804 556 846; x_wconf 79' lang='lat' dir='ltr'>typogr.</span> <span class='ocrx_word' id='word_1_77' title='bbox 570 795 754 840; x_wconf 84' lang='lat' dir='ltr'>exercuit,</span> <span class='ocrx_word' id='word_1_78' title='bbox 770 794 887 843; x_wconf 86' lang='lat' dir='ltr'>hujus</span> <span class='ocrx_word' id='word_1_79' title='bbox 900 794 994 832; x_wconf 87' lang='lat' dir='ltr'>edit.</span> <span class='ocrx_word' id='word_1_80' title='bbox 1009 795 1213 844; x_wconf 85' lang='lat' dir='ltr'>impressor</span> <span class='ocrx_word' id='word_1_81' title='bbox 1233 794 1408 831; x_wconf 81' lang='lat' dir='ltr'>liabetur.</span> <span class='ocrx_word' id='word_1_82' title='bbox 1427 793 1512 830; x_wconf 85' lang='lat' dir='ltr'>Vid.</span> <span class='ocrx_word' id='word_1_83' title='bbox 1536 792 1707 830; x_wconf 77' lang='lat' dir='ltr'>Maittar.</span> 
     </span>
     <span class='ocr_line' id='line_1_11' title="bbox 267 859 872 910; baseline -0.005 -11"><span class='ocrx_word' id='word_1_84' title='bbox 267 861 405 900; x_wconf 88' lang='lat' dir='ltr'>Annal.</span> <span class='ocrx_word' id='word_1_85' title='bbox 426 867 579 910; x_wconf 76' lang='lat' dir='ltr'>typogr.</span> <span class='ocrx_word' id='word_1_86' title='bbox 597 859 648 896; x_wconf 91' lang='lat' dir='ltr'>T.</span> <span class='ocrx_word' id='word_1_87' title='bbox 669 869 700 896; x_wconf 90' lang='lat'>1.</span> <span class='ocrx_word' id='word_1_88' title='bbox 720 871 760 908; x_wconf 83' lang='lat' dir='ltr'>p.</span> <span class='ocrx_word' id='word_1_89' title='bbox 782 864 872 902; x_wconf 80' lang='lat'>307.</span> 
     </span>
    </p>

    <p class='ocr_par' dir='ltr' id='par_1_4' title="bbox 323 919 1706 968">
     <span class='ocr_line' id='line_1_12' title="bbox 323 919 1706 968; baseline -0.005 -5"><span class='ocrx_word' id='word_1_90' title='bbox 323 930 422 968; x_wconf 82' lang='grc'>1473</span> <span class='ocrx_word' id='word_1_91' title='bbox 443 924 614 961; x_wconf 84' lang='lat' dir='ltr'>Romana</span> <span class='ocrx_word' id='word_1_92' title='bbox 632 933 661 960; x_wconf 92' lang='lat'>1.</span> <span class='ocrx_word' id='word_1_93' title='bbox 682 921 920 961; x_wconf 65' lang='lat' dir='ltr'>soh—Hanc</span> <span class='ocrx_word' id='word_1_94' title='bbox 942 921 1152 959; x_wconf 82' lang='lat' dir='ltr'>Scriverius</span> <span class='ocrx_word' id='word_1_95' title='bbox 1172 921 1208 958; x_wconf 81' lang='lat' dir='ltr'>ir.</span> <span class='ocrx_word' id='word_1_96' title='bbox 1229 921 1366 958; x_wconf 88' lang='lat' dir='ltr'>coelum</span> <span class='ocrx_word' id='word_1_97' title='bbox 1388 919 1570 957; x_wconf 83' lang='lat' dir='ltr'>laudibus</span> <span class='ocrx_word' id='word_1_98' title='bbox 1592 919 1706 956; x_wconf 89' lang='lat' dir='ltr'>tollit.</span> 
     </span>
    </p>

    <p class='ocr_par' dir='ltr' id='par_1_5' title="bbox 264 984 1710 1229">
     <span class='ocr_line' id='line_1_13' title="bbox 326 984 1707 1036; baseline -0.004 -10"><span class='ocrx_word' id='word_1_99' title='bbox 326 994 427 1031; x_wconf 76' lang='grc'>1474</span> <span class='ocrx_word' id='word_1_100' title='bbox 446 988 617 1024; x_wconf 84' lang='lat' dir='ltr'>Romana</span> <span class='ocrx_word' id='word_1_101' title='bbox 634 996 685 1023; x_wconf 89' lang='lat'>11.</span> <span class='ocrx_word' id='word_1_102' title='bbox 707 985 773 1024; x_wconf 86' lang='lat' dir='ltr'>fol.</span> <span class='ocrx_word' id='word_1_103' title='bbox 795 998 863 1036; x_wconf 88' lang='lat' dir='ltr'>per</span> <span class='ocrx_word' id='word_1_104' title='bbox 882 987 945 1024; x_wconf 91' lang='lat' dir='ltr'>J0.</span> <span class='ocrx_word' id='word_1_105' title='bbox 968 985 1185 1034; x_wconf 86' lang='lat' dir='ltr'>Gensberg.</span> <span class='ocrx_word' id='word_1_106' title='bbox 1209 985 1334 1022; x_wconf 76' lang='lat' dir='ltr'>Prima</span> <span class='ocrx_word' id='word_1_107' title='bbox 1348 986 1431 1022; x_wconf 83' lang='lat' dir='ltr'>haec</span> <span class='ocrx_word' id='word_1_108' title='bbox 1448 985 1517 1022; x_wconf 84' lang='lat' dir='ltr'>fuit</span> <span class='ocrx_word' id='word_1_109' title='bbox 1535 984 1707 1022; x_wconf 85' lang='lat' dir='ltr'>recensio</span> 
     </span>
     <span class='ocr_line' id='line_1_14' title="bbox 264 1047 1708 1102; baseline -0.003 -13"><span class='ocrx_word' id='word_1_110' title='bbox 264 1052 385 1102; x_wconf 86' lang='lat' dir='ltr'>justa,</span> <span class='ocrx_word' id='word_1_111' title='bbox 407 1063 494 1102; x_wconf 84' lang='lat' dir='ltr'>quae</span> <span class='ocrx_word' id='word_1_112' title='bbox 515 1063 603 1088; x_wconf 88' lang='lat' dir='ltr'>cum</span> <span class='ocrx_word' id='word_1_113' title='bbox 639 1049 798 1087; x_wconf 88' lang='lat' dir='ltr'>Domitii</span> <span class='ocrx_word' id='word_1_114' title='bbox 818 1048 1022 1093; x_wconf 88' lang='lat' dir='ltr'>Calderini,</span> <span class='ocrx_word' id='word_1_115' title='bbox 1049 1049 1218 1098; x_wconf 85' lang='lat' dir='ltr'>quinque</span> <span class='ocrx_word' id='word_1_116' title='bbox 1240 1049 1337 1086; x_wconf 87' lang='lat' dir='ltr'>Mss.</span> <span class='ocrx_word' id='word_1_117' title='bbox 1357 1048 1484 1086; x_wconf 90' lang='lat' dir='ltr'>Codd.</span> <span class='ocrx_word' id='word_1_118' title='bbox 1509 1047 1580 1091; x_wconf 87' lang='lat' dir='ltr'>usi,</span> <span class='ocrx_word' id='word_1_119' title='bbox 1602 1061 1708 1084; x_wconf 85' lang='lat' dir='ltr'>com-</span> 
     </span>
     <span class='ocr_line' id='line_1_15' title="bbox 270 1111 1710 1162; baseline -0.003 -9"><span class='ocrx_word' id='word_1_120' title='bbox 270 1116 462 1153; x_wconf 87' lang='lat' dir='ltr'>mentariis</span> <span class='ocrx_word' id='word_1_121' title='bbox 483 1115 530 1152; x_wconf 88' lang='lat' dir='ltr'>ad</span> <span class='ocrx_word' id='word_1_122' title='bbox 555 1113 801 1151; x_wconf 86' lang='lat' dir='ltr'>Laurentium</span> <span class='ocrx_word' id='word_1_123' title='bbox 824 1112 1018 1150; x_wconf 87' lang='lat' dir='ltr'>Medicem</span> <span class='ocrx_word' id='word_1_124' title='bbox 1039 1111 1183 1162; x_wconf 86' lang='lat' dir='ltr'>prodiit</span> <span class='ocrx_word' id='word_1_125' title='bbox 1203 1113 1349 1157; x_wconf 83' lang='lat' dir='ltr'>Romae,</span> <span class='ocrx_word' id='word_1_126' title='bbox 1377 1125 1445 1148; x_wconf 85' lang='lat' dir='ltr'>nec</span> <span class='ocrx_word' id='word_1_127' title='bbox 1466 1112 1647 1156; x_wconf 74' lang='lat' dir='ltr'>venetiis,</span> <span class='ocrx_word' id='word_1_128' title='bbox 1668 1119 1710 1149; x_wconf 86' lang='lat' dir='ltr'>ut</span> 
     </span>
     <span class='ocr_line' id='line_1_16' title="bbox 271 1177 1418 1229; baseline -0.003 -13"><span class='ocrx_word' id='word_1_129' title='bbox 271 1178 424 1229; x_wconf 87' lang='lat' dir='ltr'>quidam</span> <span class='ocrx_word' id='word_1_130' title='bbox 448 1186 599 1228; x_wconf 87' lang='lat' dir='ltr'>putant.</span> <span class='ocrx_word' id='word_1_131' title='bbox 623 1177 683 1215; x_wconf 91' lang='lat' dir='ltr'>Cf.</span> <span class='ocrx_word' id='word_1_132' title='bbox 707 1177 902 1226; x_wconf 83' lang='lat' dir='ltr'>Lengnich</span> <span class='ocrx_word' id='word_1_133' title='bbox 927 1178 1054 1226; x_wconf 83' lang='lat' dir='ltr'>Beytr.</span> <span class='ocrx_word' id='word_1_134' title='bbox 1076 1185 1177 1226; x_wconf 84' lang='lat' dir='ltr'>part.</span> <span class='ocrx_word' id='word_1_135' title='bbox 1197 1186 1244 1214; x_wconf 90' lang='lat'>11.</span> <span class='ocrx_word' id='word_1_136' title='bbox 1268 1189 1305 1225; x_wconf 91' lang='lat' dir='ltr'>p.</span> <span class='ocrx_word' id='word_1_137' title='bbox 1332 1182 1418 1214; x_wconf 69' lang='lat'>12‘2.</span> 
     </span>
    </p>

    <p class='ocr_par' dir='ltr' id='par_1_6' title="bbox 272 1239 1709 1417">
     <span class='ocr_line' id='line_1_17' title="bbox 322 1239 1706 1284; baseline -0.003 -5"><span class='ocrx_word' id='word_1_138' title='bbox 322 1244 511 1279; x_wconf 87' lang='lat' dir='ltr'>—Venet.</span> <span class='ocrx_word' id='word_1_139' title='bbox 547 1241 614 1278; x_wconf 85' lang='lat' dir='ltr'>fol.</span> <span class='ocrx_word' id='word_1_140' title='bbox 652 1241 808 1277; x_wconf 83' lang='lat' dir='ltr'>Domitii</span> <span class='ocrx_word' id='word_1_141' title='bbox 847 1240 1037 1277; x_wconf 84' lang='lat' dir='ltr'>Calderini</span> <span class='ocrx_word' id='word_1_142' title='bbox 1071 1241 1376 1277; x_wconf 80' lang='lat' dir='ltr'>Commentarius</span> <span class='ocrx_word' id='word_1_143' title='bbox 1406 1240 1440 1275; x_wconf 88' lang='lat' dir='ltr'>in</span> <span class='ocrx_word' id='word_1_144' title='bbox 1474 1239 1706 1284; x_wconf 81' lang='lat' dir='ltr'>Martialem,</span> 
     </span>
     <span class='ocr_line' id='line_1_18' title="bbox 272 1303 1709 1353; baseline -0.003 -10"><span class='ocrx_word' id='word_1_145' title='bbox 272 1305 456 1350; x_wconf 67' lang='lat' dir='ltr'>venetiis,</span> <span class='ocrx_word' id='word_1_146' title='bbox 477 1317 541 1353; x_wconf 84' lang='lat' dir='ltr'>ap.</span> <span class='ocrx_word' id='word_1_147' title='bbox 563 1304 757 1341; x_wconf 87' lang='lat' dir='ltr'>Jacobum</span> <span class='ocrx_word' id='word_1_148' title='bbox 786 1303 833 1340; x_wconf 90' lang='lat' dir='ltr'>de</span> <span class='ocrx_word' id='word_1_149' title='bbox 856 1303 1012 1340; x_wconf 86' lang='lat' dir='ltr'>Rubeis.</span> <span class='ocrx_word' id='word_1_150' title='bbox 1047 1303 1172 1340; x_wconf 80' lang='lat' dir='ltr'>Catal.</span> <span class='ocrx_word' id='word_1_151' title='bbox 1202 1303 1300 1340; x_wconf 85' lang='lat' dir='ltr'>Bibl.</span> <span class='ocrx_word' id='word_1_152' title='bbox 1332 1304 1460 1340; x_wconf 57' lang='lat' dir='ltr'>Hasaei</span> <span class='ocrx_word' id='word_1_153' title='bbox 1493 1303 1597 1340; x_wconf 86' lang='lat' dir='ltr'>Prof.</span> <span class='ocrx_word' id='word_1_154' title='bbox 1619 1305 1709 1340; x_wconf 80' lang='lat' dir='ltr'>Bre-</span> 
     </span>
     <span class='ocr_line' id='line_1_19' title="bbox 275 1367 1066 1417; baseline -0.003 -11"><span class='ocrx_word' id='word_1_155' title='bbox 275 1369 415 1407; x_wconf 82' lang='lat' dir='ltr'>mensis</span> <span class='ocrx_word' id='word_1_156' title='bbox 438 1368 561 1405; x_wconf 87' lang='lat' dir='ltr'>Class.</span> <span class='ocrx_word' id='word_1_157' title='bbox 584 1377 642 1404; x_wconf 78' lang='grc' dir='ltr'>ιν.</span> <span class='ocrx_word' id='word_1_158' title='bbox 664 1367 747 1404; x_wconf 86' lang='lat' dir='ltr'>crit.</span> <span class='ocrx_word' id='word_1_159' title='bbox 770 1380 807 1417; x_wconf 90' lang='lat' dir='ltr'>p.</span> <span class='ocrx_word' id='word_1_160' title='bbox 831 1372 920 1405; x_wconf 84' lang='lat'>503.</span> <span class='ocrx_word' id='word_1_161' title='bbox 942 1379 978 1403; x_wconf 86' lang='lat' dir='ltr'>n.</span> <span class='ocrx_word' id='word_1_162' title='bbox 1003 1372 1066 1404; x_wconf 84' lang='lat'>85.</span> 
     </span>
    </p>

    <p class='ocr_par' dir='ltr' id='par_1_7' title="bbox 270 1428 1714 1789">
     <span class='ocr_line' id='line_1_20' title="bbox 323 1428 1708 1480; baseline -0.001 -12"><span class='ocrx_word' id='word_1_163' title='bbox 323 1454 376 1461; x_wconf 90' lang='lat'>—</span> <span class='ocrx_word' id='word_1_164' title='bbox 394 1433 543 1469; x_wconf 88' lang='lat' dir='ltr'>Veneta</span> <span class='ocrx_word' id='word_1_165' title='bbox 571 1441 621 1467; x_wconf 88' lang='lat'>11.</span> <span class='ocrx_word' id='word_1_166' title='bbox 651 1429 719 1466; x_wconf 89' lang='lat' dir='ltr'>fol.</span> <span class='ocrx_word' id='word_1_167' title='bbox 754 1443 784 1467; x_wconf 90' lang='lat' dir='ltr'>s.</span> <span class='ocrx_word' id='word_1_168' title='bbox 814 1436 850 1466; x_wconf 84' lang='grc'>4.</span> <span class='ocrx_word' id='word_1_169' title='bbox 872 1428 963 1477; x_wconf 88' lang='lat' dir='ltr'>maj.</span> <span class='ocrx_word' id='word_1_170' title='bbox 986 1433 997 1449; x_wconf 88' lang='lat'>‘</span> <span class='ocrx_word' id='word_1_171' title='bbox 1016 1430 1072 1466; x_wconf 84' lang='lat' dir='ltr'>M.</span> <span class='ocrx_word' id='word_1_172' title='bbox 1095 1430 1142 1466; x_wconf 91' lang='lat' dir='ltr'>V.</span> <span class='ocrx_word' id='word_1_173' title='bbox 1174 1430 1361 1467; x_wconf 86' lang='lat' dir='ltr'>Martialis</span> <span class='ocrx_word' id='word_1_174' title='bbox 1383 1430 1708 1480; x_wconf 80' lang='lat' dir='ltr'>Epigrammatutn</span> 
     </span>
     <span class='ocr_line' id='line_1_21' title="bbox 271 1493 1712 1548; baseline -0.003 -13"><span class='ocrx_word' id='word_1_175' title='bbox 271 1509 368 1548; x_wconf 91' lang='lat' dir='ltr'>opus</span> <span class='ocrx_word' id='word_1_176' title='bbox 397 1509 484 1534; x_wconf 84' lang='lat' dir='ltr'>cum</span> <span class='ocrx_word' id='word_1_177' title='bbox 518 1494 790 1532; x_wconf 79' lang='lat' dir='ltr'>commentario</span> <span class='ocrx_word' id='word_1_178' title='bbox 821 1493 970 1542; x_wconf 83' lang='lat' dir='ltr'>integro</span> <span class='ocrx_word' id='word_1_179' title='bbox 1009 1494 1155 1532; x_wconf 85' lang='lat' dir='ltr'>Domit.</span> <span class='ocrx_word' id='word_1_180' title='bbox 1188 1494 1382 1532; x_wconf 88' lang='lat' dir='ltr'>Calderini</span> <span class='ocrx_word' id='word_1_181' title='bbox 1416 1502 1454 1532; x_wconf 89' lang='lat' dir='ltr'>et</span> <span class='ocrx_word' id='word_1_182' title='bbox 1489 1493 1712 1531; x_wconf 76' lang='lat' dir='ltr'>defensione</span> 
     </span>
     <span class='ocr_line' id='line_1_22' title="bbox 270 1557 1712 1611; baseline -0.003 -12"><span class='ocrx_word' id='word_1_183' title='bbox 270 1562 370 1611; x_wconf 87' lang='lat' dir='ltr'>ejus.</span> <span class='ocrx_word' id='word_1_184' title='bbox 419 1559 602 1602; x_wconf 82' lang='lat' dir='ltr'>venetiis,</span> <span class='ocrx_word' id='word_1_185' title='bbox 624 1571 693 1608; x_wconf 87' lang='lat' dir='ltr'>per</span> <span class='ocrx_word' id='word_1_186' title='bbox 712 1558 802 1596; x_wconf 88' lang='lat' dir='ltr'>Joh.</span> <span class='ocrx_word' id='word_1_187' title='bbox 825 1557 872 1594; x_wconf 91' lang='lat' dir='ltr'>de</span> <span class='ocrx_word' id='word_1_188' title='bbox 890 1557 1081 1595; x_wconf 81' lang='lat' dir='ltr'>Colonia.&#39;</span> <span class='ocrx_word' id='word_1_189' title='bbox 1124 1559 1188 1596; x_wconf 85' lang='lat' dir='ltr'>Sic</span> <span class='ocrx_word' id='word_1_190' title='bbox 1209 1558 1346 1608; x_wconf 81' lang='lat' dir='ltr'>legitur</span> <span class='ocrx_word' id='word_1_191' title='bbox 1367 1559 1427 1596; x_wconf 79' lang='lat' dir='ltr'>tit.</span> <span class='ocrx_word' id='word_1_192' title='bbox 1447 1559 1482 1595; x_wconf 88' lang='lat' dir='ltr'>in</span> <span class='ocrx_word' id='word_1_193' title='bbox 1506 1560 1591 1596; x_wconf 89' lang='lat' dir='ltr'>Cat.</span> <span class='ocrx_word' id='word_1_194' title='bbox 1617 1559 1712 1595; x_wconf 84' lang='lat' dir='ltr'>Bibl.</span> 
     </span>
     <span class='ocr_line' id='line_1_23' title="bbox 273 1622 1711 1672; baseline -0.003 -9"><span class='ocrx_word' id='word_1_195' title='bbox 273 1624 400 1663; x_wconf 85' lang='lat' dir='ltr'>Hasaei</span> <span class='ocrx_word' id='word_1_196' title='bbox 433 1623 551 1661; x_wconf 85' lang='lat' dir='ltr'>Class.</span> <span class='ocrx_word' id='word_1_197' title='bbox 573 1633 632 1660; x_wconf 80' lang='lat' dir='ltr'>tv.</span> <span class='ocrx_word' id='word_1_198' title='bbox 653 1623 750 1660; x_wconf 86' lang='lat' dir='ltr'>inter</span> <span class='ocrx_word' id='word_1_199' title='bbox 784 1622 899 1659; x_wconf 89' lang='lat' dir='ltr'>libros</span> <span class='ocrx_word' id='word_1_200' title='bbox 934 1629 1080 1671; x_wconf 83' lang='lat' dir='ltr'>quartae</span> <span class='ocrx_word' id='word_1_201' title='bbox 1114 1622 1246 1660; x_wconf 82' lang='lat' dir='ltr'>forinae</span> <span class='ocrx_word' id='word_1_202' title='bbox 1277 1636 1316 1672; x_wconf 87' lang='lat' dir='ltr'>p.</span> <span class='ocrx_word' id='word_1_203' title='bbox 1339 1628 1428 1662; x_wconf 69' lang='lat'>523.</span> <span class='ocrx_word' id='word_1_204' title='bbox 1448 1636 1484 1660; x_wconf 87' lang='lat' dir='ltr'>n.</span> <span class='ocrx_word' id='word_1_205' title='bbox 1505 1628 1567 1662; x_wconf 79' lang='lat'>35.</span> <span class='ocrx_word' id='word_1_206' title='bbox 1591 1628 1629 1660; x_wconf 90' lang='lat' dir='ltr'>et</span> <span class='ocrx_word' id='word_1_207' title='bbox 1660 1623 1711 1660; x_wconf 85' lang='lat' dir='ltr'>cf.</span> 
     </span>
     <span class='ocr_line' id='line_1_24' title="bbox 273 1686 1714 1738; baseline -0.001 -12"><span class='ocrx_word' id='word_1_208' title='bbox 273 1687 496 1738; x_wconf 81' lang='lat' dir='ltr'>Lenguicliii</span> <span class='ocrx_word' id='word_1_209' title='bbox 511 1688 643 1737; x_wconf 77' lang='lat' dir='ltr'>Beytr.</span> <span class='ocrx_word' id='word_1_210' title='bbox 664 1686 707 1724; x_wconf 92' lang='lat' dir='ltr'>P.</span> <span class='ocrx_word' id='word_1_211' title='bbox 731 1696 780 1724; x_wconf 87' lang='lat'>11.</span> <span class='ocrx_word' id='word_1_212' title='bbox 802 1699 841 1736; x_wconf 92' lang='lat' dir='ltr'>p.</span> <span class='ocrx_word' id='word_1_213' title='bbox 867 1691 956 1724; x_wconf 68' lang='lat'>12¹2.</span> <span class='ocrx_word' id='word_1_214' title='bbox 976 1686 1077 1724; x_wconf 89' lang='lat' dir='ltr'>Huic</span> <span class='ocrx_word' id='word_1_215' title='bbox 1095 1687 1208 1737; x_wconf 86' lang='lat' dir='ltr'>igitur</span> <span class='ocrx_word' id='word_1_216' title='bbox 1228 1687 1386 1724; x_wconf 88' lang='lat' dir='ltr'>editioni</span> <span class='ocrx_word' id='word_1_217' title='bbox 1401 1687 1484 1737; x_wconf 82' lang='lat' dir='ltr'>jam</span> <span class='ocrx_word' id='word_1_218' title='bbox 1505 1686 1714 1736; x_wconf 80' lang='lat' dir='ltr'>subjuncta</span> 
     </span>
     <span class='ocr_line' id='line_1_25' title="bbox 273 1750 1063 1789; baseline 0 -1"><span class='ocrx_word' id='word_1_219' title='bbox 273 1758 327 1789; x_wconf 83' lang='lat' dir='ltr'>est</span> <span class='ocrx_word' id='word_1_220' title='bbox 343 1751 518 1789; x_wconf 84' lang='lat' dir='ltr'>defensio</span> <span class='ocrx_word' id='word_1_221' title='bbox 537 1750 722 1788; x_wconf 81' lang='lat' dir='ltr'>adversus</span> <span class='ocrx_word' id='word_1_222' title='bbox 743 1751 832 1788; x_wconf 88' lang='lat' dir='ltr'>Nic.</span> <span class='ocrx_word' id='word_1_223' title='bbox 855 1750 1063 1788; x_wconf 82' lang='lat' dir='ltr'>Perottum.</span> 
     </span>
    </p>

    <p class='ocr_par' dir='ltr' id='par_1_8' title="bbox 329 1813 1643 1865">
     <span class='ocr_line' id='line_1_26' title="bbox 329 1813 1643 1865; baseline -0.002 -12"><span class='ocrx_word' id='word_1_224' title='bbox 329 1821 428 1858; x_wconf 89' lang='grc'>1475</span> <span class='ocrx_word' id='word_1_225' title='bbox 449 1817 598 1852; x_wconf 83' lang='lat' dir='ltr'>Veneta</span> <span class='ocrx_word' id='word_1_226' title='bbox 615 1825 684 1852; x_wconf 87' lang='lat'>111.</span> <span class='ocrx_word' id='word_1_227' title='bbox 698 1814 765 1852; x_wconf 85' lang='lat' dir='ltr'>fol.</span> <span class='ocrx_word' id='word_1_228' title='bbox 786 1827 851 1863; x_wconf 83' lang='lat' dir='ltr'>per</span> <span class='ocrx_word' id='word_1_229' title='bbox 869 1816 931 1852; x_wconf 91' lang='lat' dir='ltr'>Jo.</span> <span class='ocrx_word' id='word_1_230' title='bbox 961 1813 1009 1851; x_wconf 90' lang='lat' dir='ltr'>de</span> <span class='ocrx_word' id='word_1_231' title='bbox 1031 1813 1202 1853; x_wconf 86' lang='lat' dir='ltr'>Colonia.</span> <span class='ocrx_word' id='word_1_232' title='bbox 1225 1814 1313 1851; x_wconf 81' lang='lat' dir='ltr'>Vid.</span> <span class='ocrx_word' id='word_1_233' title='bbox 1336 1815 1543 1865; x_wconf 82' lang='lat' dir='ltr'>Lengnicli.</span> <span class='ocrx_word' id='word_1_234' title='bbox 1566 1815 1590 1851; x_wconf 89' lang='lat' dir='ltr'>l.</span> <span class='ocrx_word' id='word_1_235' title='bbox 1609 1828 1643 1852; x_wconf 89' lang='lat' dir='ltr'>c.</span> 
     </span>
    </p>

    <p class='ocr_par' dir='ltr' id='par_1_9' title="bbox 330 1877 1307 1928">
     <span class='ocr_line' id='line_1_27' title="bbox 330 1877 1307 1928; baseline 0 -13"><span class='ocrx_word' id='word_1_236' title='bbox 330 1884 430 1919; x_wconf 82' lang='grc'>1478</span> <span class='ocrx_word' id='word_1_237' title='bbox 453 1877 662 1915; x_wconf 69' lang='lat' dir='ltr'>Mediolani.</span> <span class='ocrx_word' id='word_1_238' title='bbox 687 1890 717 1916; x_wconf 90' lang='lat'>1.</span> <span class='ocrx_word' id='word_1_239' title='bbox 738 1877 804 1915; x_wconf 87' lang='lat' dir='ltr'>fol.</span> <span class='ocrx_word' id='word_1_240' title='bbox 828 1891 895 1927; x_wconf 84' lang='lat' dir='ltr'>per</span> <span class='ocrx_word' id='word_1_241' title='bbox 919 1877 1014 1915; x_wconf 84' lang='lat' dir='ltr'>Phil.</span> <span class='ocrx_word' id='word_1_242' title='bbox 1035 1877 1082 1915; x_wconf 94' lang='lat' dir='ltr'>de</span> <span class='ocrx_word' id='word_1_243' title='bbox 1104 1878 1307 1928; x_wconf 83' lang='lat' dir='ltr'>Lavagnia.</span> 
     </span>
    </p>

    <p class='ocr_par' dir='ltr' id='par_1_10' title="bbox 333 1940 1185 1979">
     <span class='ocr_line' id='line_1_28' title="bbox 333 1940 1185 1979; baseline 0 0"><span class='ocrx_word' id='word_1_244' title='bbox 333 1947 434 1979; x_wconf 79' lang='lat'>1480</span> <span class='ocrx_word' id='word_1_245' title='bbox 453 1941 600 1978; x_wconf 86' lang='lat' dir='ltr'>Veneta</span> <span class='ocrx_word' id='word_1_246' title='bbox 621 1951 681 1978; x_wconf 83' lang='lat' dir='ltr'>lv.</span> <span class='ocrx_word' id='word_1_247' title='bbox 700 1940 765 1978; x_wconf 88' lang='lat' dir='ltr'>fol.</span> <span class='ocrx_word' id='word_1_248' title='bbox 785 1955 819 1977; x_wconf 90' lang='lat' dir='ltr'>c.</span> <span class='ocrx_word' id='word_1_249' title='bbox 844 1940 957 1977; x_wconf 81' lang='lat' dir='ltr'>Doin.</span> <span class='ocrx_word' id='word_1_250' title='bbox 980 1940 1089 1978; x_wconf 89' lang='lat' dir='ltr'>Cald.</span> <span class='ocrx_word' id='word_1_251' title='bbox 1110 1940 1185 1979; x_wconf 87' lang='lat' dir='ltr'>def.</span> 
     </span>
    </p>

    <p class='ocr_par' dir='ltr' id='par_1_11' title="bbox 274 2004 1716 2117">
     <span class='ocr_line' id='line_1_29' title="bbox 330 2004 1716 2054; baseline 0 -12"><span class='ocrx_word' id='word_1_252' title='bbox 330 2009 429 2043; x_wconf 79' lang='lat'>1482</span> <span class='ocrx_word' id='word_1_253' title='bbox 450 2005 596 2042; x_wconf 81' lang='lat' dir='ltr'>Veneta</span> <span class='ocrx_word' id='word_1_254' title='bbox 616 2015 657 2041; x_wconf 80' lang='lat' dir='ltr'>v,</span> <span class='ocrx_word' id='word_1_255' title='bbox 676 2004 743 2041; x_wconf 86' lang='lat' dir='ltr'>sol.</span> <span class='ocrx_word' id='word_1_256' title='bbox 780 2004 821 2041; x_wconf 92' lang='lat' dir='ltr'>In</span> <span class='ocrx_word' id='word_1_257' title='bbox 839 2005 911 2041; x_wconf 87' lang='lat' dir='ltr'>hac</span> <span class='ocrx_word' id='word_1_258' title='bbox 931 2005 1090 2054; x_wconf 87' lang='lat' dir='ltr'>Georgii</span> <span class='ocrx_word' id='word_1_259' title='bbox 1111 2005 1270 2042; x_wconf 86' lang='lat' dir='ltr'>Merulae</span> <span class='ocrx_word' id='word_1_260' title='bbox 1291 2006 1550 2043; x_wconf 79' lang='lat' dir='ltr'>commentarii</span> <span class='ocrx_word' id='word_1_261' title='bbox 1583 2007 1716 2043; x_wconf 87' lang='lat' dir='ltr'>Domi·</span> 
     </span>
     <span class='ocr_line' id='line_1_30' title="bbox 274 2068 709 2117; baseline -0.005 -10"><span class='ocrx_word' id='word_1_262' title='bbox 274 2068 388 2107; x_wconf 83' lang='lat' dir='ltr'>tianis</span> <span class='ocrx_word' id='word_1_263' title='bbox 409 2068 587 2117; x_wconf 86' lang='lat' dir='ltr'>adjuncti</span> <span class='ocrx_word' id='word_1_264' title='bbox 608 2076 709 2106; x_wconf 90' lang='lat' dir='ltr'>sunt.</span> 
     </span>
    </p>

    <p class='ocr_par' dir='ltr' id='par_1_12' title="bbox 331 2130 1384 2182">
     <span class='ocr_line' id='line_1_31' title="bbox 331 2130 1384 2182; baseline -0.003 -11"><span class='ocrx_word' id='word_1_265' title='bbox 331 2139 432 2171; x_wconf 85' lang='grc'>1483</span> <span class='ocrx_word' id='word_1_266' title='bbox 454 2132 667 2170; x_wconf 86' lang='lat' dir='ltr'>Mediolan.</span> <span class='ocrx_word' id='word_1_267' title='bbox 693 2142 743 2170; x_wconf 90' lang='lat'>11.</span> <span class='ocrx_word' id='word_1_268' title='bbox 763 2132 830 2170; x_wconf 86' lang='lat' dir='ltr'>fol.</span> <span class='ocrx_word' id='word_1_269' title='bbox 853 2145 921 2182; x_wconf 86' lang='lat' dir='ltr'>per</span> <span class='ocrx_word' id='word_1_270' title='bbox 942 2132 1156 2182; x_wconf 82' lang='lat' dir='ltr'>Baptistam</span> <span class='ocrx_word' id='word_1_271' title='bbox 1180 2130 1384 2169; x_wconf 82' lang='lat' dir='ltr'>de&#39;rortis.</span> 
     </span>
    </p>

    <p class='ocr_par' dir='ltr' id='par_1_13' title="bbox 332 2194 1491 2245">
     <span class='ocr_line' id='line_1_32' title="bbox 332 2194 1491 2245; baseline -0.001 -11"><span class='ocrx_word' id='word_1_272' title='bbox 332 2201 426 2241; x_wconf 90' lang='grc'>1491</span> <span class='ocrx_word' id='word_1_273' title='bbox 453 2195 662 2233; x_wconf 87' lang='lat' dir='ltr'>Mediolan.</span> <span class='ocrx_word' id='word_1_274' title='bbox 686 2207 759 2233; x_wconf 89' lang='lat'>111.</span> <span class='ocrx_word' id='word_1_275' title='bbox 783 2195 848 2235; x_wconf 86' lang='lat' dir='ltr'>fol.</span> <span class='ocrx_word' id='word_1_276' title='bbox 869 2210 937 2245; x_wconf 81' lang='lat' dir='ltr'>per</span> <span class='ocrx_word' id='word_1_277' title='bbox 953 2195 1049 2233; x_wconf 84' lang='lat' dir='ltr'>Phil.</span> <span class='ocrx_word' id='word_1_278' title='bbox 1069 2194 1243 2232; x_wconf 87' lang='lat' dir='ltr'>Pincium</span> <span class='ocrx_word' id='word_1_279' title='bbox 1263 2194 1312 2232; x_wconf 87' lang='lat' dir='ltr'>de</span> <span class='ocrx_word' id='word_1_280' title='bbox 1331 2196 1491 2233; x_wconf 81' lang='lat' dir='ltr'>Canato.</span> 
     </span>
    </p>

    <p class='ocr_par' dir='ltr' id='par_1_14' title="bbox 276 2259 1713 2361">
     <span class='ocr_line' id='line_1_33' title="bbox 333 2259 1713 2309; baseline 0.001 -12"><span class='ocrx_word' id='word_1_281' title='bbox 333 2265 432 2304; x_wconf 71' lang='lat'>1492</span> <span class='ocrx_word' id='word_1_282' title='bbox 453 2260 598 2297; x_wconf 77' lang='lat' dir='ltr'>Veneta</span> <span class='ocrx_word' id='word_1_283' title='bbox 618 2270 681 2299; x_wconf 90' lang='lat' dir='ltr'>vl.</span> <span class='ocrx_word' id='word_1_284' title='bbox 701 2259 766 2298; x_wconf 87' lang='lat' dir='ltr'>fol.</span> <span class='ocrx_word' id='word_1_285' title='bbox 782 2273 844 2309; x_wconf 87' lang='lat' dir='ltr'>ap.</span> <span class='ocrx_word' id='word_1_286' title='bbox 867 2261 1055 2297; x_wconf 88' lang='lat' dir='ltr'>Bonetum</span> <span class='ocrx_word' id='word_1_287' title='bbox 1071 2259 1306 2296; x_wconf 85' lang='lat' dir='ltr'>Locatellum</span> <span class='ocrx_word' id='word_1_288' title='bbox 1321 2273 1410 2297; x_wconf 89' lang='lat' dir='ltr'>cum</span> <span class='ocrx_word' id='word_1_289' title='bbox 1433 2261 1713 2299; x_wconf 86' lang='lat' dir='ltr'>commentariis</span> 
     </span>
     <span class='ocr_line' id='line_1_34' title="bbox 276 2321 536 2361; baseline -0.012 0"><span class='ocrx_word' id='word_1_290' title='bbox 276 2322 381 2361; x_wconf 82' lang='lat' dir='ltr'>Petri</span> <span class='ocrx_word' id='word_1_291' title='bbox 401 2321 536 2359; x_wconf 83' lang='lat' dir='ltr'>Marsi.</span> 
     </span>
    </p>

    <p class='ocr_par' dir='ltr' id='par_1_15' title="bbox 276 2386 1717 2755">
     <span class='ocr_line' id='line_1_35' title="bbox 335 2386 1716 2436; baseline 0.001 -12"><span class='ocrx_word' id='word_1_292' title='bbox 335 2391 433 2431; x_wconf 80' lang='grc'>1493</span> <span class='ocrx_word' id='word_1_293' title='bbox 455 2386 602 2423; x_wconf 85' lang='lat' dir='ltr'>Veneta</span> <span class='ocrx_word' id='word_1_294' title='bbox 621 2386 791 2423; x_wconf 79' lang='lat' dir='ltr'>vx1.fol.</span> <span class='ocrx_word' id='word_1_295' title='bbox 825 2386 1013 2424; x_wconf 85' lang='lat' dir='ltr'>Martialis</span> <span class='ocrx_word' id='word_1_296' title='bbox 1049 2400 1136 2424; x_wconf 90' lang='lat' dir='ltr'>cum</span> <span class='ocrx_word' id='word_1_297' title='bbox 1172 2387 1325 2425; x_wconf 87' lang='lat' dir='ltr'>duobus</span> <span class='ocrx_word' id='word_1_298' title='bbox 1355 2388 1583 2425; x_wconf 85' lang='lat' dir='ltr'>commentis</span> <span class='ocrx_word' id='word_1_299' title='bbox 1616 2389 1716 2436; x_wconf 89' lang='lat' dir='ltr'>(Do-</span> 
     </span>
     <span class='ocr_line' id='line_1_36' title="bbox 276 2448 1710 2501; baseline 0.001 -14"><span class='ocrx_word' id='word_1_300' title='bbox 276 2449 373 2487; x_wconf 86' lang='lat' dir='ltr'>mitii</span> <span class='ocrx_word' id='word_1_301' title='bbox 386 2448 575 2487; x_wconf 87' lang='lat' dir='ltr'>Calderini</span> <span class='ocrx_word' id='word_1_302' title='bbox 592 2449 672 2487; x_wconf 89' lang='lat' dir='ltr'>scil.</span> <span class='ocrx_word' id='word_1_303' title='bbox 692 2456 730 2488; x_wconf 87' lang='lat' dir='ltr'>et</span> <span class='ocrx_word' id='word_1_304' title='bbox 747 2450 905 2500; x_wconf 88' lang='lat' dir='ltr'>Georgii</span> <span class='ocrx_word' id='word_1_305' title='bbox 923 2451 1112 2499; x_wconf 80' lang='lat' dir='ltr'>Merulae).</span> <span class='ocrx_word' id='word_1_306' title='bbox 1143 2453 1185 2489; x_wconf 91' lang='lat' dir='ltr'>In</span> <span class='ocrx_word' id='word_1_307' title='bbox 1207 2451 1306 2489; x_wconf 82' lang='lat' dir='ltr'>fine:</span> <span class='ocrx_word' id='word_1_308' title='bbox 1338 2456 1348 2472; x_wconf 92' lang='lat'>‘</span> <span class='ocrx_word' id='word_1_309' title='bbox 1368 2452 1452 2489; x_wconf 89' lang='lat' dir='ltr'>Hoc</span> <span class='ocrx_word' id='word_1_310' title='bbox 1468 2465 1532 2501; x_wconf 88' lang='lat' dir='ltr'>per</span> <span class='ocrx_word' id='word_1_311' title='bbox 1550 2452 1710 2489; x_wconf 82' lang='lat' dir='ltr'>Bartho-</span> 
     </span>
     <span class='ocr_line' id='line_1_37' title="bbox 278 2512 1717 2566; baseline 0.002 -16"><span class='ocrx_word' id='word_1_312' title='bbox 278 2513 445 2550; x_wconf 89' lang='lat' dir='ltr'>lomeum</span> <span class='ocrx_word' id='word_1_313' title='bbox 477 2512 524 2550; x_wconf 86' lang='lat' dir='ltr'>de</span> <span class='ocrx_word' id='word_1_314' title='bbox 549 2513 657 2550; x_wconf 85' lang='lat' dir='ltr'>Zanis</span> <span class='ocrx_word' id='word_1_315' title='bbox 677 2513 725 2551; x_wconf 88' lang='lat' dir='ltr'>de</span> <span class='ocrx_word' id='word_1_316' title='bbox 755 2515 926 2552; x_wconf 87' lang='lat' dir='ltr'>Portesio</span> <span class='ocrx_word' id='word_1_317' title='bbox 946 2515 1114 2553; x_wconf 80' lang='lat' dir='ltr'>venetiis</span> <span class='ocrx_word' id='word_1_318' title='bbox 1149 2517 1374 2566; x_wconf 81' lang='lat' dir='ltr'>impressum</span> <span class='ocrx_word' id='word_1_319' title='bbox 1407 2528 1504 2565; x_wconf 88' lang='lat' dir='ltr'>opus</span> <span class='ocrx_word' id='word_1_320' title='bbox 1554 2515 1717 2553; x_wconf 86' lang='lat' dir='ltr'>feliciter</span> 
     </span>
     <span class='ocr_line' id='line_1_38' title="bbox 283 2576 1713 2626; baseline 0 -12"><span class='ocrx_word' id='word_1_321' title='bbox 283 2576 458 2626; x_wconf 83' lang='lat' dir='ltr'>explicit.</span> <span class='ocrx_word' id='word_1_322' title='bbox 477 2586 528 2613; x_wconf 81' lang='lat' dir='ltr'>M.</span> <span class='ocrx_word' id='word_1_323' title='bbox 546 2586 669 2614; x_wconf 88' lang='grc'><strong>0000.</strong></span> <span class='ocrx_word' id='word_1_324' title='bbox 691 2588 824 2615; x_wconf 79' lang='lat' dir='ltr'>xctlt.</span> <span class='ocrx_word' id='word_1_325' title='bbox 847 2579 920 2616; x_wconf 94' lang='lat' dir='ltr'>Die</span> <span class='ocrx_word' id='word_1_326' title='bbox 937 2589 1044 2616; x_wconf 87' lang='lat' dir='ltr'>xl11.</span> <span class='ocrx_word' id='word_1_327' title='bbox 1067 2579 1324 2617; x_wconf 64' lang='lat' dir='ltr'>Novembris!</span> <span class='ocrx_word' id='word_1_328' title='bbox 1350 2580 1506 2617; x_wconf 87' lang='lat' dir='ltr'>Perrara</span> <span class='ocrx_word' id='word_1_329' title='bbox 1522 2578 1605 2616; x_wconf 85' lang='lat' dir='ltr'>haec</span> <span class='ocrx_word' id='word_1_330' title='bbox 1622 2578 1713 2615; x_wconf 86' lang='lat' dir='ltr'>edit.</span> 
     </span>
     <span class='ocr_line' id='line_1_39' title="bbox 282 2639 1713 2692; baseline 0.002 -17"><span class='ocrx_word' id='word_1_331' title='bbox 282 2639 400 2676; x_wconf 89' lang='lat' dir='ltr'>literis</span> <span class='ocrx_word' id='word_1_332' title='bbox 422 2639 604 2688; x_wconf 88' lang='lat' dir='ltr'>impressa</span> <span class='ocrx_word' id='word_1_333' title='bbox 624 2646 681 2678; x_wconf 81' lang='lat' dir='ltr'>est</span> <span class='ocrx_word' id='word_1_334' title='bbox 702 2640 896 2690; x_wconf 78' lang='lat' dir='ltr'>quadratis</span> <span class='ocrx_word' id='word_1_335' title='bbox 928 2642 1141 2692; x_wconf 80' lang='lat' dir='ltr'>pernitidis,</span> <span class='ocrx_word' id='word_1_336' title='bbox 1164 2643 1365 2681; x_wconf 82' lang='lat' dir='ltr'>Maittario</span> <span class='ocrx_word' id='word_1_337' title='bbox 1386 2651 1516 2681; x_wconf 82' lang='lat' dir='ltr'>antem</span> <span class='ocrx_word' id='word_1_338' title='bbox 1533 2644 1591 2690; x_wconf 83' lang='lat' dir='ltr'>(ut</span> <span class='ocrx_word' id='word_1_339' title='bbox 1613 2642 1713 2678; x_wconf 88' lang='lat' dir='ltr'>vide-</span> 
     </span>
     <span class='ocr_line' id='line_1_40' title="bbox 283 2702 1715 2755; baseline 0.002 -17"><span class='ocrx_word' id='word_1_340' title='bbox 283 2704 358 2748; x_wconf 86' lang='lat' dir='ltr'>tur)</span> <span class='ocrx_word' id='word_1_341' title='bbox 379 2702 522 2751; x_wconf 81' lang='lat' dir='ltr'>ignota.</span> <span class='ocrx_word' id='word_1_342' title='bbox 540 2702 628 2742; x_wconf 82' lang='lat' dir='ltr'>vid.</span> <span class='ocrx_word' id='word_1_343' title='bbox 651 2705 761 2742; x_wconf 83' lang='lat' dir='ltr'>Mait.</span> <span class='ocrx_word' id='word_1_344' title='bbox 798 2704 920 2743; x_wconf 84' lang='lat' dir='ltr'>Indic.</span> <span class='ocrx_word' id='word_1_345' title='bbox 942 2718 969 2742; x_wconf 89' lang='lat' dir='ltr'>s.</span> <span class='ocrx_word' id='word_1_346' title='bbox 991 2705 1133 2744; x_wconf 85' lang='lat' dir='ltr'>Annal.</span> <span class='ocrx_word' id='word_1_347' title='bbox 1154 2706 1206 2743; x_wconf 88' lang='lat' dir='ltr'>T.</span> <span class='ocrx_word' id='word_1_348' title='bbox 1229 2717 1267 2744; x_wconf 88' lang='lat' dir='ltr'>v.</span> <span class='ocrx_word' id='word_1_349' title='bbox 1290 2712 1388 2755; x_wconf 86' lang='lat' dir='ltr'>part.</span> <span class='ocrx_word' id='word_1_350' title='bbox 1413 2716 1465 2742; x_wconf 75' lang='grc' dir='ltr'>ιι.</span> <span class='ocrx_word' id='word_1_351' title='bbox 1486 2718 1571 2755; x_wconf 81' lang='lat' dir='ltr'>pag.</span> <span class='ocrx_word' id='word_1_352' title='bbox 1594 2703 1657 2742; x_wconf 79' lang='lat'>56.</span> <span class='ocrx_word' id='word_1_353' title='bbox 1678 2713 1715 2741; x_wconf 87' lang='lat' dir='ltr'>et</span> 
     </span>
    </p>
   </div>
  </div>
 </body>
</html>
