1866 3131
423 178 469 205 M.
505 177 612 206 VAL.
649 176 919 206 MAR'rlAuls
955 176 1112 206 EPlGR.
1149 178 1238 206 LlB.
1273 177 1336 207 Vl.

144 273 350 314 impudicum
369 272 524 313 digitum.
549 272 636 303 Vide
667 272 841 312 Epigram.

141 328 193 354 93.
221 324 275 354 lib.
294 326 322 354 1.
338 332 424 354 vetS.
441 326 472 354 2.
488 328 523 353 et
539 324 654 364 Epigr.
667 326 718 354 28.
738 323 797 354 lib.
809 325 841 353 2.

143 385 231 405 vers.
248 378 277 406 2.

184 429 204 455 6
227 426 365 463 Alconti,
390 426 562 464 Dasioque,
588 421 843 464 Symmucltoque]

143 477 293 508 Medico.

185 530 203 555 S
231 527 457 566 Et,quantum,
483 524 553 564 δῖα]
579 524 624 554 Et
650 534 668 553 a
692 523 840 554 melioris

140 577 217 607 vita:
232 581 323 607 statu
340 576 551 607 subducatur
574 581 735 615 quantuni
755 578 839 604 tem-

138 630 229 669 poris
246 629 289 660 sit
304 629 491 669 impensum
503 627 604 658 animi
622 627 676 657 vel
689 625 838 666 corporis

139 679 275 717 morbis,
296 678 398 710 facile
414 677 595 718 apparebit
611 687 671 708 nos
687 676 744 707 diu
761 675 837 706 fuis·

138 738 187 767 se,
204 739 320 769 parum
337 729 474 759 vixisse.

182 783 218 810 15
246 780 498 817 Nonestviveru,
513 777 582 818 ssa]
607 778 699 809 lino:
720 777 837 808 ‘Vale-

138 839 173 860 re
200 834 252 860 est
276 829 534 870 philosopharis
559 829 667 869 inquit
693 831 836 867 Seneca,

136 884 143 896 ·
157 881 237 911 Sine
259 882 323 912 hoe
350 890 441 921 aeger
457 884 510 911 est
526 878 678 919 aninms,'
703 881 767 910 διο.
791 880 834 909 Ε-

139 932 219 971 pist.
237 935 287 963 15.

178 982 280 1013 Epic.
298 991 398 1013 Lxxx.
418 985 433 1013 1
459 981 583 1013 Boetica
597 983 751 1011 crusmata
765 989 835 1018 ges-

133 1033 198 1073 tus]
228 1032 403 1073 Κρούματα,
425 1038 662 1073 tympanorum
685 1037 721 1062 et
743 1041 835 1071 cym-

133 1083 283 1114 balorum
302 1084 417 1124 pulsus
434 1093 510 1114 cum
528 1083 711 1123 digitorum
725 1082 835 1122 erepi-

131 1139 180 1173 tu,
196 1135 383 1174 cujusmodi
399 1134 597 1165 saltationes
610 1133 783 1172 Hispanas
801 1132 834 1162 in

133 1195 193 1216 usu
211 1195 283 1216 esse
300 1185 402 1217 docet
427 1185 460 1217 J.
484 1185 522 1216 C.
538 1183 666 1224 Scalig.
687 1193 764 1223 cap.
781 1185 833 1214 18.

129 1236 186 1267 lib.
206 1239 233 1267 l.
257 1236 390 1268 Poetic.
406 1241 440 1267 et
454 1235 555 1267 hodie
572 1235 736 1265 videmus.

171 1290 191 1318 2
217 1287 337 1327 Medis]
361 1288 455 1320 Quos
474 1292 544 1317 tres
557 1289 734 1317 enumerat
750 1284 831 1315 ibid.

128 1338 217 1370 Scal.
253 1340 262 1356 ⁴
286 1339 551 1377 Cllironomiam,
583 1337 718 1375 Halma,
748 1336 831 1366 Lac·

128 1389 253 1421 tisma.’
297 1390 385 1421 Vide
401 1389 519 1430 Epigr.
535 1388 627 1419 42.1.
644 1390 696 1418 11.
714 1387 832 1427 Epigr.

127 1443 178 1473 78.
196 1442 218 1473 l.
235 1446 266 1473 5.
281 1451 367 1472 vers.
384 1444 437 1472 26.
458 1441 613 1481 idemque
630 1448 828 1479 expressum

127 1502 146 1523 a
162 1493 327 1525 Juvenale
343 1493 413 1523 Sat.
432 1495 483 1523 ll.
501 1501 589 1522 vers.
604 1493 678 1521 165.

170 1545 188 1572 3
224 1543 358 1573 Tendere
387 1552 454 1583 quae
478 1541 655 1580 tremulum]
695 1540 827 1572 Quibus

127 1592 168 1623 ad
201 1593 376 1624 libidinem
402 1592 538 1623 incendi
561 1592 651 1631 ‘jam
681 1590 826 1630 frigidus

127 1653 200 1674 aevo
215 1643 520 1674 Laomedontiades
533 1646 569 1672 et
584 1641 738 1672 Nestoris
751 1640 827 1671 her-

124 1695 180 1725 nia
205 1695 332 1735 possit.’
353 1694 510 1726 Juvenal.
538 1692 651 1732 Satyr.
678 1694 710 1722 6.
739 1701 826 1724 verS.

125 1748 200 1776 326.
248 1743 397 1783 Tendere]
435 1742 489 1774 Ad
528 1752 598 1773 rem
634 1742 824 1773 Veneream

125 1795 283 1826 idoneum
302 1794 456 1832 reddere,
475 1803 657 1834 rursusque
672 1802 714 1823 ex
732 1793 824 1824 vieto

124 1846 368 1886 decrepitoque
395 1854 475 1875 sene
499 1843 754 1875 adolescentem
775 1843 824 1874 fa·

124 1906 215 1927 cere.
261 1895 389 1935 Pelian]
423 1895 561 1926 Patrem
587 1894 722 1926 Jasonis
751 1895 823 1925 lon-

124 1957 267 1987 gaevnm.
316 1945 509 1986 Hecuboeque
549 1945 712 1985 maritum]
750 1945 823 1976 Pri-

123 2007 245 2029 amum.

164 2050 181 2077 4
206 2048 259 2078 Ad
275 2047 441 2078 Hectoreos
456 2046 562 2086 rogos]
584 2047 649 2077 Vel
662 2046 695 2076 in
708 2046 821 2077 medio

121 2109 274 2138 interere,
288 2100 320 2129 in
330 2098 450 2129 funere
467 2097 641 2129 Hectoris.
686 2096 753 2128 Alii
771 2102 821 2128 ta-

119 2159 209 2187 men,
226 2149 284 2179 sed
301 2149 401 2187 male,
417 2149 521 2178 Toros.

161 2202 181 2229 6
209 2199 356 2230 Vendidit
371 2197 532 2237 ancillam]
557 2198 744 2238 Postquam
762 2198 820 2229 de.-

120 2249 244 2280 siderio
261 2250 333 2289 ejus
348 2249 577 2287 excruciatur,
601 2258 700 2289 quam
716 2249 820 2280 ancil-

118 2300 183 2329 lam
199 2299 411 2337 vendiderat,
424 2298 560 2329 redimit
573 2303 609 2329 ut
622 2298 669 2329 illi
680 2299 819 2330 serviat.

162 2350 263 2380 Epic..
282 2358 398 2380 Lxxn.
422 2349 603 2389 Egregium
616 2359 695 2380 sane
706 2355 817 2381 custo—

118 2401 205 2439 dem,
222 2402 263 2432 de
289 2411 352 2442 quo
383 2401 575 2432 exclamare
603 2401 709 2440 libet;
733 2403 813 2433 ‘sed

117 2452 189 2492 quis
208 2451 382 2482 custodiet
406 2452 515 2492 ipsum
540 2452 724 2483 Custodem
736 2453 757 2483 ?¹
781 2458 817 2484 ut

115 2502 272 2534 Juvenal.
291 2503 359 2533 Sat.
371 2505 400 2533 6.
415 2512 502 2533 verS.
518 2505 591 2534 348.
610 2502 651 2533 de
664 2502 815 2534 foemina-

116 2563 187 2583 rum
201 2553 408 2584 custodibus.
432 2553 562 2584 Statnis
577 2559 689 2585 autem
704 2556 815 2585 aureis

115 2609 150 2634 et
164 2603 333 2644 argenteis
344 2603 741 2644 addebanturcustodes;
755 2604 814 2645 lig.

114 2664 187 2685 neae
218 2660 252 2684 et
276 2653 422 2694 lapideae
447 2654 662 2685 incustoditae
692 2660 811 2686 erant:

115 2704 228 2744 lepide
256 2704 372 2745 itaque
398 2713 472 2735 cuin
497 2704 664 2744 Apollinis
686 2709 812 2745 statua,

116 2763 213 2794 quam
231 2758 447 2794 surrepturus
473 2759 556 2795 erat,
578 2754 715 2795 jocatur
744 2756 809 2786 Eu-

1478 165 1589 208 1269

895 270 1050 311 tychidas
1067 271 1205 304 Antliol.
1222 273 1306 304 libro
1322 274 1353 303 2.
1370 271 1484 312 capite
1501 274 1556 303 25.

938 323 1189 354 EPIG.LXX111.
1217 326 1227 354 1
1260 324 1330 354 Non
1343 323 1432 354 rudis
1455 323 1591 363 indocta,

893 374 962 414 2512]
993 374 1048 404 De
1077 374 1218 413 Priapo,
1248 375 1505 415 Epigrammate
1536 377 1590 406 26.

894 424 953 454 lib.
970 427 999 454 l.
1021 433 1108 454 vers·
1127 427 1176 455 15.
1203 430 1237 454 et
1266 425 1520 465 Epigrammate
1535 427 1589 457 5⁷.

893 474 950 505 lib.
965 477 996 505 3.
1012 479 1047 505 et
1063 484 1165 514 supra
1182 475 1436 514 Epigrammata
1451 478 1503 507 49.

934 527 954 556 2
994 525 1242 564 Dispensatoris,
1268 525 1336 565 effa]
1384 524 1590 565 Artificisne,

891 576 947 615 qui
977 575 1153 606 custodem
1184 574 1338 606 effinxit?
1362 575 1416 606 An
1447 574 1512 607 fuit
1533 576 1588 607 hic

891 625 1028 656 Hilarus
1064 625 1277 665 dispensator
1305 630 1342 656 et
1378 626 1488 657 cultor
1518 626 1589 667 agri

890 675 1075 707 Ceretani?

930 729 949 757 3
976 726 1133 766 Ceretani,
1146 726 1213 767 &c.]
1238 726 1413 765 Ceretum,
1435 725 1586 757 Umbriae

887 786 955 817 ΟΡΡ

929 830 946 857 5
973 828 1076 863 Quam
1091 831 1186 866 certo,
1201 826 1268 867 θα]
1291 827 1399 859 Quam
1417 826 1458 858 ad
1473 827 1585 858 vivum

887 875 1020 908 effictus
1048 878 1171 917 vultus,
1193 887 1259 908 non
1285 878 1441 908 videatur
1466 887 1541 909 esse
1569 888 1586 908 e

886 927 988 968 ligno.

928 981 948 1009 6
973 979 1040 1009 Nec
1052 981 1160 1011 devota
1163 979 1259 1018 focis,
1269 980 1338 1020 gyon]
1362 979 1439 1010 Non
1456 980 1585 1012 utenda

886 1030 1052 1070 proligno
1076 1031 1172 1062 arido
1199 1036 1234 1061 et
1259 1031 1364 1071 putri,
1392 1040 1537 1072 namque
1565 1041 1584 1062 e

885 1089 1047 1121 cupresso
1060 1082 1123 1113 illis
1140 1082 1302 1114 vitalitas.
1326 1082 1447 1123 Epigr.
1463 1085 1516 1114 49.
1531 1093 1584 1114 su-

886 1141 948 1171 pra
964 1142 1052 1164 vers.
1069 1137 1100 1164 3.

928 1186 947 1214 8
959 1184 1112 1215 Phidiaca
1120 1185 1236 1224 rigeat,
1248 1186 1316 1226 fisca]
1330 1183 1469 1216 Affabre
1481 1184 1585 1225 facta,

885 1238 1045 1275 tanquam
1071 1245 1170 1266 mauu
1197 1236 1342 1266 Phidiae.
1377 1235 1497 1276 Epigr.
1528 1238 1582 1266 35.

882 1284 940 1317 lib.
957 1287 987 1315 3.
1004 1291 1037 1316 et
1051 1286 1169 1326 Epigr.
1185 1289 1237 1317 13.
1249 1296 1352 1327 supra
1364 1295 1454 1316 vers.
1473 1289 1503 1319 1.

924 1338 945 1366 9
969 1335 1130 1374 Sanctum,
1151 1336 1216 1377 ὅτι]
1254 1337 1344 1368 Vide
1376 1337 1496 1378 Epigr.
1526 1339 1580 1368 67.

881 1385 941 1416 lib.
958 1388 988 1417 3.
1007 1396 1094 1417 vers.
1111 1389 1141 1418 7.

923 1437 1027 1468 Epic.
1056 1446 1181 1468 Lxxw.
1219 1438 1359 1469 Calvum
1389 1438 1579 1479 quempiam

879 1486 1089 1527 edentulum,
1110 1488 1166 1529 qui
1192 1487 1373 1520 simulabat
1397 1498 1433 1519 se
1460 1488 1580 1519 denta-

877 1542 961 1579 tum,
977 1540 1121 1571 mordet.

922 1591 937 1618 1
965 1590 1070 1620 Medio
1092 1590 1259 1631 recumbit]
1283 1591 1339 1622 De
1365 1600 1458 1622 more
1474 1595 1510 1622 et
1526 1600 1579 1622 or-

877 1637 957 1669 dine
980 1640 1075 1671 Rom.
1100 1641 1332 1672 discumbendi
1359 1642 1392 1672 in
1414 1641 1511 1672 lectis
1535 1642 1577 1672 ad

877 1698 1039 1728 mensam,
1055 1690 1132 1721 vide
1158 1691 1252 1731 Lips.
1277 1694 1309 1721 3.
1335 1690 1475 1732 Antiqu.
1494 1691 1576 1722 lect.

877 1739 1016 1771 Ciacon.
1035 1740 1076 1771 de
1093 1741 1254 1780 triclinio,
1271 1746 1307 1772 et
1323 1741 1443 1772 Stuek.
1461 1742 1575 1772 convi-

877 1790 941 1819 val.
954 1793 985 1824 2.
1031 1791 1131 1831 Imus]
1155 1793 1239 1822 Eum
1256 1792 1459 1823 accumbere
1471 1792 1502 1822 in
1518 1792 1575 1823 ho-

875 1841 1088 1871 noratissimo
1106 1843 1179 1872 loco
1196 1842 1302 1880 dicit3
1326 1851 1400 1872 nam
1417 1852 1493 1873 cum
1507 1848 1576 1873 tres

874 1895 992 1922 essent
1018 1892 1111 1930 lecti,
1133 1892 1218 1923 imus
1245 1892 1324 1924 lecti
1349 1892 1452 1923 medii
1482 1893 1575 1924 locus

873 1945 948 1971 erat
973 1941 1266 1981 honoratissimus,
1291 1947 1328 1973 nt
1354 1943 1386 1974 in
1402 1943 1572 1984 Symposi-

873 1991 942 2022 acis
959 1997 1078 2023 auctor
1099 1998 1150 2025 est
1177 1994 1395 2025 Plutarchus.
1425 1995 1572 2027 '1'urneb.

872 2042 929 2073 lib.
947 2052 1023 2075 xiv.
1041 2055 1116 2085 cap.
1133 2048 1187 2076 27.

914 2097 933 2124 2
957 2094 1094 2136 Trzfilem
1113 2095 1292 2126 semitaclus
1303 2096 1474 2136 unguento]
1498 2097 1572 2128 Sul-

870 2145 916 2176 cis
930 2152 1103 2186 unguento
1118 2148 1231 2178 ductis
1253 2152 1289 2179 et
1305 2148 1408 2189 pictis
1424 2148 1457 2179 in
1474 2149 1572 2180 calva

871 2197 979 2236 tripili
1004 2207 1061 2227 seu
1090 2197 1196 2237 trifili,
1223 2202 1290 2228 tres
1307 2208 1355 2229 sc.
1372 2199 1426 2230 vel
1444 2208 1569 2239 paucos

870 2246 1050 2277 admodum
1077 2248 1218 2279 habenti
1242 2248 1396 2288 capillos.
1441 2249 1568 2280 ‘Semi-

871 2300 999 2328 tactns'
1021 2302 1144 2338 antem,
1165 2297 1358 2339 ἡμίχριστος,
1384 2300 1393 2315 ⁴
1409 2302 1568 2339 tangere’

869 2349 996 2389 quippe
1031 2349 1157 2387 ‘oleo,'
1193 2353 1247 2379 est
1279 2348 1288 2365 ‘
1303 2347 1455 2388 ungere.’
1490 2349 1566 2381 Jos.

867 2399 956 2430 Scal.
973 2404 1007 2430 et
1023 2400 1064 2430 P.
1084 2400 1191 2430 Scriv.
1218 2399 1295 2429 vide
1318 2403 1353 2429 et
1380 2398 1495 2438 Epigr.
1513 2402 1566 2430 57.

866 2459 981 2489 snpra.
1035 2449 1213 2479 Turnebus
1239 2448 1420 2487 legendum
1448 2454 1566 2480 censet

866 2508 927 2539 pro
955 2499 1144 2538 semicoctas,
1172 2498 1356 2534 semitutum
1389 2498 1446 2529 ille
1474 2498 1562 2530 enim

867 2555 1037 2589 unguento
1053 2559 1181 2580 comam
1199 2549 1263 2580 sibi
1285 2550 1318 2579 in
1335 2549 1449 2589 capite
1466 2549 1563 2580 calvo

865 2602 1021 2640 pinxerat
1047 2606 1081 2631 et
1109 2599 1309 2638 effinxerat,
1332 2600 1391 2630 sed
1408 2610 1484 2641 quae
1502 2601 1564 2632 tri-

864 2661 916 2681 um
932 2652 1061 2682 filorum
1080 2661 1139 2682 seu
1156 2651 1354 2691 capillorum
1373 2655 1482 2681 esset:
1506 2652 1561 2682 vel

863 2702 993 2732 calvam
1023 2701 1175 2740 haberet,
1208 2700 1262 2731 cni
1293 2699 1414 2741 reliqui
1445 2706 1561 2732 essent

863 2756 930 2783 tres
955 2752 1091 2793 capilli:
1127 2757 1162 2783 et
1189 2759 1264 2782 cum
1291 2751 1323 2782 in
1351 2755 1468 2791 capite
1487 2756 1559 2782 tan·
