1866 3131
227 201 340 244 1288
691 210 831 240 Nora-2

228 321 402 351 ducenta«.
457 318 526 348 Cur
551 316 663 356 itaque
692 314 834 346 ministri
857 315 928 354 ejus

231 370 376 401 subeunt
393 377 583 399 mensarum
600 368 703 406 viceS,
719 372 754 398 et
771 367 851 396 nihil
872 375 929 406 ap-

230 419 395 461 ponitur?
417 418 547 449 scilicet
564 421 601 449 ut
617 418 758 457 dapibus
772 417 839 448 suis
856 427 930 457 par-

230 476 299 510 cat,
337 479 419 512 quas
465 469 611 500 ministri
651 467 929 499 circumferentes

231 525 442 562 praetereant
473 520 579 559 ali0s3
617 519 704 557 aliis,
733 518 930 559 priusquam

231 571 311 612 quid
328 571 370 602 ad
383 570 579 601 satietatem
590 569 836 610 decerpserint,
849 578 932 608 prae-

230 622 369 662 ripiant,
414 621 582 652 Placeant
598 620 659 651 sibi
677 620 759 651 lauti
779 620 827 650 his
851 628 931 658 epu-

230 672 293 711 lis;
318 682 377 703 nos
404 672 577 703 tenuiores
599 681 665 702 non
685 671 810 711 juvant
825 678 930 700 coenae

234 724 309 755 istae
344 723 557 755 ambulantes
583 723 737 763 (running
761 719 933 760 banquets),

234 787 308 818 quae
337 785 373 808 et
396 776 519 807 nostris
540 774 762 816 parcipromis
786 773 935 804 inoleve-

233 829 312 857 runt
327 826 360 857 in
373 825 554 857 silicerniis
565 830 600 855 et
613 824 764 864 repotiis.

277 879 297 908 2
321 877 385 907 Pro
401 876 512 907 mensis
527 875 698 915 ministros]
733 874 806 914 Ipsi
822 872 936 904 minis-

235 928 280 958 tri
296 927 442 958 subeunt
460 926 549 957 vices
566 934 766 964 mensarum,
783 924 859 964 quia
876 922 936 962 ipsi

236 982 360 1017 gerunt
375 978 468 1009 cibos
492 977 525 1007 in
539 977 672 1017 gabatis
690 980 724 1007 et
746 974 937 1017 paropsidi-

236 1029 311 1060 bus.
366 1028 474 1059 Moris
503 1033 617 1058 autem
645 1031 720 1057 erat
755 1025 937 1066 prioribus,

237 1085 273 1109 ut
297 1079 435 1120 singulis
458 1078 614 1109 missibus
637 1078 785 1118 singulas
807 1086 937 1106 men-as

236 1129 416 1169 inferrent,
427 1129 499 1170 jam
515 1129 582 1160 suis
599 1129 707 1169 epulis
722 1128 936 1168 dapibusque

237 1186 388 1219 onustas,
411 1190 535 1221 easque
560 1184 678 1220 postea
705 1179 801 1209 simul
829 1176 939 1208 aufer-

237 1239 334 1263 rent:
360 1231 492 1263 Annius
511 1241 610 1262 unam
628 1231 714 1262 haud
732 1230 833 1260 dubie
851 1240 940 1260 men·

238 1294 308 1314 sam
332 1287 552 1324 apposuerat,
590 1281 649 1311 secl
678 1291 751 1311 eam
778 1290 940 1317 vncuam3

237 1333 361 1365 deinde
373 1332 516 1364 ministri
530 1332 647 1362 ordine
657 1329 941 1362 circumferebant

238 1383 391 1423 obsonia,
427 1387 476 1421 ut,
504 1381 594 1423 quod
624 1381 747 1422 cuique
775 1380 941 1420 placeret,

238 1435 318 1466 inde
332 1438 500 1474 carperet.
525 1433 642 1464 Rader.

282 1489 301 1517 3
328 1483 555 1525 Gabcztoe,33-c.]
578 1484 708 1515 Lances
726 1481 877 1513 escariae.

283 1540 301 1568 5
328 1537 394 1567 Nos
415 1534 616 1576 offendimur]
642 1535 815 1574 Pauperes
830 1535 945 1563 amant

241 1587 434 1628 appositam
453 1595 594 1624 coenam,
604 1594 671 1626 qua
685 1583 805 1614 famem
819 1587 854 1613 et
867 1591 945 1613 ven-

242 1644 343 1676 trem,
361 1646 426 1667 non
443 1636 556 1667 oculos
577 1639 730 1675 pascant.

286 1689 390 1719 Epic.
416 1695 519 1718 xmx.
563 1689 583 1717 2
611 1685 763 1716 Faucibus
788 1695 843 1715 oca
867 1682 944 1723 tuis]

243 1739 368 1769 Raucis
395 1737 483 1768 forte
514 1737 567 1767 vel
590 1736 794 1768 exulceratis
819 1736 946 1766 mollia.

246 1788 354 1828 Guloe]
377 1788 501 1818 Palato
521 1791 628 1828 grata.

287 1841 392 1870 Epio.
411 1847 441 1869 L.
465 1841 482 1868 1
509 1839 593 1869 Fons
607 1837 752 1875 dominoe,
766 1836 834 1876 ἐξα]
858 1835 946 1867 Vide

245 1890 309 1931 Ep.
326 1892 379 1920 47.
394 1889 416 1920 l.
430 1891 461 1919 6.

287 1943 307 1971 4
334 1939 556 1979 Ganymedem,
579 1937 648 1977 Sym]
672 1936 794 1968 Pueris
818 1936 945 1966 delica-

246 1990 301 2030 tis,
317 1990 424 2021 instar
437 1987 660 2027 Ganymedis.

289 2044 307 2071 5
335 2039 420 2075 Quid
436 2037 532 2076 facit,
558 2036 629 2078 Esau]
654 2036 740 2067 Vide
768 2034 946 2076 Epigram-

245 2097 336 2123 mate
361 2093 410 2122 14.
433 2099 550 2130 supra,
574 2088 665 2130 quod
689 2087 766 2119 huic
781 2087 945 2125 concinit,

251 2152 340 2173 vers.
356 2144 389 2172 3.

291 2194 397 2225 EP1G.
416 2201 463 2223 m.
488 2190 692 2230 Pompeium
718 2188 866 2220 Auctum
889 2197 945 2219 ce-

249 2245 371 2282 lebrat,
394 2244 450 2284 qui
474 2241 595 2273 Po‘etae
627 2250 757 2280 versus,
785 2246 821 2271 nt
853 2249 948 2269 suum

248 2303 370 2326 nornen
398 2293 546 2331 tenebat,
577 2296 781 2332 poteratque
807 2289 951 2321 carenti·

251 2346 314 2376 bus
344 2344 440 2381 libro,
467 2343 540 2383 ipse
565 2343 651 2373 liber
665 2351 750 2373 esse.
798 2341 900 2371 Hunc
914 2345 951 2370 ut

251 2397 364 2435 adeat,
388 2399 504 2426 mouet
530 2393 710 2430 Urbicum,
738 2392 766 2423 si
793 2392 877 2422 velit
903 2391 952 2421 in-

249 2453 402 2488 emptum
421 2444 595 2485 possidere
611 2443 816 2474 Martialem.

294 2501 312 2528 3
341 2495 524 2536 Pompeium
560 2503 694 2535 quaeras,
731 2491 799 2533 ἔγω]
836 2491 951 2523 Adeas

252 2547 455 2587 Pompeium
469 2545 630 2585 Auctum,
641 2553 740 2586 quem
752 2548 787 2575 et
801 2548 874 2574 tute
887 2541 953 2573 for·

252 2603 345 2629 tasse
362 2597 460 2627 nosti.

294 2651 314 2679 4
338 2648 418 2678 AEde
443 2644 544 2685 sedet]
582 2646 668 2677 Quae
696 2643 802 2684 signis
832 2643 952 2673 milita-

253 2697 343 2727 ribus
363 2708 382 2727 a
398 2696 534 2727 Parthis
546 2695 693 2726 remissis
706 2699 862 2725 extructa
879 2698 951 2724 est:

255 2752 293 2778 ut
317 2747 389 2785 alii,
413 2751 490 2786 post
519 2746 692 2776 victoriam
712 2744 954 2785 philippicam.

255 2800 433 2832 Suetonius
463 2798 611 2838 Augusti
642 2797 756 2838 capite
786 2800 838 2829 29.
887 2796 954 2828 Dio

866 209 1128 239 VARIORUM
1168 209 1217 238 ΙΝ

979 314 1064 344 libro
1078 316 1128 343 44.

1021 368 1039 394 5
1063 365 1142 394 ιΙιινσ
1155 362 1291 402 madens]
1304 362 1584 402 Jurisprudentia
1595 362 1678 394 tinc-

980 422 1045 455 tus,
1068 416 1238 447 imbutus:
1264 417 1313 445 sic
1338 414 1415 446 infr.
1432 415 1550 455 Epigr.
1569 418 1625 446 69.
1642 421 1679 446 et

980 468 1096 507 Epigr.
1126 471 1177 498 40.
1200 467 1253 498 lil).
1280 469 1311 497 1.
1343 475 1431 497 vers.
1462 468 1493 497 3.
1520 466 1678 497 Culderin.

980 518 1124 550 Jusculo
1141 517 1294 547 iliadem.
1336 515 1581 556 Varioquessw]
1604 517 1680 546 Stu-

981 569 1044 599 diis
1062 569 1153 608 pacis
1167 573 1202 599 et
1216 567 1316 598 variis
1332 567 1443 598 causis
1461 567 1683 598 exercitatus.

984 619 1141 649 Culderin.
1177 618 1307 648 Attrita
1332 617 1470 647 indutus
1499 622 1592 656 toga,
1618 626 1683 657 qua

982 669 1014 700 in
1033 669 1134 700 variis
1155 667 1274 699 officiis
1294 669 1411 699 utitur.

1025 723 1045 750 G
1069 720 1131 750 Sed
1158 720 1236 750 liber
1253 718 1313 758 est]
1339 718 1436 750 Adeo
1463 717 1505 749 ad
1534 727 1683 759 unguem

985 775 1079 802 tenet
1092 775 1127 800 et
1139 769 1335 800 memoriter
1352 769 1488 800 recitat.

1027 826 1046 853 7
1069 821 1230 860 Absentis]
1255 821 1321 852 Hic
1335 821 1425 852 enim
1443 821 1532 860 nolo,
1549 820 1686 852 absentis

986 882 1047 914 pro
1064 872 1214 902 absentes,

1029 928 1049 956 9
1072 925 1215 963 Poterat,
1240 923 1310 963 ‹ij-a]
1334 923 1376 953 Se
1409 922 1584 953 authorem
1609 931 1686 962 pro·

987 977 1090 1015 fiteri,
1102 976 1165 1006 nisi
1178 985 1262 1006 meae
1275 974 1406 1005 faveret
1418 973 1528 1013 farnae,
1541 979 1690 1015 poterat.

987 1028 1073 1059 Vide
1086 1028 1207 1058 Senec.
1224 1026 1365 1065 Prolog.
1385 1025 1543 1056 Declam.

1032 1081 1070 1108 ll
1099 1077 1239 1116 Decima,
1254 1087 1307 1107 nec
1323 1075 1495 1116 enim,85c.]
1514 1076 1600 1107 Quae
1618 1079 1687 1105 sta-

988 1133 1064 1159 tuta
1101 1137 1206 1158 coenae.
1243 1126 1326 1157 hora
1360 1126 1531 1167 aliquanto
1563 1124 1690 1156 tardior

989 1183 1132 1218 propter
1155 1177 1400 1218 occupationes
1428 1176 1546 1215 Aucti,
1570 1175 1622 1206 vel
1641 1181 1689 1206 te-

989 1230 1153 1260 nuitatem
1167 1229 1254 1268 ejus.

1033 1280 1136 1310 Emo-
1167 1288 1228 1310 Lu.
1254 1281 1269 1308 l
1297 1280 1396 1309 Aucto
1419 1277 1549 1318 libellos]
1574 1276 1690 1317 Epigr.

990 1331 1142 1372 praeced.

1033 1385 1052 1412 2
1077 1381 1114 1412 Si
1130 1385 1243 1420 tamen,
1260 1380 1329 1420 su]
1354 1380 1429 1411 Nisi
1449 1381 1627 1411 molestum
1646 1378 1691 1410 sit

993 1433 1102 1464 Celeri
1121 1432 1236 1462 audire
1251 1431 1442 1471 hujusmodi
1457 1440 1574 1470 nugas,

1036 1486 1055 1514 3
1081 1483 1140 1514 Ille
1164 1491 1258 1521 meas,
1284 1481 1354 1522 ἔγω]
1378 1482 1480 1512 Celer
1506 1480 1572 1512 fnit
1600 1490 1690 1521 prae-

994 1534 1104 1565 fectus
1122 1533 1333 1572 Celtiberiae,
1351 1533 1470 1573 patriae
1485 1542 1580 1562 meze.

1037 1586 1056 1614 4
1083 1584 1150 1614 Nec
1171 1582 1252 1621 fuit,
1281 1582 1350 1622 tra]
1386 1581 1461 1613 Nec
1492 1581 1577 1612 alius
1605 1581 1695 1622 quis—

996 1645 1094 1676 quam
1118 1634 1239 1674 majori
1253 1633 1333 1670 fide,
1350 1639 1385 1664 et
1410 1631 1619 1663 abstinentia
1634 1631 1691 1661 ad-

997 1685 1203 1716 ministravit
1215 1689 1366 1714 nostram
1381 1683 1614 1714 Celtiberiam.

1040 1739 1057 1765 5
1084 1734 1284 1775 lllnjor·,85c.]
1321 1734 1471 1765 Terreor
1486 1732 1551 1763 viri
1578 1731 1695 1772 majes-

998 1791 1090 1825 tate3
1105 1796 1167 1816 nec
1185 1786 1294 1816 minus
1310 1790 1466 1816 sanctum
1483 1782 1697 1823 expectoju-

998 1837 1109 1868 dicem
1124 1837 1292 1868 Carminis
1308 1836 1389 1875 mei,
1405 1845 1503 1877 quam
1521 1833 1599 1864 olim
1618 1842 1698 1873 gen-

1001 1888 1045 1918 tis
1059 1897 1155 1917 meae.

1041 1937 1148 1967 Eme.
1172 1945 1249 1967 Lm.
1275 1935 1396 1967 Umbri
1411 1934 1695 1973 munere-,Satur-

998 1987 1132 2018 nalibus
1150 1987 1212 2018 sibi
1230 1986 1349 2025 missa,
1366 1985 1492 2016 ironice
1511 1984 1636 2014 elevat.

1041 2041 1061 2068 2
1088 2038 1303 2076 Contulerant,
1329 2037 1398 2077 Sym]
1436 2036 1521 2068 Quae
1554 2035 1595 2065 ab
1624 2034 1700 2065 aliis

1000 2088 1063 2119 tibi
1088 2087 1188 2118 missa
1211 2091 1290 2117 sunt
1314 2095 1379 2126 per
1400 2085 1605 2123 Saturnalia,
1621 2095 1697 2125 quae

999 2139 1041 2170 ad
1058 2142 1089 2169 5.
1111 2138 1184 2168 dies
1211 2136 1383 2177 protraxit
1399 2136 1564 2176 Caligula.
1609 2134 1699 2165 vide

1000 2191 1064 2230 Ep.
1077 2192 1129 2220 46.
1146 2188 1204 2219 lib.
1217 2191 1247 2219 ιι.

1042 2242 1060 2270 3
1088 2238 1252 2279 Triplices]
1276 2237 1482 2278 Pugillares.
1528 2235 1701 2266 Dicuntur

1003 2295 1118 2322 autem
1151 2288 1360 2329 ‘triplices,’
1395 2297 1415 2318 a
1456 2287 1565 2318 tribus
1594 2284 1703 2323 foliis;

1003 2343 1012 2358 ‘
1023 2338 1282 2382 quincuplices,'
1295 2339 1443 2379 quinque.
1453 2336 1628 2368 foliorum:
1645 2334 1704 2366 fie-

1002 2391 1083 2421 bant
1099 2400 1140 2421 ex
1158 2390 1258 2429 citro,
1278 2389 1396 2427 ebore,
1415 2387 1554 2428 aliisque
1569 2386 1702 2426 generi-

1004 2442 1066 2472 bus
1084 2441 1321 2478 materiarum3
1349 2444 1388 2470 ut
1411 2438 1510 2469 hodie
1534 2447 1577 2468 ex
1600 2447 1701 2468 mem-

1003 2493 1118 2529 brana,
1146 2490 1276 2531 lapide,
1302 2490 1414 2530 lignis.
1461 2490 1581 2529 Epigr.
1598 2490 1630 2518 6.
1646 2487 1703 2518 lib.

1003 2545 1054 2574 14.
1100 2540 1317 2581 Dentiscalpia
1338 2543 1467 2580 septem,
1488 2538 1557 2579 δῖα]
1582 2536 1703 2569 Deliis

1003 2594 1062 2624 lib.
1080 2595 1131 2622 13.
1145 2597 1180 2622 et
1193 2594 1243 2622 14.

1045 2647 1063 2674 5
1092 2641 1199 2681 Fabae]
1223 2641 1398 2682 Epigram.
1420 2642 1473 2671 46.
1490 2638 1548 2670 lib.
1561 2640 1593 2669 4.
1611 2646 1698 2668 vers.

1002 2697 1035 2726 ὃ.
1070 2693 1192 2724 Vimine
1225 2691 1427 2731 Picenarum]
1465 2688 1613 2721 Fiscella
1642 2688 1702 2718 oli-

1005 2753 1121 2775 varum
1159 2743 1372 2774 Picenarum,
1415 2741 1475 2775 lib.
1509 2742 1561 2773 13.
1587 2738 1703 2779 Epigr-

1006 2797 1058 2827 36.
