1866 3131
236 169 346 210 1466
681 179 936 210 asscssNsus
974 177 1254 211 EDI'rloNUM

293 283 393 322 1595
415 277 658 327 Argentorati
690 289 738 315 11.
759 278 1048 324 Pulmanniana,
1084 284 1142 319 12.
1165 279 1221 316 M.
1244 278 1329 316 Val.
1364 279 1552 317 Martialis
1582 281 1671 331 Epi-

236 349 475 392 grammaton
497 341 583 379 libri
617 355 680 379 xv.
721 343 794 380 hoc
825 349 896 388 est,
933 343 1250 393 Spectaculorum
1279 342 1376 381 liber
1397 354 1427 381 Ι.
1477 344 1673 394 Epigram-

235 414 379 443 matum
402 405 589 444 variorum
611 406 796 444 librix11.
819 406 1030 444 Xeniorum
1050 406 1146 442 liber
1161 416 1191 443 1.
1215 406 1555 457 Apophoretorum
1579 408 1674 446 liber

237 479 266 505 1.
299 469 389 506 Post
410 470 529 508 Hadr.
551 471 652 509 Junii
673 470 973 508 emendationem
996 471 1204 520 recogniti:
1236 477 1274 507 et
1296 471 1470 509 lectionis
1490 472 1673 510 varietate

235 532 621 585 doctissimorumque
663 534 827 571 virorum
875 534 1207 571 observationibus
1246 534 1432 571 illustrati.
1501 535 1674 584 Adjecto

234 608 333 633 novo
357 610 481 635 rernm
514 612 560 636 ac
581 599 783 636 verborum
812 598 1042 647 singulorum
1074 597 1200 635 indice
1230 597 1526 644 absolutissimo,
1545 599 1673 637 studio

235 667 272 697 et
293 673 408 710 opera
428 663 587 712 Josephi
622 662 750 711 Langii
782 662 1126 708 Caesaremontani‚
1163 661 1403 713 Argentinae.
1437 663 1524 699 AEre
1547 663 1676 700 Lazari

233 723 423 762 Zetzneri.
446 729 558 764 Anno
579 736 755 763 muxcv.

292 789 392 833 1596
411 790 645 827 Gruteriana
667 800 695 826 1.
720 788 895 826 Francof.
922 795 980 828 12.
1000 803 1044 826 ex
1067 789 1151 828 Jani
1167 789 1417 837 G1·utet·iJam
1439 790 1670 827 accuratiori

234 851 283 888 ad
309 852 404 890 Mss.
428 854 619 891 Palatinos
641 860 679 891 et
693 852 783 890 edd.
805 859 896 890 vett.
930 853 1164 889 recensione.
1222 853 1320 895 Quae
1340 852 1456 889 editio
1491 866 1579 889 cum
1600 854 1678 890 Ms.

234 914 438 954 Viennensi
458 918 507 954 ab
528 917 662 955 eodem
684 918 853 954 Grutero
875 917 1012 953 collata
1042 922 1214 953 servatur
1245 916 1282 952 in
1305 916 1404 953 Bibl.
1427 916 1618 960 Leidensi,
1640 917 1676 953 in

234 992 312 1029 qua
332 981 445 1018 etiam
478 981 616 1026 obviae,
638 988 776 1031 praeter
806 981 935 1031 plures
969 981 1060 1017 Mss.
1086 981 1269 1017 Martialis
1292 980 1467 1027 Codices,
1494 981 1575 1018 aliae
1598 980 1678 1018 edi-

236 1044 360 1081 tiones
383 1043 497 1092 hujus
514 1045 710 1095 scriptoris
723 1058 809 1082 cum
827 1045 1140 1095 castigationibus
1163 1046 1261 1081 Mss.
1278 1044 1480 1082 doctorum
1498 1045 1678 1093 virorum,

236 1107 285 1145 Is.
306 1109 444 1153 Vossii‚
464 1109 656 1146 Francisci
676 1109 791 1154 Junii,
811 1112 885 1146 ἃς.

291 1176 390 1217 1597
415 1174 590 1218 Veronae,
620 1174 675 1212 16.
698 1174 982 1223 Epigrammata
1002 1177 1227 1222 expurgata,
1244 1171 1345 1210 Justi
1367 1172 1484 1222 Lipsii
1501 1172 1679 1210 aliorum-

236 1247 309 1283 que
329 1237 639 1274 annotationibus
659 1238 870 1273 illustrata:
902 1250 948 1273 ex
971 1236 1068 1272 Bibl.
1090 1235 1256 1271 Tbuani.

295 1303 391 1343 1599
414 1300 573 1348 Ingolst.
598 1306 632 1337 8.
656 1301 711 1336 M.
735 1299 819 1336 vat.
835 1299 1024 1336 Martialis
1041 1298 1343 1348 epigrammata:
1365 1311 1412 1335 ex
1428 1298 1554 1336 Catal.
1577 1298 1679 1336 Bibl.

238 1361 636 1412 Morgenbesserianae
657 1369 757 1412 part.
781 1373 831 1399 ΙΙ.
853 1375 891 1411 p.
919 1368 1004 1407 109.

296 1424 393 1462 1600
415 1425 531 1462 Paris.
555 1432 590 1462 4.
615 1426 807 1462 Desiderii
830 1425 987 1462 Heraldi
1009 1425 1044 1461 in
1065 1425 1179 1461 libros
1201 1435 1286 1462 ΧΠ.
1311 1425 1437 1475 Epigr.

296 1488 389 1526 1601
423 1489 540 1525 Paris.
576 1499 640 1525 IX.
678 1488 847 1526 Mor-elli.
870 1495 908 1526 4.
928 1501 976 1525 m.
1002 1501 1066 1537 ap.
1096 1488 1314 1525 Morellum.
1351 1488 1680 1538 Epigrammatum

235 1551 322 1588 libri
336 1563 430 1589 xlv.
449 1566 536 1589 cum
555 1553 772 1590 Comment.
790 1553 839 1588 D.
855 1551 1048 1589 Calderini
1069 1558 1107 1588 et
1129 1552 1247 1589 Obss.
1269 1552 1321 1589 G.
1347 1551 1519 1588 Merulae,
1550 1552 1682 1601 Ejusd.

239 1615 425 1653 Martialis
458 1616 744 1666 Epigrammata
777 1617 920 1653 selecta
952 1617 1092 1653 Graece
1123 1628 1304 1666 expressa
1336 1627 1357 1652 a
1391 1616 1555 1653 Morello
1594 1629 1682 1653 cum

238 1679 350 1717 notis.
393 1680 489 1718 Item
513 1681 677 1718 Marcilii
699 1688 905 1718 comment.
940 1687 1076 1718 auctus
1098 1680 1144 1716 ad
1175 1679 1526 1730 Amphitheatrum.
1549 1680 1683 1718 Desid.

240 1743 396 1781 Heraldi
429 1744 578 1782 adnott.
601 1751 639 1782 et
658 1745 746 1782 Nic.
780 1744 946 1794 Ingauni,
967 1745 1008 1781 it.
1037 1744 1183 1781 scholia
1216 1744 1312 1780 Adr.
1340 1743 1460 1790 Junii,
1481 1744 1683 1782 Pulmanni

238 1814 275 1844 et
299 1808 436 1845 Coleri.
471 1809 534 1845 Sic
556 1811 592 1845 in
619 1808 721 1846 Bibl.
747 1810 946 1846 Hasaeanae
968 1809 1053 1845 Cat.
1076 1808 1125 1845 cl.
1149 1819 1207 1846 IV.
1229 1821 1267 1857 p.
1291 1812 1379 1849 527.
1401 1820 1439 1844 n.
1461 1807 1526 1846 61.

297 1869 394 1910 1602
417 1872 577 1909 Gruteri
598 1883 651 1909 11.
674 1871 850 1909 Francos.
878 1878 938 1910 1‘2.
961 1877 1082 1921 repet.
1103 1871 1359 1921 praecedentis
1376 1884 1409 1908 a.
1435 1871 1547 1915 1596.

292 1934 500 1972 —Raderi
534 1947 563 1973 1.
587 1935 744 1986 Ingolst.
781 1935 846 1971 fol.
868 1936 924 1972 M.
948 1934 1030 1971 Val.
1070 1935 1256 1972 Martialis
1291 1934 1564 1985 Epigrammat.
1598 1935 1682 1973 libri

240 2010 369 2035 omnes
404 1998 507 2035 novis
540 1998 839 2042 commentariis,
867 1998 985 2034 multa
1020 2010 1111 2034 cura
1142 1997 1349 2046 studioque
1386 1997 1587 2044 confectis,
1607 2000 1683 2035 ὣς.

241 2074 440 2111 rerumque
462 2068 499 2098 et
525 2061 744 2104 verborum,
778 2061 998 2097 lemmatum
1032 2059 1136 2105 item,
1157 2066 1195 2096 et
1222 2059 1481 2096 communium
1513 2060 1683 2099 locorum

242 2126 355 2163 variis
386 2132 424 2163 et
458 2126 626 2175 copiosis
667 2125 866 2162 Indicibus
897 2124 999 2161 aucti
1029 2137 1050 2161 a
1072 2123 1261 2166 Matthaeo
1287 2123 1453 2169 Radero,
1487 2127 1561 2162 &c.
1595 2138 1684 2163 cum

243 2189 363 2240 gratia
381 2195 419 2227 et
452 2188 653 2239 privilegio
686 2189 869 2226 Caesareae
894 2187 1125 2236 Majestatis.
1160 2187 1399 2237 Ingolstadii.
1430 2189 1486 2225 Ex
1507 2195 1686 2239 typogra-

242 2254 331 2303 phia
351 2252 492 2290 Adami
515 2253 686 2290 Sartorii.
719 2254 790 2289 An.
814 2251 969 2289 Domini
992 2261 1143 2288 MDCH.
1202 2252 1260 2288 Ita
1278 2264 1363 2288 eam
1384 2251 1492 2288 nobis
1514 2251 1685 2302 descrip-

244 2317 290 2355 sit
310 2316 530 2367 perillustris
556 2329 754 2366 possessor
773 2316 1049 2365 Heideggeru5‚
1070 2315 1267 2351 Tribunus
1291 2314 1473 2365 Reipubl.
1495 2315 1686 2353 Turicen-

244 2380 305 2417 sis.
363 2381 423 2418 De
444 2379 564 2430 prima
584 2380 724 2417 Raderi
745 2379 838 2416 edit.
861 2378 913 2415 sic
934 2378 1093 2428 Joseph.
1115 2378 1284 2427 Scaliger
1301 2378 1421 2428 Epist.
1449 2383 1535 2423 159.
1556 2378 1604 2416 ad
1626 2381 1684 2417 M.

242 2443 464 2481 Velserum:
497 2447 507 2462 ‘
529 2442 648 2480 Valde
669 2442 785 2480 laudo
814 2454 971 2492 operam
994 2441 1131 2478 Raderi
1153 2441 1266 2479 vestri
1282 2442 1318 2478 in
1340 2442 1569 2480 Martialem.
1601 2442 1678 2480 Ita-

246 2520 320 2556 que
341 2519 399 2543 me
418 2512 575 2543 auctore
606 2506 710 2543 multi
730 2512 903 2543 emerunt
934 2505 1072 2542 librum
1094 2505 1211 2550 illum,
1234 2511 1277 2541 ut
1296 2519 1366 2554 ego
1393 2505 1559 2554 pretium
1580 2505 1682 2543 illius

245 2569 588 2607 excandefecerim.
644 2569 791 2614 Laud0‚
812 2570 981 2618 inquam,
1012 2569 1266 2607 eruditionem
1289 2568 1451 2605 hominis
1474 2574 1511 2606 et
1537 2568 1682 2606 cando-

248 2645 324 2670 rem
348 2634 633 2679 Germanicum,
656 2634 720 2683 qui
741 2633 822 2671 sine
842 2633 916 2670 ulla
934 2632 1118 2681 rubigine,
1139 2638 1177 2670 et
1197 2631 1463 2670 maledicentia
1488 2638 1563 2669 tam
1585 2631 1680 2669 bene

248 2695 295 2732 de
316 2695 417 2732 bono
437 2696 620 2746 scriptore
641 2696 796 2734 meritus
816 2696 889 2734 sit:
930 2695 1074 2734 Confer
1093 2695 1237 2734 Velseri
1259 2695 1379 2745 Epist.
1402 2701 1463 2734 21.
1484 2695 1686 2733 Commen-
