1866 3131
397 180 444 209 M.
477 179 585 208 VAL.
620 178 890 208 MAR'l'iAhls
928 178 1084 209 El'lGR.
1119 179 1208 207 [ΑΒ.
1242 179 1289 209 X.

139 280 200 300 nus
217 271 369 309 Graecis,
396 272 426 301 in
442 281 542 312 quem
560 271 711 303 Phaeton
729 281 826 303 curru

138 321 223 351 Solis
255 331 416 352 excussus
446 321 579 351 cecidit.
626 322 742 361 Epigr.
773 324 825 352 25.

138 372 196 402 lib.
223 375 253 403 4.
281 382 367 403 vers.
394 375 425 403 2.
472 373 534 407 Qui
558 372 651 412 pelis]
684 371 827 403 Videtur

136 422 330 462 legendum,
342 432 409 462 ‹111oe
421 423 513 461 petis.
559 423 635 452 Non
653 421 739 451 enim
756 422 826 461 pla-

137 477 215 503 cet:
240 472 375 511 Domiti,
389 472 442 512 qui
468 472 549 511 petis
572 471 707 502 AEmiliae
719 474 827 509 gentes

137 526 166 553 et
187 523 337 554 Vercellas
348 526 377 553 et
391 523 648 561 Circumpadanu,
664 531 701 552 ne
716 522 827 561 viram,

138 572 199 603 nisi
208 576 238 603 te
249 572 378 603 libenter
384 572 533 613 permitto
542 583 552 602 t
578 581 675 612 quam
689 582 696 601 :
721 572 771 602 Ne
779 571 824 602 vi-

137 633 217 661 vum,
229 623 361 660 Domiti,
371 623 430 653 nisi
442 626 471 653 te
482 622 611 653 libenter
618 623 765 662 permitto
780 632 825 653 re-

134 674 403 711 gionem.OEmilioe
428 677 457 704 et
479 673 629 704 Vercellas
643 676 671 703 et
688 674 720 703 in
737 673 825 704 Pado

135 724 340 763 circumjecta,
363 734 429 763 quae
455 724 547 763 petis.
594 722 733 754 Omittit
768 733 825 753 au-

136 779 204 805 tem
249 774 537 814 praepositionem,
565 777 603 804 ut
640 773 821 813 Virgilius:

133 825 141 840 ‘
155 824 330 856 Devenere
344 824 455 855 locos!
479 824 565 854 vide
581 833 655 864 quae
674 823 715 854 ad
739 824 824 854 Livii

135 875 157 904 Ι.
174 877 306 906 29.c.2.
320 875 472 905 diximus.
497 874 682 905 Gronovius.

177 928 195 955 3
222 926 270 956 Ne
284 925 399 965 virum]
414 924 729 965 Formulajurandi,
742 924 824 965 pris-

136 975 186 1006 cis
204 976 335 1007 usitata.

177 1030 194 1056 5
220 1026 282 1057 Sed
297 1025 493 1065 desiderium,
517 1026 586 1065 dra]
608 1026 675 1056 Sed
695 1025 823 1056 deside-

136 1078 184 1108 rio
207 1078 312 1108 nostri
340 1083 376 1109 tu
404 1078 545 1118 praefers
570 1079 665 1108 unius
695 1077 823 1108 aestatis

134 1128 397 1167 rusticationem,
429 1138 494 1169 qua
524 1129 571 1160 tui
599 1128 763 1159 colorandi
789 1132 824 1158 et

134 1178 234 1208 animi
248 1179 419 1210 relaxandi
437 1189 538 1210 causa
553 1179 595 1210 ab
619 1179 752 1209 urbanis
769 1188 823 1208 cu-

134 1227 178 1257 ris
195 1228 339 1258 secedis.

173 1280 191 1307 7
218 1278 444 1319 Iprecor,83·c.]
466 1277 561 1308 Vade
587 1277 714 1318 itaque,
737 1277 823 1307 inso-

129 1327 248 1358 lationi
266 1338 370 1359 vaca:
397 1339 461 1369 qua
482 1328 665 1359 utebantur
681 1327 822 1358 Veteres

131 1377 173 1408 ad
193 1377 360 1418 figendam
377 1378 579 1409 valetudinis
596 1387 707 1417 causa,
719 1383 820 1409 eteo-

131 1427 300 1458 lorandam
318 1428 433 1459 nitoris
445 1429 552 1467 gratia
568 1428 684 1459 cutim.

174 1482 194 1508 8
219 1479 318 1514 Quum
337 1478 494 1517 formosus
521 1479 594 1518 eris,
617 1479 687 1518 ξω]
711 1481 820 1512 Quam

132 1529 269 1569 pulchre
285 1530 452 1560 coloratus
469 1539 610 1569 peregre
634 1530 757 1560 redibis
771 1531 776 1560 !

173 1582 192 1609 9
215 1579 314 1619 Albis,
328 1580 394 1619 fise]
418 1578 624 1620 Σκιατρόφοις,
647 1580 689 1611 ab
707 1580 823 1610 umbra

133 1628 261 1659 urbana
287 1629 441 1669 pallidis:
465 1629 533 1660 sole
557 1639 622 1659 non
650 1629 820 1660 coloratis.

129 1678 217 1708 Vide
234 1679 449 1718 Epigramma
464 1682 515 1709 56.
526 1679 613 1710 libro
625 1682 654 1710 1.
670 1689 755 1710 vers.
770 1682 821 1710 14.

172 1732 212 1759 10
236 1729 416 1769 Libubilque
432 1732 512 1766 tuas,
533 1729 603 1769 Sym]
627 1728 752 1760 Osculo
764 1738 821 1759 ex·

128 1779 246 1819 cipiet.
298 1779 353 1810 Sic
380 1779 473 1819 Virg.
523 1779 670 1810 ‘Oscula
703 1779 823 1809 libavit

131 1835 233 1868 natae,
245 1829 366 1860 dehinc
382 1831 462 1860 talia
475 1829 591 1860 fatur!
614 1830 739 1860 Pallida
756 1833 820 1861 tur-

129 1879 181 1919 ba]
206 1878 262 1910 Ob
276 1880 417 1919 vigilias,
438 1877 559 1918 officia,
575 1884 610 1910 et
623 1880 820 1910 servitutem

130 1929 304 1960 urbanann

174 1982 209 2010 ll
239 1979 349 2020 Rapiet
364 1980 507 2020 colorem]
533 1981 718 2012 Candidum
745 1982 819 2013 red-

131 2030 197 2061 det.

172 2082 210 2110 12
234 2079 368 2121 Niliaco,
381 2080 448 2120 elsa]
464 2080 615 2121 AEgyptii
629 2091 707 2113 vero
722 2082 820 2114 fusci.

169 2131 272 2162 Eme.
291 2140 372 2162 xnr.
397 2132 555 2171 Tuccam,
571 2133 767 2172 opulentum
784 2137 819 2163 et

128 2180 272 2219 felicem,
290 2191 330 2212 eo
351 2181 520 2213 infelicem
538 2183 713 2223 praedicat,
729 2183 816 2224 quod

130 2239 221 2261 suam
237 2230 431 2262 felicitatem
453 2232 607 2272 ignoret:
632 2235 720 2274 quod
738 2235 818 2265 mul-

130 2280 172 2310 tis
196 2290 257 2310 usu
288 2282 402 2319 venit3
440 2286 477 2312 ut
507 2287 578 2313 tum
607 2283 749 2323 primum
781 2293 816 2315 se

130 2329 245 2361 beatos
267 2336 463 2371 agnoscant,
482 2342 582 2373 quum
599 2333 817 2365 beatitudinis

123 2380 291 2420 jacturam
313 2378 439 2411 fecere.

173 2432 186 2460 l
215 2431 293 2460 Cum
308 2430 549 2471 cathedraticios,
563 2431 630 2471 δῖα]
654 2433 738 2464 Cum
760 2434 818 2465 ha-

128 2481 209 2512 beas
224 2485 335 2511 tecum
362 2481 393 2510 in
422 2481 524 2512 rheda
540 2483 592 2512 vel
607 2492 720 2523 curru,
738 2494 817 2525 quo-

128 2531 192 2561 ties
207 2530 271 2561 iter
282 2529 379 2569 facis,
399 2540 521 2570 pueros
535 2531 708 2572 delicatos,
724 2538 817 2564 tene-

128 2590 194 2620 ros,
210 2579 447 2620 effoeminatos‚
463 2582 603 2613 mollitie
615 2592 681 2614 non
697 2584 817 2615 ceden-

129 2637 178 2663 tes
195 2631 349 2669 foeminis,
364 2641 500 2672 quarum
525 2634 660 2673 proprie
687 2639 737 2665 est
764 2644 816 2665 ca-

128 2682 268 2718 t'nedra;
291 2682 465 2712 Turnebus
494 2682 579 2714 libro
604 2686 655 2714 30.
686 2694 760 2724 cap.
785 2688 815 2715 3.

130 2736 163 2761 et
180 2734 230 2762 30.
253 2733 525 2773 Symphoniacos,
541 2732 640 2765 forte.

1459 169 1565 210 1357

918 274 938 302 2
961 272 1005 302 Et
1029 271 1137 312 Libys,
1158 271 1227 311 ὁκκ]
1248 272 1292 303 Et
1308 271 1382 312 tibi,
1400 281 1459 312 pro
1475 282 1567 303 more

877 321 1069 360 lautiorum‚
1098 327 1309 362 praecurrant
1340 323 1470 364 equites
1498 325 1566 354 Nu-

877 371 986 402 midae.
1032 372 1142 411 Reges
1169 373 1256 402 enim
1295 377 1330 403 et
1360 373 1566 412 potentiores

876 431 1102 462 praecursores
1119 422 1191 453 illos
1214 422 1395 462 habebant,
1409 432 1483 453 cum
1506 424 1569 453 iter

875 472 1010 513 aliquod
1024 471 1296 512 ingrederentur.
1321 473 1481 504 Cursores
1492 473 1567 503 sim-

876 523 1013 563 pliciter
1038 522 1211 561 dicuntur,
1239 532 1314 552 curn
1341 532 1567 563 praecursores

876 582 994 602 revera
1009 572 1087 603 sint.
1110 573 1229 603 Senec.
1244 572 1354 612 Epist.
1374 576 1444 604 114.
1466 574 1474 589 ‘
1488 573 1567 603 Om-

874 632 934 653 nes
959 623 1005 653 sic
1026 623 1099 662 jam
1134 623 1403 663 peregrinantur,
1429 627 1466 654 ut
1492 623 1565 654 illos

875 672 1098 704 Numidarum
1127 677 1317 713 praecurrat
1333 673 1513 713 equitatus,
1529 678 1566 702 ut

875 732 993 763 agmen
1009 732 1180 754 cursorum
1197 722 1400 754 antecedat?
1420 723 1565 753 'l‘urneb.

873 774 929 805 lib.
945 777 998 805 24.
1013 784 1090 814 cap.
1102 777 1134 805 6.

916 828 934 855 3
957 824 1135 864 Strataque,
1150 824 1219 864 Sym]
1241 824 1285 854 Et
1301 822 1376 862 tibi,
1389 822 1429 854 ad
1444 823 1563 853 multas

875 880 948 906 tuas
973 876 1120 906 thermas
1137 879 1172 905 et
1203 874 1349 913 balneas,
1377 875 1483 904 multa
1508 883 1563 904 ex-

874 931 1030 957 truantur
1043 925 1200 964 triclinia,
1213 924 1562 963 diaetae,coenationes.

874 976 988 1017 Baias]
1009 977 1164 1016 Balneas,
1181 976 1301 1017 quibus
1321 974 1474 1006 celebres
1487 980 1565 1005 sunt

874 1027 979 1058 Baiae.

914 1079 933 1107 4
957 1077 1001 1107 Et
1017 1077 1133 1116 Thetis,
1149 1076 1217 1116 mn]
1243 1077 1288 1107 Et
1303 1075 1413 1116 ampla
1434 1074 1564 1113 balnea,

874 1137 947 1168 quae
972 1133 1006 1158 et
1028 1127 1130 1157 maria
1146 1126 1346 1158 dicebantur
1361 1130 1396 1156 et
1415 1125 1564 1163 piscinas,

873 1177 1054 1217 unguentis
1067 1176 1182 1207 infusis
1194 1177 1266 1217 (qui
1279 1176 1439 1206 Veterum
1452 1174 1564 1214 luxus)

873 1228 1034 1268 palleant.

915 1281 932 1308 5
957 1276 1060 1307 Setini
1087 1274 1325 1316 rumpant‚&c.]
1350 1274 1495 1315 Optima
1518 1274 1564 1303 vi-

872 1336 913 1357 na
931 1335 948 1357 e
965 1327 1054 1357 Setia
1069 1325 1238 1367 frangant,
1259 1325 1337 1356 dum
1360 1325 1564 1361 miscentnr;

872 1378 924 1408 vel
944 1378 1057 1409 calore
1074 1382 1232 1418 rumpant
1247 1376 1367 1416 pocula
1393 1380 1453 1406 tua
1475 1383 1564 1413 crys-

871 1428 996 1460 tallina.
1041 1427 1195 1467 Trientes]
1219 1426 1352 1459 Calices
1374 1428 1404 1457 4.
1428 1425 1565 1465 cyatho-

871 1489 956 1511 rum.
972 1479 1145 1520 Epigram.
1159 1481 1212 1510 28.
1226 1478 1283 1508 lib.
1304 1481 1333 1508 l.
1351 1486 1437 1508 vers.
1453 1479 1486 1507 2.

913 1533 933 1561 6
961 1529 1078 1569 Venus]
1112 1530 1198 1562 Quae
1221 1528 1254 1559 in
1275 1528 1403 1559 olorina
1436 1525 1562 1557 cubat:

870 1589 945 1611 nam
962 1581 1070 1611 olores
1091 1579 1139 1610 illi
1153 1578 1251 1610 sacri.

912 1633 930 1660 7
958 1632 1009 1661 Ad
1038 1634 1186 1660 nocturna
1206 1629 1306 1666 jaces,
1330 1627 1398 1668 qe]
1428 1626 1515 1657 Vide
1532 1629 1561 1656 5.

871 1680 1001 1720 Satyrae
1016 1679 1125 1710 Persii
1137 1688 1270 1710 versum
1285 1680 1357 1708 165.
1369 1682 1405 1707 et
1416 1685 1489 1717 quae
1503 1685 1562 1705 nos

871 1730 912 1761 ad
926 1731 1028 1760 illum.

912 1784 932 1811 9
959 1781 1055 1811 Urere
1069 1790 1123 1811 nec
1135 1779 1292 1819 miserum]
1317 1778 1400 1809 Cum
1423 1777 1466 1807 sis
1493 1780 1560 1806 tam

871 1829 988 1860 beatus
1003 1834 1038 1860 et
1054 1829 1147 1869 felix,
1162 1828 1322 1860 cruciaris
1348 1833 1457 1859 tamen
1472 1825 1560 1867 quod

869 1889 1016 1920 nequeas
1028 1889 1101 1910 esse
1118 1879 1263 1910 adulter.

911 1934 951 1962 10
975 1932 1059 1962 Bene
1080 1932 1142 1972 est]
1167 1932 1219 1962 Ex
1248 1940 1358 1962 rerum
1390 1928 1561 1960 affluentia

868 1981 1016 2012 nascitur
1031 1982 1092 2013 tibi
1108 1982 1226 2012 vitiosa
1238 1981 1381 2012 miseria.
1426 1981 1470 2010 Et
1482 1989 1559 2010 sane

868 2031 928 2062 tibi
955 2032 1042 2062 male
1069 2036 1135 2072 est,
1159 2032 1237 2073 quia
1261 2031 1357 2062 nimis
1382 2031 1468 2062 bene
1493 2035 1558 2067 est,

867 2082 955 2124 quod
981 2092 1046 2113 non
1074 2082 1245 2123 intelligis.
1290 2082 1377 2113 Nam
1407 2080 1477 2122 ἔρως
1508 2086 1560 2110 est

865 2134 927 2163 τῶν
938 2131 1157 2172 σχολαζόντων
1165 2131 1301 2172 ἀσχολία
1317 2142 1325 2162 :
1343 2132 1428 2163 adde
1439 2130 1560 2161 καὶτῶν

867 2182 1011 2221 ἐχόντων.
1047 2184 1056 2198 ‘
1070 2183 1164 2214 Bene
1187 2182 1264 2222 est,’
1286 2182 1557 2222 elegantissime3

867 2232 948 2272 ἔχεις
965 2231 1153 2271 εὐδαιμόνως.
1197 2232 1265 2264 Sed
1279 2236 1314 2263 et
1337 2232 1463 2263 locutio
1479 2241 1557 2262 con-

867 2284 984 2315 vivalis
1001 2282 1246 2314 honestissima.
1294 2282 1416 2313 Horat.
1432 2282 1503 2312 Sat.
1524 2285 1554 2312 2.

866 2333 924 2365 lib.
941 2336 971 2364 2.
986 2334 995 2349 ‘
1008 2333 1103 2363 Beue
1120 2336 1205 2372 erat,
1216 2342 1281 2363 non
1298 2332 1446 2373 piscibus
1463 2331 1556 2363 Urbe

867 2383 997 2424 petitis,
1009 2382 1077 2414 Sed
1095 2383 1188 2422 pullo
1203 2387 1306 2423 atque
1322 2382 1441 2413 haedo.’

909 2434 1013 2464 Eme.
1031 2441 1106 2464 xw.
1127 2436 1147 2463 G
1165 2433 1242 2463 Cum
1254 2436 1308 2464 tua
1327 2433 1478 2472 Niliacus,
1490 2433 1558 2473 Sym]

867 2483 950 2514 Cum
967 2483 1103 2514 colonus
1119 2487 1195 2513 tuus
1212 2483 1246 2513 in
1270 2483 1418 2523 AEgypto
1435 2484 1555 2514 multos

867 2533 928 2565 tibi
939 2539 1012 2563 aret
1028 2531 1160 2564 fundos.

908 2586 927 2614 8
949 2583 1171 2623 Argenti,53⁶c.]
1185 2583 1241 2614 Sic
1255 2584 1440 2615 Palatinus.
1454 2584 1555 2624 Vulg.

865 2634 1000 2673 Arg-enti
1015 2635 1130 2674 quando
1145 2634 1236 2664 missa
1249 2634 1360 2665 selibra
1376 2635 1452 2665 mihi
1465 2638 1509 2665 est
1520 2633 1536 2666 ,⁷

909 2687 947 2713 10
973 2684 1072 2718 Quum
1101 2686 1191 2724 quod,
1217 2684 1282 2724 ἔξω]
1317 2684 1467 2716 Animam
1495 2686 1553 2716 im-

867 2734 1026 2773 pendere,
1044 2735 1128 2774 sive,
1147 2740 1184 2765 ut
1200 2735 1247 2765 ait
1264 2735 1330 2775 ille,
1345 2735 1469 2776 aliquid
1486 2736 1548 2766 ani-
