1866 3131
296 167 408 210 1234

293 273 473 316 quodsede
484 272 634 314 equestri
645 271 995 312 abstineat,et,qnum

293 326 418 358 habeat
434 324 560 363 omnia,
584 333 660 365 quae
685 323 811 355 decent
835 324 997 364 equitem,

293 382 423 418 praeter
450 385 599 414 censum,
615 376 731 407 volens
755 375 881 406 honore
906 374 995 405 sedis

293 431 423 464 careat,
437 435 500 458 nec
513 425 598 456 velit
607 424 783 457 Oceanum
798 425 996 456 Lectiumve

293 478 436 508 timere:
462 486 559 507 secus
571 485 610 507 ac
624 475 720 508 multi
736 474 997 513 faciebant‚non

292 527 392 558 modo
407 536 524 565 censo,
540 525 601 558 sed
618 532 653 557 et
670 526 818 565 ingenio,
833 525 997 556 moribus-

293 588 370 619 que,
394 582 430 609 et
460 576 595 616 studiis,
625 581 661 607 et
693 586 818 617 genere
846 576 997 616 equestri

292 630 462 662 destituti.
509 631 677 662 Gruterus
694 634 791 661 notat
815 630 849 660 in
876 630 999 660 Poste-

290 681 436 712 rioribus
450 681 646 721 Notis,Pal.
659 681 786 711 habere
799 680 863 711 sint
873 691 883 711 .·
908 679 996 721 quod

291 733 319 764 si
335 733 530 773 recipimus,
546 733 658 773 aliquo
681 731 780 762 modo
799 731 935 762 tolerari
951 731 996 761 al-

289 787 366 814 tera
393 783 634 824 interpretatio
651 787 775 823 potest.
811 781 996 812 Gronovius.

291 834 353 865 Bis
367 837 503 874 septena,
519 832 590 874 δῖα]
625 833 692 863 Cur
707 836 820 863 antem
838 831 923 862 adeo
939 831 997 861 de-

288 885 427 916 lectaris
451 884 533 915 sede
558 883 710 924 equestri
735 882 826 913 intra
853 885 904 912 14.
922 892 996 922 gra-

291 935 365 975 dus,
382 940 419 966 ut
435 945 519 975 opus
546 934 672 964 habeas
702 934 820 965 timere
838 933 995 973 designa-

290 987 427 1017 torem?
452 987 561 1025 Supra
579 985 698 1024 Epigr.
714 988 745 1015 8.
759 989 793 1015 et
807 984 923 1025 Epigr.
942 987 994 1015 14.

291 1038 352 1067 Bis
375 1041 490 1077 septem
516 1035 675 1075 subsellia]
718 1035 810 1066 Male
841 1035 994 1065 nonnulli

290 1088 454 1119 subsellia
478 1087 532 1118 hic
559 1086 735 1126 accipiunt
761 1096 821 1126 pro
849 1086 993 1116 scamnis

289 1138 322 1168 in
338 1147 465 1169 cuneos
481 1142 514 1169 et
532 1137 654 1177 gradus
670 1137 786 1167 illatis.
831 1137 924 1176 Ergo
943 1136 992 1166 bis

289 1194 424 1229 septem
442 1188 603 1219 subsellia
624 1188 775 1228 appellat
793 1187 993 1228 quatuorde-

289 1240 354 1270 cim
383 1240 518 1271 ordines
544 1239 710 1280 equiturn,
736 1239 806 1269 sive
832 1244 993 1279 quatuor-

291 1290 400 1321 decim
429 1290 568 1330 gradus,
593 1299 678 1330 quos
704 1289 806 1320 etiam
831 1287 918 1329 ἕδρας
935 1299 994 1329 ap-

290 1341 432 1381 pellavit
446 1340 516 1371 Dio
541 1341 598 1371 lib.
616 1343 670 1371 26.
706 1340 765 1371 Τὰς
787 1340 847 1380 ’γὰρ
868 1342 928 1370 τῶν
949 1340 994 1370 ἶπ-

289 1391 370 1422 πέων
384 1391 440 1423 τὰς
462 1391 492 1422 ἐν
516 1393 582 1422 τοῖς
597 1390 733 1431 θεάτροις
753 1389 842 1431 ἕδρας
863 1392 994 1431 ἀκριβῶς

287 1442 347 1473 ἀπὸ
362 1444 424 1473 τῶν
440 1441 547 1473 ἄλλων
569 1442 722 1482 ἀφώρισεε
759 1444 767 1458 ‘
789 1444 875 1474 Nam
901 1443 993 1484 equi-

290 1499 361 1524 tum
379 1493 541 1524 subsellia
557 1494 592 1524 in
609 1493 748 1524 theatris
771 1493 813 1524 ab
830 1494 903 1525 aliis
921 1494 994 1524 soli-

290 1543 358 1574 cite
375 1542 569 1583 separavit.'
609 1542 731 1573 Recte.
767 1543 853 1574 Nam
870 1543 902 1573 in
921 1553 994 1583 gra-

289 1593 390 1623 dibus
420 1592 582 1623 subsellia
620 1592 927 1632 componebantur,
958 1598 995 1624 ut

290 1643 339 1673 ait
353 1643 539 1674 Vitruvius,
572 1642 842 1675 Quatnordecim
859 1643 995 1674 ordines

291 1694 439 1732 proprie,
477 1699 514 1724 et
553 1693 811 1734 quatuordecim
855 1694 994 1733 gradus.

290 1743 378 1773 Item
407 1744 665 1784 quatuordecim
691 1743 895 1784 simpliciter
920 1744 995 1775 sine

289 1794 493 1834 adjectione.
517 1795 686 1825 Hei-oldus.

333 1845 435 1874 Eric..
455 1852 590 1874 xxvm.
614 1844 838 1874 Occasionem
857 1843 994 1874 laudan-

291 1894 324 1924 di
343 1894 570 1924 Rornanorum
589 1892 746 1931 familias,
761 1893 824 1924 aevi
838 1893 888 1923 sui
904 1894 993 1933 prin-

288 1946 382 1985 cipes
406 1950 440 1975 et
472 1945 709 1986 optimates,a
740 1954 886 1985 persona
914 1943 995 1975 ficta

291 1995 456 2025 Mamerci
474 1999 606 2034 captat,
633 1994 688 2024 cui
713 2004 812 2024 nemo
836 1994 917 2024 satis
937 1994 993 2024 bo-

290 2055 352 2076 nus
380 2045 434 2086 (ut
458 2051 493 2076 et
519 2045 705 2076 Caeciliano
725 2045 784 2075 lib.
803 2053 855 2075 1x.
874 2044 991 2085 Epigr.

291 2096 362 2135 71.)
381 2095 571 2127 videbatur.
599 2095 679 2126 Rad.

331 2150 350 2177 2
377 2145 496 2184 Nullis,
512 2145 579 2186 gu]
610 2146 674 2176 Vel
691 2145 928 2185 integerrimis.

331 2199 349 2227 3
377 2197 516 2235 Curtios,
543 2195 610 2236 Sym]
646 2195 716 2226 Alii
760 2196 824 2235 leg.
860 2196 991 2227 Curios:

289 2247 398 2278 male:
423 2256 500 2277 nain
518 2255 633 2276 versus
658 2245 839 2285 repudiat:
865 2251 901 2277 et
916 2256 993 2277 con-

289 2303 362 2329 stat
388 2297 526 2329 Curtios
544 2297 727 2328 Montanos
745 2297 875 2337 pietate
891 2297 991 2337 insig-

288 2358 347 2379 nes
364 2348 456 2380 circa
480 2348 538 2379 illa
563 2352 729 2389 tempora,
751 2357 792 2378 ex
816 2347 938 2379 Tacito
955 2352 991 2379 et

289 2399 376 2431 aliis.

331 2453 350 2481 4
375 2450 508 2490 Nervus,
523 2448 683 2489 comitate]
719 2448 870 2489 Intelligi
886 2449 990 2480 credo

290 2500 331 2531 de
348 2500 476 2539 Nerva,
504 2501 560 2541 qui
580 2500 746 2530 successit
772 2500 966 2531 Domitiano
983 2510 991 2530 :

289 2559 431 2592 namque
449 2551 489 2591 is,
505 2555 594 2582 teste
604 2550 795 2591 Xiphilino,
807 2551 941 2591 quietus
958 2555 992 2582 et

289 2603 393 2633 mitis.

332 2657 349 2683 5
376 2650 550 2691 Mauricos]
574 2650 714 2683 Junium
740 2651 933 2682 Mauricum
947 2650 990 2681 ab

292 2703 454 2742 :equitate
470 2702 587 2732 laudat
614 2701 701 2731 Plin.
717 2701 793 2732 Sec.
812 2704 843 2732 4.
866 2702 988 2734 lib.22.

290 2753 401 2794 Epist.
414 2759 449 2784 et
465 2754 521 2784 lib.
540 2757 570 2784 1.
588 2752 695 2792 Epist.
712 2756 743 2783 5.

751 175 893 207 NOTAE
925 175 1190 205 VARNJRUM
1228 175 1278 203 IN

1089 274 1109 301 6
1136 269 1300 309 Oratione]
1340 270 1557 311 Eloquentia.
1600 270 1751 310 Regulos]

1048 321 1213 361 Regulum
1232 320 1392 359 insinuat,
1415 320 1456 351 ad
1471 330 1570 361 quem
1587 330 1679 361 saepe
1695 330 1749 352 su-

1047 381 1120 412 pra.
1167 370 1255 401 Vide
1271 371 1479 411 Epigramin.
1507 374 1579 402 112.
1594 371 1649 402 lib.
1671 376 1698 403 1.
1715 377 1750 403 ct

1046 422 1104 452 lib.
1135 426 1166 454 4.
1196 422 1313 462 Epigr.
1340 424 1391 452 16.
1416 431 1503 452 νει-ε.
1527 425 1559 452 4.
1606 421 1751 462 Paullos]

1048 473 1164 511 Forte,
1189 473 1229 503 ad
1261 482 1362 513 quem
1393 472 1602 512 Epigramm.
1620 475 1672 504 72.
1689 473 1750 504 lib.

1047 526 1078 554 7.
1103 529 1138 554 et
1164 523 1373 564 Epigramm.
1398 525 1449 554 86.
1474 523 1532 553 lib.
1548 526 1578 554 9.
1596 528 1632 554 et
1648 533 1750 563 supra

1047 574 1305 614 Epigrannnate
1324 576 1379 605 23.

1089 627 1107 655 7
1145 624 1359 664 Rubiginosis,
1389 624 1458 665 &ej
1493 624 1678 656 Theoninis
1713 630 1750 656 et

1046 676 1172 712 lividis,
1190 676 1221 706 id
1237 681 1302 715 est,
1319 675 1575 706 maledicentia.

1089 730 1108 757 8
1135 727 1303 757 Hominem
1319 725 1504 765 malignum]
1524 726 1611 757 Nam
1627 726 1653 756 is
1668 736 1749 757 vere

1045 778 1226 817 malignus,
1239 778 1295 819 qui
1307 787 1410 818 supra
1425 776 1645 817 describitur,
1658 787 1750 808 nen]-

1047 838 1102 868 pe,
1132 828 1188 869 qni
1212 837 1275 858 nec
1308 827 1394 858 bene
1419 827 1559 865 sentire,
1583 836 1646 857 nec
1663 827 1749 858 bene

1045 879 1138 918 loqui
1152 878 1195 908 de
1212 887 1379 918 quoquam
1394 881 1527 917 potest;
1554 882 1590 907 et
1606 878 1662 918 qui
1681 887 1750 908 om-

1046 931 1104 961 nia
1135 939 1313 970 perperam
1343 930 1605 969 interpretatur.
1647 929 1752 959 Livor

1046 980 1150 1011 etiam
1172 986 1206 1010 et
1230 979 1437 1010 obtrectatio
1454 978 1680 1020 malignitatis
1698 990 1749 1010 as-

1046 1032 1145 1062 seclae
1163 1037 1254 1062 sunt.
1300 1030 1435 1061 Hei-ald.

1088 1086 1107 1113 9
1134 1084 1202 1121 Ego
1219 1081 1377 1120 miserum]
1399 1081 1490 1111 Vere
1508 1080 1621 1118 miser,
1634 1080 1687 1111 cui
1701 1080 1749 1111 ni-

1044 1133 1089 1164 hil
1106 1134 1241 1174 placet:
1260 1133 1433 1164 cruciatur
1446 1131 1533 1162 enim
1550 1140 1698 1171 semper,
1715 1137 1751 1162 et

1045 1194 1181 1224 semper
1197 1183 1378 1221 irascitur3
1402 1187 1494 1213 amat
1516 1182 1657 1220 nullum,
1681 1191 1749 1213 orn-

1043 1244 1104 1265 nes
1116 1235 1202 1272 odit,
1226 1233 1382 1264 omnibus
1402 1233 1540 1264 invisus.
1584 1233 1750 1272 Miserum,

1045 1284 1115 1324 Esau]
1143 1285 1230 1315 Sicl.
1246 1283 1405 1324 1.Epigr.
1417 1286 1469 1314 41.
1482 1281 1620 1314 etinfra
1629 1284 1748 1324 Epigr.

1044 1338 1099 1366 61.
1112 1345 1197 1367 vers.
1213 1338 1244 1366 4.

1090 1387 1195 1417 Epic.
1208 1394 1312 1416 xxix.
1335 1387 1355 1416 2
1372 1385 1748 1425 Foi·mosusseptem‚83·c.]

1047 1437 1098 1468 Ex
1109 1436 1655 1477 opinionevulgi,cuipersuasuin
1675 1437 1748 1477 pul-

1046 1489 1145 1520 chros
1169 1498 1225 1520 eos
1244 1489 1277 1519 in
1295 1487 1366 1518 dies
1387 1492 1572 1528 sequentes
1588 1487 1675 1526 fore,
1693 1489 1750 1529 qui

1046 1539 1236 1580 leporinam
1261 1539 1413 1570 edissent
1433 1548 1581 1570 carnem.
1606 1539 1695 1571 Plin.
1714 1540 1752 1570 li-

1047 1589 1106 1619 bro
1133 1591 1186 1621 28.
1217 1589 1332 1629 capite
1364 1591 1415 1620 19.
1446 1592 1481 1618 ct
1508 1588 1683 1629 Lamprid.
1714 1590 1750 1620 in

1047 1640 1146 1672 Alex.
1161 1641 1299 1671 Severo.

1090 1694 1108 1722 3
1132 1691 1205 1722 Lux
1220 1701 1298 1730 mea,
1313 1691 1438 1731 narras]
1454 1691 1588 1731 Amica,
1605 1691 1750 1731 deliciae,

1047 1743 1199 1773 suavium
1229 1753 1352 1782 meum,
1374 1742 1465 1782 φίλον
1493 1753 1551 1774 seu
1575 1742 1653 1783 ἱερὸν
1673 1745 1748 1782 φῶς.

1049 1793 1152 1824 Hom.
1171 1794 1211 1825 ll.
1228 1792 1270 1825 π’.
1285 1793 1438 1833 ’γλυκερὸν
1454 1792 1544 1833 φάος.
1564 1793 1748 1834 Propertio

1045 1842 1219 1884 frequens.

1087 1896 1107 1923 4
1135 1894 1240 1924 Edisti
1270 1903 1445 1934 numquam,
1476 1894 1547 1935 iffa]
1578 1895 1628 1925 Tu
1659 1895 1747 1925 enini

1045 1953 1228 1984 numquam
1244 1943 1393 1976 formosa
1410 1944 1547 1975 videris.

1088 1996 1193 2027 EPIG.
1210 2005 1298 2027 xxx.
1327 1997 1519 2027 Varronem
1533 1996 1690 2027 hortatur
1704 1997 1746 2027 ad

1044 2046 1226 2078 lectionem
1275 2057 1412 2078 suorum
1453 2048 1747 2089 Epigrammatum

1045 2097 1294 2128 Saturnalibus·

1088 2151 1099 2178 1
1143 2148 1258 2188 Varro]
1312 2147 1387 2180 Nec
1426 2147 1644 2188 Menippaeus
1681 2157 1745 2180 nec

1043 2198 1210 2230 Atacinus
1226 2199 1278 2229 liic
1292 2199 1413 2229 Varro.
1439 2199 1505 2230 Sed
1517 2199 1655 2239 ignotus
1672 2208 1749 2239 pos·

1044 2248 1137 2286 teris,
1163 2254 1263 2279 notus
1277 2254 1409 2280 tantum
1425 2248 1516 2279 domi
1533 2254 1569 2280 et
1584 2250 1666 2288 suis,
1683 2250 1747 2280 nisi

1043 2298 1145 2338 quod,
1157 2309 1175 2328 a
1193 2298 1352 2330 Martiale
1369 2298 1569 2339 illustratus,
1585 2300 1670 2330 vivit
1688 2301 1744 2330 lio-

1043 2349 1099 2379 die
1123 2348 1243 2387 aliena,
1257 2359 1323 2380 non
1354 2359 1413 2380 sua
1436 2350 1537 2380 Musa
1563 2350 1746 2382 redivivus.

1042 2398 1224 2440 Sophocleo]
1239 2400 1326 2431 Laus
1335 2400 1514 2438 Varronis,
1527 2410 1626 2441 quem
1635 2402 1746 2432 excel-

1042 2451 1169 2481 lentem
1182 2451 1361 2491 Tragicum
1376 2452 1545 2492 appellat3
1563 2461 1639 2482 nam
1655 2452 1746 2492 prin-

1042 2511 1123 2542 ceps
1140 2501 1171 2531 in
1189 2510 1228 2533 eo
1245 2511 1371 2543 genere
1387 2502 1584 2543 Sophocle&
1611 2503 1743 2533 Cathar-

1041 2552 1096 2592 no]
1121 2553 1238 2592 Epigr.
1255 2556 1308 2583 20.
1334 2553 1391 2584 lib.
1409 2556 1439 2584 3.
1457 2563 1545 2584 vers.
1564 2556 1594 2584 5.

1085 2604 1104 2632 2
1131 2602 1280 2642 Calabra,
1304 2603 1375 2643 «ξω-Σ]
1399 2603 1490 2633 Mire
1519 2601 1643 2633 artifex
1668 2613 1740 2633 car-

1042 2651 1139 2682 minis
1154 2652 1252 2692 lyrici
1266 2653 1381 2684 Graeci
1393 2658 1428 2684 et
1440 2653 1572 2692 Latini;
1598 2658 1740 2694 uterquc

1042 2703 1129 2733 enirn
1146 2713 1255 2733 serino
1286 2704 1439 2734 Calabris
1465 2703 1660 2734 familiaris:
1689 2706 1741 2735 vel

1042 2763 1107 2785 non
1124 2753 1231 2785 minus
1245 2753 1371 2786 cedens
1384 2754 1527 2786 Horatio
1543 2753 1616 2795 (qui
1632 2755 1739 2786 Luca—
