1866 3131
387 182 434 211 M.
471 183 581 211 VAL.
616 182 892 212 MAlt'l‘lAffls
929 184 1087 214 EPIGR.

117 272 236 311 optimi
251 275 373 316 quique
387 279 551 315 veterum,
565 286 623 316 pro
640 276 754 307 fructu
765 276 814 307 di-

117 328 261 364 centem,
276 327 456 366 supercilio
467 328 684 366 grammatico
695 330 703 345 ‘
715 327 795 359 ficus
805 327 814 340 '

118 372 403 415 dicerejusserat.
447 378 509 408 Ille
534 387 672 408 securus
690 387 814 408 sermo-

118 423 169 453 nis
185 424 249 462 sui,
274 426 363 465 audi,
379 427 499 466 inquit,
516 427 605 457 aliud
633 427 813 458 discrimen

117 472 150 501 in
180 473 241 504 bac
276 485 367 514 voce,
395 477 482 516 quod
514 476 554 506 ad
587 480 620 506 te
651 477 813 516 pertinet.

116 524 231 555 ‘Fici'
267 526 435 565 dicuntur,
466 536 538 566 qua:
567 533 753 556 nascuntur
780 527 813 557 in

118 574 261 613 arbore3
289 577 347 607 sed
366 577 430 607 alio
446 586 570 616 genere
600 577 706 614 ‘tiei‚'
731 588 813 619 quos

119 629 152 654 tn
169 625 270 656 babes
286 627 317 657 in
336 632 432 667 parte
444 638 559 668 parum
576 628 729 659 honesta.
759 630 814 660 De

119 673 194 705 filiis
211 682 244 706 et
261 678 366 707 servis
382 687 492 717 nuga).
542 679 727 709 Gronovius.

161 728 179 755 -1
207 727 299 766 Tuos]
332 727 482 767 Liberos,
507 727 662 764 famulos,
691 739 812 769 pueros

118 774 296 817 delicatos,
313 783 348 809 ut
373 779 462 818 epig.
483 782 535 810 52.
568 780 590 810 l.
615 782 645 811 4.
662 784 697 810 et
721 781 743 810 l.
762 783 812 811 12.

117 826 225 867 epigr.
242 830 294 858 33.
341 828 410 859 Alii
429 834 539 860 tamen
563 830 679 860 ‘tuos'
704 829 814 870 adjec-

117 877 188 909 tive
221 878 373 910 referunt
400 880 441 911 ad
467 880 598 918 ‘fi‹=0s,’
617 886 651 912 et
676 891 717 911 ex
742 881 811 920 epi-

117 935 303 968 grammate
335 929 397 960 boc
426 930 607 970 probatum
636 937 717 962 eunt
753 931 811 961 ‘fi-

119 978 218 1017 cum,'
257 989 316 1019 pro
355 981 482 1020 morbo,
520 982 696 1022 utriusque
737 991 811 1013 esse

118 1029 267 1067 generis.
298 1030 364 1061 Sed
380 1036 414 1061 et
432 1031 528 1061 aliam
543 1031 618 1061 vide
631 1031 812 1062 lectionem

117 1077 281 1119 aliamque
308 1081 550 1120 expositionem
579 1082 678 1113 Laur.
703 1082 811 1113 Vallae

116 1129 202 1168 eleg.
215 1132 247 1159 4.
265 1130 324 1161 lib.
343 1134 370 1161 l.

166 1180 268 1211 Epio.
288 1189 400 1212 van.
427 1185 443 1213 1
459 1183 558 1213 Erras
573 1192 719 1221 meorum,
745 1185 813 1225 δῖα]

114 1227 334 1261 Invehiturin
352 1232 550 1272 plagiarium
566 1243 699 1264 suorum
714 1234 814 1265 libro-

115 1289 202 1319 rum,
235 1281 291 1321 qui
323 1282 542 1314 existimabat
575 1283 708 1324 poetam
740 1284 812 1315 fieri

115 1340 226 1370 posse,
239 1332 421 1364 recitandis
435 1343 496 1374 pro
512 1334 578 1365 suis
608 1335 812 1366 carminibus

115 1381 307 1414 Martialis:
348 1390 529 1426 monetque
560 1390 599 1416 nt
630 1395 704 1426 quae
731 1395 813 1417 non-

115 1431 192 1462 dum
220 1432 293 1473 ipse
311 1434 509 1474 vulgaverat
537 1440 638 1475 emat,
659 1437 811 1476 quamvis

117 1483 237 1522 majori
256 1484 377 1523 pretio,
405 1485 432 1514 si
456 1485 536 1516 velit
551 1496 611 1516 sua
628 1485 721 1516 furta
746 1496 811 1517 non

116 1532 336 1572 deprehendi.
381 1535 505 1566 Rame‘r.

158 1587 176 1614 2
193 1584 280 1614 Fieri
298 1585 437 1624 Po'etum,
461 1587 530 1626 Qua]
553 1587 619 1620 Qui
636 1587 812 1619 ambitiose

115 1643 236 1665 nomen
268 1634 387 1665 Poetae
414 1637 605 1676 aucuparis.
650 1637 746 1667 Posse
761 1638 814 1677 qui

115 1687 207 1722 putas
239 1684 334 1724 lunii]
367 1685 456 1716 Fieri
486 1687 570 1716 tanti
589 1692 655 1726 est,
685 1694 813 1718 tantam

116 1734 402 1765 existimationem
429 1735 572 1766 babere:
617 1737 672 1776 qui
697 1747 814 1768 sensus

115 1783 193 1813 binc
212 1785 355 1815 alienus.
387 1785 453 1816 Sed
472 1786 610 1826 scripsit
622 1787 815 1819 Martialis:

117 1833 205 1864 fieri
243 1834 372 1865 Portam
407 1846 492 1874 posse
515 1836 567 1875 qui
598 1840 691 1876 putas
714 1840 814 1876 tanto,

116 1882 280 1923 Scriptura
303 1886 410 1924 quanti
426 1889 565 1915 constat:
589 1887 650 1916 boc
667 1892 731 1926 est,
744 1892 814 1917 tan-

114 1932 188 1963 tillo
201 1943 267 1964 aere
280 1943 442 1974 expenso,
454 1936 570 1975 quanti
583 1941 635 1966 est
648 1936 742 1967 labor
757 1936 813 1966 de-

115 1983 288 2013 scribendi
304 1989 337 2014 et
354 1984 483 2015 charta.
522 1986 707 2017 Gronovius.

158 2035 176 2063 3
201 2032 378 2073 Scriptura,
402 2034 470 2074 Qc.]
493 2035 635 2066 Librarii
656 2037 812 2067 transcri-

118 2082 228 2113 bentis
252 2084 378 2123 opella,
402 2089 436 2114 et
463 2094 528 2114 non
547 2085 594 2115 ita
611 2087 722 2126 magni
740 2097 812 2127 pre-

113 2133 156 2163 cii
174 2133 302 2172 charta,
317 2143 450 2174 scapus.

157 2187 176 2215 4
201 2185 273 2214 Non
288 2194 354 2224 sex,
380 2185 449 2225 Qu]
474 2185 553 2226 Ipsa
569 2187 737 2227 sapientia
753 2195 812 2220 ant

114 2235 291 2274 sapientiae
308 2236 377 2266 laus
390 2245 455 2266 non
469 2243 620 2277 paratur,
634 2247 698 2278 quo
713 2238 811 2278 liber,

117 2285 241 2325 pretio.

158 2339 175 2365 5
200 2335 335 2371 Secreta,
368 2337 438 2377 Qu]
469 2337 626 2368 Nondum
661 2339 810 2380 vulgata.

116 2386 221 2415 Rudcs
246 2386 434 2425 curc1s,Q·c.]
462 2387 587 2418 Versus
615 2389 760 2420 nondum
777 2391 810 2420 in

115 2436 290 2475 publicum
322 2436 477 2466 emissos:
501 2437 578 2468 vide
599 2438 621 2469 l.
646 2442 679 2470 ὓ.
702 2441 811 2480 epigr.

117 2487 170 2515 42.

157 2538 176 2565 6
216 2536 313 2574 Unus,
346 2535 530 2576 scrinioque]
569 2537 677 2570 Autor
712 2540 811 2571 solus.

116 2587 276 2625 Signatus,
298 2585 365 2626 dra]
400 2588 552 2627 Clausas,
572 2589 715 2620 necdum
742 2590 810 2621 edi-

116 2642 179 2666 tas.

160 2689 177 2699 ,-

163 2698 171 2716 ι
209 2687 363 2726 Virginis]
388 2688 470 2720 Quae
489 2689 633 2720 noudum
650 2690 810 2722 lectorem

1123 185 1213 213 mn.
1246 186 1276 213 1.
1454 174 1562 214 1117

868 282 1012 317 experta
1025 284 1097 315 est,
1123 288 1221 319 quam
1235 278 1358 308 nullius
1370 277 1430 308 viri
1449 287 1564 308 manus

868 328 1110 365 contrectavit,
1136 330 1258 359 nullius
1283 329 1418 359 lectoris
1445 329 1562 358 oculus

867 376 949 406 so·-is
976 382 1154 415 vagantem
1183 379 1277 409 vidit.
1331 378 1451 410 Junius
1491 379 1563 408 vult

867 424 1015 465 Virginis
1030 427 1182 458 cliartam
1199 437 1282 467 esse,
1297 438 1338 458 ex
1356 438 1420 469 qua
1439 429 1564 458 nullum

867 477 1108 516 transcriptum
1141 483 1194 508 est
1234 479 1427 518 exemplar:
1469 479 1564 520 ‹pias-i

868 532 950 556 tune
992 528 1166 566 pepererit
1204 528 1332 567 charta,
1368 529 1424 559 ubi
1449 540 1489 559 ex
1513 539 1555 559 ea

866 576 1080 617 desumptum
1098 578 1143 607 sit
1168 579 1439 618 exemplumjam
1458 579 1564 609 invul-

866 632 993 666 gatum.
1030 628 1130 657 Pater
1144 627 1275 667 clmrtoe]
1301 627 1421 659 Autor.

910 680 928 706 8
955 678 1033 712 Quce
1065 678 1154 716 trita,
1184 677 1257 717 Qun]
1295 677 1394 716 Quae,
1418 678 1564 708 noudum

865 726 1003 758 lectoris
1017 737 1114 758 manu
1128 733 1274 767 versata,
1288 728 1445 768 lanugine
1457 728 1566 758 iubor-

868 779 981 817 rescit,
1003 780 1175 820 pilosaque
1193 779 1286 810 faeta
1301 785 1376 811 est:
1399 780 1471 810 aliis
1488 791 1561 820 quae

866 829 1014 860 nondum
1038 831 1182 861 recitata
1206 837 1306 872 atque
1324 831 1417 861 edita
1433 831 1565 861 borrrs-

865 879 923 917 cit,
944 879 984 910 ab
1002 880 1195 911 auditorum
1223 881 1422 912 basiantium
1440 887 1563 913 mento.

866 935 902 959 ut
927 930 1040 970 epigr.
1064 933 1097 962 4.
1123 941 1222 971 supra
1249 933 1301 961 93.
1319 931 1339 961 1.
1364 934 1414 961 10.
1435 936 1563 962 vermo.

863 980 1047 1011 Salmasius
1076 991 1156 1011 vero
1180 982 1228 1012 sic
1245 981 1387 1021 exponit
1413 982 1500 1011 bunc
1521 983 1565 1012 lo-

866 1040 959 1061 cum:
997 1031 1035 1061 In
1061 1032 1256 1062 evolvendis
1289 1033 1477 1063 chartarum
1511 1043 1566 1062 vo-

865 1081 1056 1117 luminibus,
1093 1088 1219 1121 partem
1240 1082 1349 1113 adbuc
1379 1083 1564 1113 involutam

866 1137 979 1162 mento
1003 1132 1250 1172 subjiciebant:
1276 1133 1457 1173 primorem
1483 1144 1563 1164 vero

866 1186 995 1220 partem
1008 1181 1152 1213 subinde
1170 1183 1389 1223 explicantes,
1402 1184 1564 1215 ambabus

865 1229 1030 1261 tenebant
1046 1232 1198 1262 manibus
1215 1233 1380 1273 simulque
1395 1234 1565 1272 legebant,

865 1290 939 1311 eam
964 1281 1096 1312 interim
1114 1292 1186 1323 quae
1204 1282 1351 1313 nondum
1374 1290 1446 1313 erat
1460 1285 1566 1324 expli-

865 1331 948 1372 cita,
963 1332 1025 1363 sub
1039 1338 1154 1363 mento
1169 1333 1381 1364 convolutam
1393 1338 1564 1364 tenentes.

865 1382 956 1414 Hinc
985 1382 1026 1414 de
1054 1383 1172 1414 charta
1194 1383 1347 1423 Virgine,
1364 1388 1399 1414 et
1417 1394 1490 1424 quae
1508 1385 1565 1414 ad-

864 1433 927 1464 lmc
941 1434 1070 1465 intacta
1084 1440 1170 1473 erat,
1187 1435 1345 1465 dicebant
1360 1445 1432 1465 eam
1450 1442 1564 1467 mento

867 1483 983 1514 tritam
1011 1494 1075 1514 non
1093 1494 1180 1515 esse.
1226 1485 1407 1515 Horridior
1437 1486 1564 1526 quippe

865 1532 969 1565 fiebat
1000 1535 1155 1565 manibus
1185 1540 1219 1565 et
1248 1540 1362 1566 mento
1391 1536 1484 1573 trita,
1508 1546 1562 1566 ex-

866 1585 981 1615 citatis
1012 1586 1140 1616 inarum
1165 1585 1347 1617 filamentis
1385 1593 1419 1617 et
1458 1587 1563 1622 fibris,

866 1634 1026 1665 Graecum
1039 1635 1255 1675 Epigramma
1264 1635 1424 1667 ἀνέκδοτον
1435 1637 1565 1667 Strato—

866 1685 935 1715 nis:
961 1684 1098 1723 Εὐτυχὲς
1113 1686 1147 1716 οὐ
1167 1685 1281 1723 φθονέω
1306 1686 1467 1721 βιβλίδιον·
1483 1687 1503 1724 ἧ
1527 1688 1565 1725 ῥα

864 1734 895 1763 α’
912 1734 1063 1773 ἀναγνοὺς
1086 1737 1161 1765 Παῖς
1179 1747 1224 1766 τις
1241 1736 1408 1775 ἆναθλίβει,
1425 1736 1499 1776 πρὸς
1524 1738 1564 1767 τὰ.

863 1783 965 1822 ’γένεια
984 1786 1087 1817 τιθείς.
1134 1787 1240 1817 vides
1257 1788 1406 1818 chartam
1424 1789 1501 1819 dum
1521 1790 1565 1820 le-

866 1836 957 1874 gitur
973 1841 1008 1866 et
1025 1836 1208 1875 evolvitur,
1233 1841 1345 1868 mento
1363 1837 1481 1878 subjici
1498 1844 1564 1869 ter-

865 1894 940 1925 qne.
963 1885 1030 1915 Sed
1046 1887 1054 1903 ‘
1066 1886 1184 1916 durum
1198 1892 1346 1918 mentum
1358 1887 1366 1900 ’
1381 1897 1562 1928 perperam

864 1945 925 1975 pro
965 1936 1037 1976 ipsa
1068 1937 1197 1968 chartae
1237 1937 1341 1968 barba
1377 1940 1563 1980 accipiunt,

863 1996 963 2026 quum
991 1986 1033 2016 de
1059 1988 1195 2018 lectoris
1221 1994 1335 2019 mento
1370 1989 1561 2030 intelligen-

863 2035 940 2066 dum
956 2037 1009 2074 sit,
1028 2047 1093 2078 quo
1111 2039 1227 2069 charta
1244 2039 1327 2070 trita
1342 2037 1555 2082 inlici-remit,

862 2095 901 2116 eo
925 2097 991 2128 quo
1007 2087 1152 2118 diximus
1170 2089 1280 2119 modo.

903 2140 923 2167 9
948 2138 1086 2176 Mutare,
1102 2140 1170 2179 Qun]
1189 2139 1328 2169 Frustra
1345 2145 1379 2171 ct
1396 2150 1472 2171 sero
1492 2142 1562 2182 pla·

860 2187 985 2225 giarius
1003 2188 1063 2218 sibi
1081 2188 1244 2220 adscribit
1257 2192 1456 2231 opus,cujus
1469 2192 1561 2222 inno-

861 2239 966 2270 tuerit
980 2244 1091 2269 autor.

904 2292 943 2319 10
968 2289 1133 2319 anicata
1154 2289 1277 2330 fronte]
1294 2291 1386 2322 Libri
1401 2292 1560 2333 pellibus,

859 2344 897 2370 ut
910 2349 996 2369 nunc
1013 2338 1062 2378 fit,
1074 2340 1151 2369 olim
1165 2341 1426 2380 obtegebantur,
1442 2352 1560 2384 caeque

860 2389 995 2428 pumice
1027 2389 1125 2428 poliri
1158 2399 1196 2420 ac
1226 2391 1363 2430 levigari
1395 2392 1558 2425 solebant.

858 2439 893 2469 Si
925 2439 998 2479 quis
1025 2449 1103 2469 vero
1131 2439 1215 2470 liber
1238 2450 1344 2471 novus
1374 2442 1430 2481 sit,
1461 2445 1558 2484 cujus

859 2490 991 2521 frontes
1008 2491 1074 2531 (σεε
1093 2497 1183 2529 sunt,
1207 2493 1443 2524 esti-emitates
1458 2504 1559 2524 mem-

862 2541 973 2571 brana),
989 2541 1021 2570 in
1035 2541 1149 2570 orbem
1161 2541 1388 2582 complicatre,
1401 2544 1432 2573 iu
1447 2545 1557 2575 medio

859 2601 999 2632 quarum
1027 2591 1237 2631 apparebant
1265 2594 1408 2634 cornua)
1425 2596 1557 2634 pumice

854 2642 925 2680 jam
939 2641 1081 2680 primum
1096 2641 1267 2681 poliuntur
1282 2654 1290 2680 3
1315 2649 1348 2673 vt
1366 2644 1462 2682 cujus
1487 2655 1556 2674 nm-

860 2692 977 2722 bilicns
1016 2692 1058 2732 <is
1106 2698 1168 2732 est,
1205 2692 1344 2725 bacillus
1384 2694 1555 2735 cedrinus,
