1866 3131
404 181 452 209 M.
479 180 586 210 VAL.
622 178 893 209 MAR'riALlS
928 179 1088 210 EPlGR.
1121 181 1216 212 [ΑΒ.
1249 182 1297 211 Χ.

183 278 202 304 ϋ
228 274 363 313 Orphea,
387 273 455 314 esa]
499 274 540 305 In
576 273 693 304 domus
730 271 830 304 Plinii

141 324 274 364 fastigio
301 324 458 356 effictum.
504 324 592 355 Plin.
620 325 748 355 Histor.
769 323 827 353 lib.

143 377 193 404 35.
212 385 284 415 cap.
303 378 332 406 ὃ.

184 428 202 455 7
226 426 389 456 Labi-icum
405 425 533 465 theatri]
561 424 754 464 Stillicidio,
775 424 828 454 vel

140 476 384 516 aspersionibus
401 475 532 507 theatri.

183 529 202 556 8
225 526 377 565 Avemque
403 525 500 564 regis]
544 524 713 565 Aquilam,
739 523 828 555 illam

142 575 228 606 forte
257 575 297 606 de
322 585 388 616 qua
410 575 526 615 Epigr.
551 578 603 605 56.
627 574 685 605 lib.
712 578 743 605 5.
788 573 828 603 In

141 627 340 667 templorum
368 632 469 667 atque
493 625 613 657 aedium
630 625 827 656 nobiliorum

141 675 280 716 fastigiis
311 677 544 718 apponebatur
573 677 696 716 aquila,
723 676 827 706 mino-

143 736 212 757 rum
243 736 335 766 vero,
356 727 498 758 coronis.
535 727 653 767 Epigr.
678 730 707 759 l.
729 727 826 767 hujus

140 777 230 807 libri.

182 830 202 858 9
227 827 355 868 Phryga
373 828 502 867 pertulit
527 827 673 867 Tonanti]
714 827 827 868 Gany·

141 878 259 908 meden
274 889 281 908 :
296 878 385 908 (licto
399 878 517 918 Epigr.
532 881 584 909 65.
599 878 655 908 lib.
670 882 700 908 5.

183 931 221 959 10
246 928 391 968 Pedonis]
415 928 827 969 Albinovani,poi³.tae,cu-

131 980 188 1019 jus
205 980 320 1010 domus
344 979 479 1018 fastigio
501 980 625 1010 insidet
646 979 755 1020 aquila
770 980 828 1010 mi-

138 1040 199 1060 nor
214 1031 324 1069 priore
340 1031 398 1061 illa
413 1030 641 1071 Ganymedem
662 1030 827 1070 rapiente.

182 1083 220 1111 12
245 1081 315 1110 Non
331 1080 398 1119 tuo]
431 1081 506 1110 Alio
522 1089 619 1121 quam
637 1080 723 1119 quod
735 1080 829 1120 joco-

136 1129 180 1160 sis
206 1130 419 1161 Carminibus
442 1130 610 1161 convenit.
655 1129 742 1160 Vide
765 1130 829 1169 Ep.

136 1183 167 1210 8.
192 1180 250 1210 lib.
267 1183 299 1210 4.
328 1189 414 1211 verS.
434 1183 483 1211 11.
529 1179 703 1219 Disertam]
726 1180 828 1211 Plinii

136 1230 209 1260 See.
228 1230 370 1260 oratoris
388 1229 519 1260 diserti.

180 1282 218 1309 13
246 1279 343 1310 Ebria
352 1279 492 1318 januam,
506 1278 576 1319 fisa]
601 1279 755 1319 Lasciva,
771 1288 828 1320 pe-

138 1330 259 1367 tulans,
276 1329 526 1370 intempestiva.

180 1382 219 1411 14
246 1380 374 1411 Tetricae
398 1379 565 1419 Minervoe]
595 1379 721 1411 Studiis
738 1390 829 1411 seve·

137 1430 182 1461 ris
198 1435 233 1461 et
252 1431 471 1470 gravioribus.

180 1483 217 1511 15
245 1481 373 1511 Centum
388 1482 501 1520 studet,
512 1481 578 1521 δῖα]
603 1481 688 1512 Foro
703 1486 738 1512 et
753 1490 830 1512 cau-

141 1531 185 1562 sis
215 1540 245 1562 c.
272 1531 441 1563 viralibus.
487 1533 603 1573 Epigr.
634 1536 685 1563 38.
712 1532 770 1563 lib.
797 1535 829 1563 6.

141 1591 226 1612 vers.
243 1585 274 1612 5.
298 1586 333 1612 et
350 1582 469 1622 Epigr.
495 1586 547 1613 62.
568 1582 626 1614 lib.
642 1585 672 1613 7.
699 1591 784 1613 vers.
799 1584 830 1612 7.

140 1636 174 1663 et
189 1632 291 1663 Plinii
308 1632 414 1672 Epist.
431 1633 564 1673 passim.

183 1685 219 1713 17
244 1682 374 1722 Arpinis
402 1692 525 1723 quoque,
552 1682 621 1722 Esau]
658 1682 706 1713 M.
731 1682 831 1713 Tullii

140 1732 211 1763 Cic.
242 1732 440 1772 Arpinatis:
479 1742 576 1773 quem
610 1732 672 1762 sibi
707 1732 830 1773 ubique

140 1783 335 1813 imitandum
360 1783 575 1824 proposuisse
599 1783 729 1813 Plinius
753 1792 830 1813 con·

139 1833 267 1864 fitetur.

183 1887 222 1915 19
246 1884 326 1915 Hoec
341 1884 415 1914 hora
430 1887 473 1914 est
489 1887 553 1922 tua,
567 1883 634 1923 &cst
660 1883 758 1914 Nona
773 1884 830 1914 ho-

141 1944 178 1965 ra
195 1939 252 1964 aut
267 1934 410 1970 decima,
429 1934 545 1974 Epigr.
563 1936 593 1964 8.
619 1933 677 1963 lib.
695 1936 726 1963 4.
743 1943 830 1965 vers.

141 1987 192 2015 11.
223 1989 257 2015 et
282 1986 332 2015 12.
362 1984 451 2015 inter
479 1983 611 2023 pocula,
636 1992 740 2022 rosas,
771 1993 829 2013 un-

142 2038 278 2074 guenta.

180 2087 221 2115 20
247 2084 323 2114 Cum
338 2087 447 2123 regnat
462 2082 546 2123 rosa]
570 2082 828 2114 Coronatienim

139 2135 315 2176 potabant.
364 2136 441 2166 Cum
451 2134 588 2174 madent]
604 2134 757 2166 Delibuti
772 2145 829 2166 un·

141 2187 284 2227 guentis.

181 2239 220 2266 21
245 2236 329 2267 Tunc
344 2245 390 2266 me
403 2237 461 2274 vel,
481 2236 550 2276 δῖα]
596 2236 749 2276 Namque
765 2235 827 2266 hac

141 2287 220 2316 hora
237 2286 288 2316 vel
305 2285 402 2325 rigidi
417 2287 563 2317 Catones
586 2285 742 2326 deposita
757 2296 830 2327 gra-

142 2337 247 2367 vitate
264 2337 375 2367 calent
390 2346 494 2367 mero.

184 2386 289 2415 Eric.
311 2393 375 2415 xx.
419 2385 588 2416 Paulatim
603 2385 644 2416 de
656 2385 767 2426 patria
777 2395 830 2417 co-

142 2435 227 2475 gitat
242 2433 354 2474 poeta,
369 2434 458 2475 quod
466 2435 608 2475 Trajano
624 2445 736 2476 parum
754 2446 830 2477 gra-

142 2490 195 2515 tus
211 2488 311 2523 esset,
332 2484 374 2514 ob
389 2484 608 2525 adulationes,
631 2486 743 2525 credo,
761 2488 830 2517 Do-

142 2534 293 2566 mitiani:
336 2535 386 2564 vel
421 2534 510 2575 quia,
543 2540 579 2566 ut
608 2536 671 2566 Dio
701 2536 831 2574 scribit,

142 2587 302 2617 bonarum
327 2586 448 2617 artium
470 2591 559 2618 esset
581 2597 713 2627 prorsus
740 2588 831 2628 igna-

143 2646 209 2666 rus.
255 2636 321 2667 Hic
336 2641 446 2667 tamen
462 2636 570 2667 Poeta
586 2647 620 2668 se
638 2638 670 2668 in
687 2639 829 2679 gratiam

142 2686 248 2717 Manii
266 2696 476 2718 reversurum
493 2687 550 2719 ait.
582 2687 663 2718 Rad-

1456 170 1566 212 1359

924 276 939 304 1
963 274 1061 305 Ducit
1083 277 1123 306 ad
1144 276 1307 315 auriferas,
1333 275 1400 316 [yon]
1431 276 1499 308 Cur
1516 287 1566 307 re·

880 323 951 354 dire
967 326 1065 355 velim
1081 326 1115 356 in
1135 328 1276 366 patriam
1302 336 1421 365 meam,
1437 327 1566 358 visurus

881 373 1079 413 Hispaniam
1110 375 1303 407 aurifodiuis
1327 376 1505 414 celebrem,
1532 382 1568 408 et

878 424 1044 463 Salonem,
1068 426 1184 465 Epigr.
1203 429 1254 457 50.
1282 427 1339 457 lib.
1359 430 1388 458 1.
1411 436 1498 457 vers.
1514 429 1565 457 12.

880 479 915 504 tu
931 474 1007 504 mihi
1023 484 1123 505 causa
1139 485 1186 513 es,
1203 485 1221 506 ο
1239 476 1341 513 Mani,
1355 479 1418 507 ἃς.

920 527 939 555 2
963 525 1114 563 Pendula,
1138 524 1207 564 eya]
1242 526 1391 556 Bilbilim
1416 526 1449 556 in
1475 525 1567 557 edito

880 574 989 606 sitam.

920 627 937 655 3
962 624 1158 665 Simplicibus
1169 625 1273 664 annis]
1298 625 1473 666 Simplices
1491 627 1567 656 anni

877 675 995 715 primae
1013 676 1137 706 aetatis.

919 730 938 757 4
962 728 1006 758 Et
1018 731 1215 767 praetextata,
1230 727 1299 768 Sym]
1322 728 1438 769 Usque
1454 738 1473 758 a
1488 738 1569 768 puc-

879 777 934 815 ris,
957 778 1013 818 qui
1037 783 1239 818 praetextam
1265 784 1399 818 gerunt,
1421 778 1569 809 amicitia

878 829 979 859 culta.

921 883 938 909 5
965 879 1117 919 Tufacis]
1139 881 1187 910 Ut
1203 879 1312 910 redire
1328 880 1472 919 cupiam.

920 933 938 960 7
965 931 1073 961 Tecum
1088 940 1142 969 ego
1154 931 1210 969 vel,
1225 929 1293 970 Era]
1324 931 1448 960 Tecum
1467 928 1520 960 vel
1535 929 1568 959 in

879 980 1024 1010 arenosis
1043 979 1167 1011 Africae
1185 980 1340 1019 desertis,
1355 980 1407 1010 vel
1424 980 1571 1019 inhospi-

879 1030 937 1060 tali
963 1030 1102 1070 Scythia
1127 1030 1296 1071 degerem.
1346 1029 1502 1070 Mapazz‘a]
1526 1029 1570 1059 Α-

879 1081 1040 1120 grestium
1063 1090 1149 1112 casce
1173 1081 1283 1112 culmo
1305 1084 1419 1111 tectae.
1466 1080 1569 1119 Poeni]

880 1130 962 1170 Agri
986 1130 1279 1170 Carthaginiensis:
1317 1130 1370 1161 hic
1406 1139 1467 1169 pro
1497 1134 1569 1160 tota

879 1180 1009 1212 Africa.

922 1233 960 1260 10
992 1231 1032 1261 In
1059 1241 1231 1271 quocunque
1262 1232 1336 1271 loco,
1359 1231 1427 1271 fisa]
1452 1231 1569 1262 Omnis

878 1279 974 1310 nobis
990 1281 1082 1311 locus
1097 1290 1157 1321 pro
1174 1281 1278 1311 Roma
1294 1281 1370 1311 erit.

922 1331 1026 1361 Eme.
1058 1339 1137 1362 xxx.
1182 1331 1334 1366 Sextum,
1363 1334 1432 1369 aut,
1463 1335 1501 1361 ut
1514 1331 1570 1361 alii

878 1381 1043 1418 scribunt,
1071 1381 1241 1420 Crispum,
1263 1380 1502 1411 obscuritatem
1523 1380 1571 1411 af·

878 1431 1064 1462 sectantem
1080 1432 1212 1469 irridet,
1238 1431 1324 1472 quod
1353 1440 1432 1461 sane
1454 1431 1569 1462 vitium

880 1482 975 1513 multi
1007 1481 1106 1512 hodie
1143 1481 1175 1511 in
1215 1481 1314 1512 laude
1342 1486 1482 1521 ponunt,
1513 1482 1569 1521 qui

879 1532 1044 1572 κακόζηλοι
1066 1538 1102 1563 et
1126 1532 1305 1574 antiquarii
1321 1532 1426 1563 videri
1442 1532 1571 1563 volunt.

881 1584 964 1614 Rad.

923 1636 938 1663 1
963 1632 1135 1672 Modestus]
1179 1633 1442 1671 Grammaticus,
1475 1633 1569 1673 cujus

879 1683 1030 1713 meminit
1054 1683 1262 1723 Tranquillus
1288 1688 1323 1713 et
1352 1682 1394 1713 A.
1421 1682 1510 1713 Gen.
1536 1688 1571 1712 et

881 1733 1085 1764 Macrobius.

922 1785 941 1813 2
966 1783 1127 1821 Claranus,
1140 1781 1206 1821 iffa]
1240 1782 1499 1819 Grammatich
1514 1792 1570 1812 cu-

874 1832 932 1872 jus
950 1832 1171 1862 meminerunt
1196 1833 1325 1863 Seneca
1342 1832 1451 1872 Epist.
1467 1835 1520 1864 66.
1536 1837 1571 1863 et

880 1881 1046 1912 Ausonius
1063 1882 1172 1922 Epist.
1190 1882 1229 1912 ad
1247 1883 1359 1913 Ursul.

921 1935 939 1962 3
963 1932 1024 1963 Sed
1040 1933 1179 1972 Apolline
1189 1931 1293 1972 libris]
1305 1933 1369 1964 Sed
1382 1932 1570 1964 divinatore

879 1982 1003 2022 OEdipo
1017 1983 1139 2023 aliquo,
1150 1982 1289 2023 Sibylla,
1302 1983 1367 2014 imo
1381 1983 1451 2023 ipso
1468 1982 1570 2023 Apol-

880 2033 957 2071 line,
973 2032 1042 2073 qui,
1056 2033 1147 2063 velut
1163 2033 1268 2072 Deus,
1284 2033 1389 2073 possit
1404 2033 1504 2063 animi
1521 2033 1572 2063 tui

879 2083 1031 2123 cogitata
1054 2082 1232 2123 dispicere.
1275 2083 1331 2114 Sic
1356 2082 1463 2123 Adag.
1493 2082 1501 2098 ‘
1518 2083 1571 2113 Ne

880 2133 1002 2174 Apollo
1024 2134 1158 2174 quidem
1183 2134 1373 2174 intelligit:y
1397 2134 1440 2165 de
1462 2143 1497 2165 re
1517 2143 1572 2164 ve-

881 2185 1055 2215 hementer
1065 2183 1219 2215 obscura.

922 2237 941 2265 4
967 2235 1066 2264 Cinna
1082 2235 1212 2265 Marone
1219 2234 1302 2275 suit]
1337 2234 1458 2272 Poeta,
1475 2237 1572 2264 autor

878 2285 1003 2325 egregii
1018 2284 1152 2325 quidem
1166 2284 1358 2325 laudatique
1371 2284 1495 2324 operis,
1510 2284 1570 2314 scd

879 2334 1031 2372 obscuri;
1054 2338 1099 2369 et,
1115 2343 1179 2374 quo
1196 2344 1258 2364 nec
1273 2343 1307 2364 se
1324 2334 1472 2364 scribere
1487 2335 1570 2365 satis

879 2384 990 2424 digna,
1007 2393 1067 2424 per
1083 2383 1279 2414 modestiam
1302 2382 1481 2423 profitetur
1496 2383 1571 2414 Vir-

881 2435 990 2475 gilius,
1007 2433 1132 2473 Ecloga
1149 2436 1179 2464 9.

922 2489 939 2515 5
963 2484 1015 2515 Sic
1039 2488 1092 2515 tua
1113 2485 1288 2523 laudentur,
1315 2483 1383 2523 ἔγω]
1421 2483 1570 2524 Propter

880 2535 1122 2566 obscuritatem
1137 2539 1172 2564 et
1187 2533 1365 2565 intricatas
1382 2534 1549 2565 tenebras.

920 2589 940 2616 6
974 2586 1017 2615 Et
1046 2585 1111 2615 sine
1151 2584 1386 2624 Grammaticis]
1431 2584 1568 2625 Absque.

879 2645 944 2676 ope
990 2634 1291 2666 Grammaticorum
1336 2635 1569 2675 interpretum.

881 2687 1012 2719 Quotus
1046 2691 1155 2717 tamen
1195 2686 1333 2725 quisque
1366 2685 1567 2717 Grammati-
