1866 3131
227 189 341 231 1204

275 295 388 325 Eme.
406 301 528 324 xxxii.
554 294 567 321 l
583 291 689 329 Latet,
704 291 772 330 dria]
790 291 927 322 Inclusa

228 351 293 378 est.
337 344 558 383 le’etmitide,
582 344 650 384 Esou]
671 343 811 374 Electro
835 342 926 383 quod

226 396 380 427 nascitur
392 404 433 424 ex
450 393 630 434 lachrymis
647 403 799 424 sororum
816 392 925 424 Phae-

226 447 346 478 tontis.
368 445 456 476 Vide
485 455 587 485 supra
600 444 715 485 Epigr.
727 447 780 476 25.
797 446 926 475 vers.2.

269 500 289 528 2
315 497 467 537 Nectare]
502 496 622 535 Melle,
653 495 748 536 cujus
779 495 927 526 colorem

226 547 333 579 refert
348 546 470 578 flavum
494 547 672 578 electrum.

269 602 289 630 3
314 599 458 638 Dignum
473 601 641 636 tantorum,
668 596 736 636 ἔγω]
761 595 817 627 Ob
844 598 927 624 stre-

220 659 304 680 nuos
321 651 352 679 iu
371 647 549 679 mellificiis
570 647 706 678 labores
729 646 852 676 merita
877 650 930 676 est

227 700 342 731 nobile
365 700 428 730 lioc
449 699 675 739 sepulchrum.

271 755 291 783 4
330 750 486 781 Credibile
531 753 588 784 cst,
633 746 704 787 ἔξω]
752 746 929 785 Epigram-

232 807 325 834 mate
347 805 401 833 59.
423 800 527 840 infra,
550 804 584 830 et
608 798 861 839 Epigranimate
878 798 933 825 15.

229 852 293 884 lib.
307 855 339 883 6.

271 904 381 934 Eme.
394 909 537 932 xxxxii.
560 898 689 929 Irridet
706 895 932 935 Sosibianum,

229 954 286 995 qui
302 951 605 992 subiiidejactabat
620 959 656 980 se
668 948 793 979 habere
806 948 839 978 in
851 947 931 978 scri—

228 1005 292 1036 niis
308 1005 429 1035 inultos
445 1003 549 1033 libros
566 1001 772 1040 elaboratos,
799 1003 834 1030 et
850 999 930 1030 nihil

231 1056 364 1086 interim
381 1055 414 1085 in
427 1054 535 1084 lucem
552 1052 675 1091 dabat,
691 1051 830 1082 dicebat
841 1051 929 1081 enirn

227 1106 382 1136 haeredes
413 1114 490 1135 suos
522 1104 626 1135 libros
657 1103 728 1143 ejus
753 1101 929 1132 edituros:

228 1155 342 1187 Poeta
357 1154 539 1194 affirmans,
553 1155 627 1194 jam
654 1158 786 1192 teinpus
803 1161 876 1182 esse
892 1155 929 1182 ut

228 1208 400 1246 legantur,
420 1204 517 1246 quasi
539 1210 678 1235 mortem
703 1203 734 1233 ei
761 1203 928 1243 impreca-

229 1262 295 1288 tur.
322 1257 476 1287 Ramires.

270 1310 290 1338 4
317 1307 449 1346 Tempus
467 1308 545 1344 erat,
573 1304 642 1345 ἐξα]
666 1304 833 1336 Quorsum
866 1301 929 1333 tibi

229 1361 387 1397 postuma
403 1356 474 1386 laus
492 1365 591 1396 quain
617 1364 682 1384 non
699 1364 734 1384 es
751 1353 929 1383 sensurus?

228 1407 310 1446 quin
348 1405 442 1436 vivus
487 1405 595 1435 laudis
644 1409 710 1435 tuae
749 1402 929 1434 dulcedine

228 1456 356 1487 fruere.
401 1455 467 1486 Sed
498 1461 534 1486 et
564 1455 607 1485 ab
625 1454 781 1494 ambiguo
806 1453 930 1494 impre-

227 1511 325 1537 catur
350 1506 526 1537 Sosibiano
549 1509 692 1536 mortem
712 1510 930 1545 praesentem.

229 1557 368 1587 Morere
396 1554 536 1597 (inquit)
564 1555 748 1594 extemplo,
770 1559 808 1585 ut
825 1555 931 1595 possis

230 1608 310 1647 legi.
349 1607 426 1645 Vel,
444 1612 480 1636 ut
496 1605 668 1636 Heraldus
684 1605 930 1646 vult,Tempus

229 1663 305 1688 erat
335 1657 517 1688 decessisse
533 1662 580 1695 te,
603 1662 639 1686 et
666 1665 743 1686 ossa
770 1660 829 1686 tua
859 1665 930 1686 esse

229 1710 338 1740 lecta:
368 1717 444 1738 nam
458 1707 654 1747 ossilegium
670 1704 827 1747 profecto
837 1706 930 1737 vide—

231 1765 286 1791 tur
304 1759 469 1790 alludere.

273 1810 380 1840 ΕΡιο.
405 1817 535 1839 xxxiv.
572 1810 587 1838 1
614 1807 752 1838 Sordida
780 1817 846 1837 cum
874 1807 931 1838 tibi

230 1862 285 1900 sit,
311 1861 379 1901 lifou]
401 1858 579 1890 Sordidam
596 1858 705 1889 Attali
723 1864 833 1898 togam
851 1858 930 1898 jure

232 1921 332 1952 posse
348 1911 477 1940 niveam
495 1908 660 1948 appellari
671 1907 767 1946 dicit,
779 1908 857 1948 quia
873 1908 929 1938 de-

231 1962 376 1993 noceam
390 1959 495 2000 frigus
510 1957 770 1989 intromittebat.

275 2014 295 2042 2
323 2012 456 2041 Nireum
478 2010 574 2048 dixit,
599 2007 668 2048 Sym]
713 2006 790 2037 Non
817 2007 930 2037 colore

233 2063 411 2100 nitentem,
437 2060 495 2091 sed
523 2059 638 2091 calore
670 2057 872 2089 destitutam
897 2064 932 2088 et

231 2113 339 2153 frigus
377 2111 675 2142 intromittentem.
719 2108 931 2149 Ambiguita-

233 2168 302 2194 tem
339 2162 425 2194 nivis
455 2161 602 2192 habuisti
629 2160 745 2200 EpIgr.
770 2162 823 2190 34.
852 2159 873 2191 l.
899 2162 931 2191 3.

233 2213 357 2245 Potuit
386 2213 428 2244 de
466 2211 602 2243 Horatii
634 2211 792 2248 lacernis,
829 2219 933 2250 supra

235 2266 355 2306 Epigr.
369 2267 400 2295 2.
418 2263 475 2294 sed
495 2271 613 2293 vereor
629 2271 671 2292 ne
687 2260 812 2301 frigide
835 2260 932 2291 nimis

234 2326 297 2356 pro
324 2314 479 2346 acumine
510 2313 692 2344 Martialis.
738 2312 856 2351 Immo,
874 2311 931 2342 (le-

234 2365 427 2405 floccatarn,
445 2364 620 2401 detritam,
648 2362 746 2402 cujus
762 2362 850 2392 nuda
875 2360 933 2391 fila

235 2417 365 2456 albent,
377 2421 414 2447 ut
430 2415 550 2456 Epigr.
571 2417 623 2445 50.
639 2414 661 2444 1.
677 2416 708 2444 7.

278 2467 382 2498 Epio.
399 2474 513 2497 xxxv·
547 2467 564 2495 l
592 2463 760 2495 Frontibus
783 2462 934 2503 adversis]

236 2516 303 2548 Qui
314 2526 384 2547 mos
401 2520 619 2547 cornutarum
631 2513 788 2545 ferarum.
822 2513 934 2545 Molles

234 2576 413 2598 concurrere
426 2565 546 2606 damas]
565 2565 777 2596 Domitianus
791 2565 824 2595 in
839 2564 932 2595 thea-

234 2623 291 2649 tro
321 2617 474 2648 exhibuit
499 2617 602 2647 etiam
626 2615 739 2646 damas
775 2616 864 2646 inter
897 2625 933 2646 se

235 2669 444 2708 praeliantes.
490 2666 556 2697 Hic
580 2666 722 2698 miratur
746 2666 854 2697 Poeta
867 2666 933 2697 vel-

236 2719 286 2748 uti
314 2718 500 2748 Domitiani
536 2717 670 2748 numine
714 2715 856 2755 factum,
897 2721 935 2746 ut

237 2768 390 2799 imbelles
415 2768 494 2798 alias
521 2773 556 2799 et
572 2767 708 2808 fugaces
735 2768 935 2805 animantes,

240 2820 274 2850 in
291 2824 443 2855 mortem,
459 2824 493 2849 ut
522 2818 619 2859 tauri,
634 2819 687 2849 vel
710 2817 931 2859 gladiatores,

696 197 837 227 NO'rAE
871 196 1134 226 VARIQRUM
1171 194 1218 223 IN

977 295 1232 321 concurrerent.
1260 289 1420 319 Raderus„
1435 290 1444 305 ‘
1462 287 1604 327 Molles-J
1623 288 1681 318 iui-

979 341 1107 377 bellem
1134 339 1220 370 infra
1237 340 1494 379 Epigramniate
1509 340 1562 368 74.

1021 394 1041 421 2
1066 392 1108 421 Et
1118 390 1186 428 sati
1201 394 1298 428 sorte,
1318 389 1388 429 ξω]
1412 390 1457 420 Et
1473 397 1678 420 concurren-

979 447 1048 474 tem
1067 448 1248 482 utrumque
1265 440 1467 472 concidisse.

1021 496 1039 523 3
1054 493 1240 532 Spectavere
1255 502 1353 530 canes,
1364 491 1433 531 ἔξω]
1451 491 1567 522 ociosi
1581 500 1676 531 spec—

979 547 1107 574 tatores
1122 544 1228 574 solitae
1247 542 1390 583 praedae:
1408 543 1485 583 quia
1500 551 1600 572 canes
1613 551 1679 571 non

979 595 1124 625 saeviunt
1152 595 1185 625 in
1202 595 1389 625 morientes
1412 593 1618 623 animantes:
1645 596 1679 622 et

979 650 1141 676 venatore
1158 655 1242 685 opus
1260 653 1326 675 non
1343 648 1429 683 erat,
1446 643 1502 684 qui
1520 642 1682 683 agitaret,

981 702 1041 727 aut
1055 696 1146 726 ferro
1163 695 1352 726 conficeret
1369 694 1499 725 damas,

1021 750 1041 777 4
1068 747 1175 777 Cultro
1201 749 1258 787 nil,
1280 746 1349 787 eya]
1374 747 1542 778 Neutrum
1565 755 1682 786 super-

979 806 1067 836 esse,
1079 797 1112 827 in
1127 807 1226 838 quem
1237 801 1418 828 exerceret
1428 797 1573 827 cultrum
1585 805 1681 827 suum

982 848 1208 878 venatoriurn.

1023 901 1040 928 5
1070 898 1158 928 Unde
1172 899 1263 936 leves,
1277 896 1348 936 ξω]
1374 896 1557 928 Conclusio
1572 896 1614 926 ab
1627 896 1683 926 ad-

981 948 1174 986 miratione,
1191 953 1227 979 et
1238 947 1490 988 comparatione
1507 946 1681 986 majorum.

980 999 1077 1030 Leves
1092 999 1202 1039 animi]
1225 998 1362 1030 Timidi.
1388 998 1497 1037 Tanto,
1513 996 1583 1037 δῖα]
1607 998 1681 1028 Do-

980 1050 1110 1081 mitiani
1126 1050 1259 1081 scilicet
1275 1050 1409 1080 numine
1425 1048 1581 1088 impulsi:
1599 1048 1679 1079 adu-

980 1100 1113 1131 latorie.

1022 1155 1042 1182 6
1068 1150 1177 1190 Tauri]
1212 1151 1252 1182 In
1277 1159 1378 1181 arena
1403 1148 1582 1180 commissi.
1628 1148 1681 1180 Sic

979 1203 1112 1233 cecidere
1133 1202 1210 1242 viri]
1233 1203 1289 1233 Sic
1314 1206 1480 1232 corruunt
1495 1210 1587 1240 saepe
1612 1209 1682 1231 mu-

980 1253 1045 1284 tuis
1062 1253 1258 1283 vulneribus
1275 1252 1496 1292 gladiatores

1022 1305 1125 1334 EPIG.
1140 1312 1267 1334 XXXVI.
1287 1305 1303 1332 l
1324 1302 1455 1340 Tingere
1471 1300 1610 1341 barbam]
1628 1301 1681 1332 An

979 1355 1069 1395 quod
1092 1355 1200 1384 minus
1217 1353 1391 1384 commode
1407 1352 1474 1392 tegi
1492 1357 1606 1392 posset
1631 1361 1680 1382 ar-

980 1405 1122 1436 tificium
1139 1405 1249 1436 hocin
1268 1403 1373 1434 barba
1386 1412 1484 1444 quam
1500 1402 1618 1434 conia?
1640 1412 1681 1433 an

981 1455 1061 1496 quia
1087 1455 1203 1486 inorbo
1227 1453 1362 1485 Charini
1385 1453 1570 1491 laboraret,
1600 1452 1679 1493 Epi-

977 1517 1086 1547 gram.
1116 1509 1170 1537 78.
1200 1505 1266 1536 lib.
1297 1509 1325 1536 Ι.
1343 1510 1378 1536 et
1394 1505 1470 1535 liinc
1493 1504 1608 1534 statim
1631 1503 1681 1533 di-

983 1557 1132 1587 lueretur
1146 1555 1266 1587 fucus?
1290 1555 1381 1597 quod
1398 1554 1624 1585 verisimilius.

1025 1607 1131 1638 Emc.
1164 1615 1310 1637 xxxv-11.
1364 1604 1485 1636 Afrum
1515 1604 1682 1646 quendam

983 1667 1103 1688 vanum
1134 1657 1328 1688 divitiarum
1358 1661 1607 1687 ostentatorem
1635 1657 1683 1687 in-

982 1714 1100 1749 crepat
1117 1708 1283 1748 Poeta,ut
1297 1706 1386 1738 infra
1394 1707 1590 1738 Mancinum
1600 1707 1680 1747 Epi-

981 1762 1148 1798 graium.
1192 1759 1259 1789 Hic
1276 1757 1361 1789 Afer
1376 1759 1511 1789 nomina
1523 1758 1630 1788 multa
1647 1762 1682 1789 et

982 1809 1187 1849 amplissima
1204 1809 1412 1848 numerabat,
1436 1808 1617 1849 pensiones
1634 1808 1684 1838 in·

982 1860 1130 1890 sularum
1165 1865 1201 1890 et
1223 1858 1416 1898 fundorum,
1441 1862 1504 1889 δίο.
1535 1869 1571 1889 se
1599 1868 1679 1889 vero

982 1909 1089 1949 gratis
1121 1909 1153 1939 id
1179 1909 1295 1939 audire
1321 1909 1472 1948 quotidie
1488 1919 1555 1939 non
1584 1919 1681 1949 posse

982 1959 1140 1998 affirmat,
1165 1960 1229 1990 nisi
1255 1969 1296 1990 ea
1328 1968 1453 1988 nausea
1480 1958 1593 1999 aliqua
1622 1969 1679 1999 pe-

980 2010 1079 2041 cunia
1095 2009 1279 2040 reficiatur.
1311 2008 1516 2039 Ramiresius.

1026 2064 1041 2091 l
1068 2062 1218 2098 Coranus,
1231 2058 1301 2099 osa]
1326 2058 1393 2089 Alii
1406 2059 1534 2098 legunt,
1555 2059 1680 2090 Coraci-

980 2120 1057 2141 nus:
1074 2110 1266 2148 Mancinus,
1281 2109 1401 2147 Titius,
1416 2108 1572 2148 Albinus,
1583 2110 1677 2140 Sabi-

982 2171 1057 2201 nus,
1086 2162 1261 2200 Serranus,
1286 2164 1364 2190 sunt
1388 2159 1524 2190 nomina
1549 2160 1678 2192 ‹lebito-

982 2221 1065 2242 rum.

1025 2265 1044 2293 2
1068 2262 1138 2293 Hoc
1153 2261 1214 2301 bis]
1237 2261 1409 2292 Sexcenta
1431 2261 1482 2292 M.
1499 2261 1543 2292 H.
1557 2262 1593 2293 S.

1025 2315 1044 2343 3
1068 2312 1226 2352 Alterum]
1252 2312 1310 2342 Bis
1326 2312 1453 2343 decies.

1023 2364 1044 2392 4
1069 2362 1195 2400 Insulis,
1218 2361 1287 2401 ἅττ]
1312 2362 1444 2392 Domus
1471 2362 1504 2392 in
1528 2362 1682 2401 civitate,

984 2421 1057 2453 quae
1085 2412 1165 2442 solae
1195 2417 1301 2451 stant,
1326 2422 1393 2442 non
1407 2412 1480 2443 aliis
1497 2413 1680 2453 contiguae,

983 2463 1106 2493 insulas
1118 2462 1348 2502 appellabant,
1359 2468 1395 2494 et
1412 2463 1473 2493 sub
1489 2463 1679 2504 imperato—

983 2513 1074 2544 ribus
1089 2513 1222 2554 quasvis
1239 2513 1331 2544 aedes
1346 2514 1526 2546 locatitias,
1563 2515 1680 2546 Tricies

982 2565 1113 2604 soldum]
1135 2564 1267 2594 Tricies
1281 2569 1420 2595 centum
1441 2564 1491 2595 M.
1508 2564 1578 2596 HS.
1591 2565 1677 2596 inte-

984 2625 1056 2656 gre,
1072 2615 1191 2655 plene:
1224 2621 1262 2646 ut
1287 2616 1296 2632 ‘
1309 2616 1446 2656 plenum
1465 2615 1590 2655 vicies,’
1613 2617 1678 2656 Ep.

986 2668 1058 2697 100.
1074 2665 1130 2696 lib.
1150 2667 1178 2695 l.

1027 2720 1044 2747 5
1069 2715 1246 2755 Parmensi]
1272 2715 1382 2747 Pecus
1399 2721 1434 2747 et
1450 2717 1526 2746 lana
1543 2716 1675 2748 Parmae

984 2767 1124 2798 multum
1139 2766 1374 2797 laudabantur.

1025 2820 1044 2847 6
1071 2817 1156 2848 Totis
1178 2816 1292 2858 dietum,
1320 2817 1387 2857 cisa]
1412 2817 1527 2848 Inauis
1544 2816 1676 2849 divitia—
