1866 3131
434 175 481 204 31.

153 266 237 307 puli.
275 266 401 298 Scrinia
416 271 521 298 nostru
538 267 659 307 vacent]
685 267 851 300 011331111-

152 321 221 356 cat,
241 318 346 348 tutius
376 318 498 348 lateres
522 318 630 348 adbuc
658 319 688 347 in
719 318 851 348 scriniis

152 368 287 406 nostris,
323 378 451 398 memor
480 368 569 398 illius
605 367 708 398 edicti
744 367 849 397 Hora-

152 417 232 448 tiani
251 429 258 448 ;
284 419 292 434 ‘
309 419 509 458 Nonumque
531 422 705 457 prematur
733 417 765 447 iu
793 427 850 447 an-

151 477 251 498 uum:
281 468 484 498 Membrauis
497 468 586 497 intus
600 467 720 506 positis
734 467 848 497 delere

151 518 268 549 licebit
294 518 392 551 Quod
413 527 478 548 non
501 516 673 555 edideris‚'
696 519 760 547 διο.
794 517 848 547 Li-

152 569 249 600 brum
271 579 289 599 e
314 568 445 598 scriniis
472 568 564 598 exire
585 567 675 598 foras
701 567 847 607 gestien-

150 623 218 650 tem
236 619 352 650 timide
369 618 511 655 emittit,
524 618 613 659 quod
627 622 795 656 vereatur,
806 627 848 648 ne

150 679 212 710 pro
240 669 328 700 fama
349 668 530 708 infamiam,
545 678 604 709 pro
622 669 726 709 gloria
746 668 849 698 dede-

150 730 209 751 cus
225 721 355 751 auctori
374 730 432 750 suo
448 720 581 751 domum
600 719 738 750 referat.

192 774 210 802 3
228 771 388 811 Dmuinoe]
402 773 410 788 ‘
425 772 649 802 Romanorumn
666 780 776 801 rerum
790 770 849 800 do-

148 823 335 862 minorum‚’
365 828 400 854 ut
426 824 542 863 Epigr.
570 827 641 854 124.
659 823 745 854 1.14.
772 822 848 854 Fas-

149 874 239 910 tidia,
255 873 324 913 Syna]
355 875 516 905 Censurae
535 873 724 914 judiciique
751 877 847 903 notas

149 933 188 952 ex
206 925 323 961 oculis,
340 924 447 962 vultu,
464 929 561 961 nutu,
575 923 771 963 supercilio,
785 933 848 953 cae-

145 973 296 1013 terisque
334 974 479 1004 motibus
507 980 716 1014 perspectas,
737 975 845 1014 ipsum

148 1021 337 1053 fastidium.

189 1076 208 1103 4
233 1073 354 1103 Martia
367 1073 457 1104 turba
474 1073 571 1114 sapit]
597 1075 737 1105 Romani
754 1075 844 1105 Mar-

146 1128 180 1155 te
198 1124 345 1154 oriundi.

187 1177 205 1204 5
231 1174 382 1213 Major-es,
412 1174 482 1214 eya]
528 1175 747 1206 Sonautiores
772 1185 845 1207 sau-

143 1234 194 1256 nae
209 1230 244 1255 et
262 1225 433 1256 irrisiones
450 1235 617 1267 nusquam
641 1232 721 1257 sunt
744 1236 844 1267 quam

148 1276 273 1306 Romae.
317 1276 376 1307 Est
388 1286 468 1316 ergo
493 1277 502 1292 ‘
515 1276 684 1316 ronchus,'
699 1282 845 1308 sterten-

146 1326 189 1356 tis
206 1336 324 1357 sonus:
351 1332 385 1357 et
405 1337 466 1367 per
490 1328 646 1368 Metaph.
672 1338 732 1368 pro
758 1328 844 1359 deri-

145 1386 222 1408 sore
237 1381 272 1408 et
289 1377 435 1417 superbo
452 1387 593 1409 censore
607 1379 735 1419 accipe.

187 1431 210 1459 6
234 1428 367 1468 Nasum]
402 1430 449 1460 Ut
471 1429 594 1460 dextra
620 1430 714 1469 fidei,
735 1440 845 1470 genua

144 1478 400 1518 misericordiae‚
433 1480 651 1520 supercilium
683 1482 845 1521 gravitati

143 1534 179 1560 et
193 1529 308 1569 fastui,
322 1532 384 1562 ἃς.
402 1530 449 1561 ita
473 1541 573 1562 nasus
593 1532 739 1562 irrisioni
758 1532 847 1563 dica-

144 1584 210 1619 tus,
227 1590 377 1611 censurae
406 1587 441 1611 et
464 1583 533 1611 acri
558 1582 703 1621 judicio,
728 1583 845 1623 Epigr.

146 1632 177 1660 2.
196 1630 215 1660 Ι.
234 1632 285 1659 13.
305 1635 340 1660 et
365 1631 486 1670 passim
504 1633 591 1671 apud
610 1639 759 1662 autores.
787 1633 845 1663 Di-

146 1679 193 1709 cit
210 1688 291 1718 ergo
320 1689 440 1719 pueros
468 1681 532 1711 sibi
560 1682 662 1712 etiam
683 1682 740 1721 jus
767 1692 845 1713 een-

145 1729 253 1767 senui,
266 1729 460 1770 damnandi,
478 1731 640 1762 irridendi
660 1733 774 1764 Romae
793 1743 845 1764 su-

148 1789 261 1810 mere:
287 1789 349 1810 nec
367 1781 506 1812 mirum:
533 1783 541 1798 ‘
558 1783 644 1812 Nam
657 1782 764 1814 facilis
778 1785 844 1815 cui-

145 1831 194 1860 vis
213 1830 465 1870 rigidicensura
479 1832 657 1870 cachinui‚’
680 1838 716 1863 ut
738 1834 843 1865 Juve-

143 1881 207 1912 nal.
221 1882 336 1920 Satyr.
352 1885 401 1913 10.
426 1883 472 1912 Ε1
490 1884 498 1898 ‘
515 1892 614 1913 nasus
638 1884 842 1915 Rhinocero-

144 1931 199 1962 tis’
226 1932 361 1962 nimiam
387 1932 518 1963 ridendi
546 1935 776 1975 carpendique
805 1935 842 1965 li-

143 1981 290 2012 bidinem
306 1987 340 2012 et
356 1982 527 2013 licentiam
545 1984 724 2024 significat.
761 1985 842 2015 Rhi-

142 2033 304 2071 nocerolis,
319 2032 386 2073 ξω]
421 2033 483 2064 Cui
507 2034 636 2073 ingens,
653 2044 757 2065 cornu
774 2045 841 2066 mu-

142 2083 245 2123 nitus,
279 2084 410 2114 validus
449 2094 560 2124 nasus,
592 2086 751 2125 Spectac.
784 2086 841 2117 lib.

142 2133 235 2174 epig.
252 2137 282 2165 9.

184 2187 203 2215 7
228 2185 360 2224 Sophos]
384 2184 437 2215 Ab
452 2185 662 2216 auditoribus
679 2188 841 2218 acclama-

144 2239 214 2265 tum
232 2236 404 2274 recitanti,
428 2238 543 2276 σοφῶς,
568 2235 662 2275 θείως,
688 2237 842 2277 μεγάλως,

142 2286 152 2303 ‘
164 2286 326 2324 Pulchre,
339 2286 436 2324 bene,
446 2293 538 2317 recti¹
551 2287 569 2317 !’
584 2290 591 2303 ‘
602 2289 709 2328 Euge,
722 2289 809 2320 belle
819 2289 840 2320 !’

143 2338 151 2353 ‘
167 2336 304 2375 Facete,
321 2337 423 2373 laute,
445 2338 573 2378 lepide,
599 2339 679 2369 nihil
705 2339 842 2380 snprai'

143 2385 297 2417 Sidonius
328 2387 476 2426 Apolliu.
506 2389 525 2419 l.
557 2392 584 2420 l.
617 2392 625 2406 ‘
647 2390 698 2420 Ad
719 2391 842 2432 sophos

143 2436 278 2475 meum‚‘
300 2438 362 2468 Sic.
389 2439 397 2454 ‘
416 2439 469 2468 Oh
496 2439 558 2469 hoc
589 2440 635 2470 illi
661 2440 840 2472 maximum

142 2488 288 2527 sophos,’
299 2490 362 2518 ἃς.
400 2489 463 2519 Vel
479 2490 487 2505 ‘
501 2490 549 2519 vir
562 2490 614 2520 hic
628 2490 749 2521 doctus
765 2491 840 2531 est,’

142 2544 180 2570 ut
200 2539 364 2569 Brodaens
383 2540 466 2570 vult.
505 2540 589 2570 Dum
615 2540 700 2572 basia
717 2542 839 2583 jactas]

141 2589 302 2620 Scriverii
320 2589 406 2619 basia
423 2590 513 2627 jacta
539 2591 634 2621 valde
659 2592 839 2624 verisimile

141 2646 191 2672 est
210 2651 217 2669 :
243 2648 318 2669 nam
334 2639 389 2679 qui
403 2640 485 2670 liber
504 2641 666 2672 recitatus
683 2642 838 2674 audierat

141 2699 227 2729 euge
242 2690 344 2727 σοφῶς
355 2701 403 2726 τε,
415 2699 480 2720 11011
495 2691 637 2730 amplius
652 2691 745 2722 basia
758 2703 838 2734 cap-

141 2741 254 2771 tabat:
274 2741 347 2781 jam
371 2740 542 2773 habehat:
567 2742 721 2774 solebant
746 2745 836 2775 enim

141 2791 205 2822 ista
242 2790 414 2831 conjungi,
441 2792 590 2833 plausus,
624 2794 836 2831 acclamatio,

514 175 574 204 VA
585 174 625 203 L.
660 173 851 203 MARTJA
861 173 903 202 Ll
913 174 934 203 S

969 174 1128 206 amon.
1162 175 1254 204 Lm.
1286 176 1318 206 1.
1490 166 1603 210 1095

905 267 1072 298 basiorum
1095 269 1222 309 jactus.
1277 271 1453 303 Praeterea
1483 273 1602 313 optimi

904 318 1093 356 librijactus
1108 330 1172 350 non
1186 325 1302 361 captas.
1340 323 1428 354 Vide
1441 323 1549 364 ipsum
1565 329 1601 356 et

903 368 1103 400 Gruterum.
1150 370 1220 401 lsta
1254 372 1315 402 tibi
1347 371 1438 403 forte
1470 374 1603 404 contin-

903 422 997 456 gent,
1014 419 1135 459 inquit,
1147 421 1203 450 ubi
1222 422 1442 453 recitaberis:
1468 423 1527 453 sed
1545 433 1602 454 co·

903 468 1013 507 gitare
1031 469 1134 499 debes
1151 469 1224 501 fieri
1242 482 1354 511 posse,
1367 478 1404 504 ut
1417 474 1521 514 aliqui
1537 475 1601 505 las-

903 518 969 548 civi
986 522 1022 549 et
1042 519 1128 549 male
1146 518 1273 559 feriati,
1305 522 1383 562 quia
1407 523 1489 554 nihil
1509 523 1601 555 aliud

901 568 934 598 in
963 574 1136 609 promptu,
1153 576 1213 600 aut
1229 575 1266 601 tu
1284 572 1468 613 proximus,
1494 577 1528 605 te
1551 574 1602 605 lu-

902 628 973 649 sum
990 618 1117 650 faciant
1131 624 1166 651 et
1182 630 1260 661 sago
1272 621 1467 663 impositum
1482 624 1514 654 in
1526 625 1603 656 sub-

900 669 978 700 lime
993 671 1182 702 excutiant.
1211 672 1309 702 Gron.
1326 673 1413 703 Dum
1424 674 1521 715 basia,
1532 675 1603 716 ἐγὼ]

901 720 993 751 Dum
1011 726 1131 762 captas
1148 722 1424 763 approbationes,
1440 733 1520 764 quas
1545 735 1604 756 ve·

901 776 992 803 teres
1007 773 1164 813 amplexu
1175 780 1210 805 et
1220 774 1321 806 basiis
1334 775 1600 807 attestabantur.

901 824 988 854 Sunt
1005 824 1062 864 qui
1074 825 1204 864 legant,
1217 825 1433 864 basiajactas:
1456 826 1520 857 hoc
1535 831 1599 867 est,

901 874 1071 912 promittis
1104 875 1166 905 tibi
1193 880 1228 906 et
1254 875 1427 915 polliceris
1453 876 1599 915 gratiam

899 924 1039 955 lectoris
1063 930 1097 954 et
1123 925 1227 956 basia.
1275 925 1421 958 Quando
1439 925 1547 966 audis,
1563 926 1602 957 li-

901 974 1002 1013 belle,
1017 977 1132 1014 σοφῶς,
1160 980 1260 1016 putas
1279 975 1412 1006 sincere
1430 976 1600 1007 acclama·

897 1028 980 1063 tum,
1012 1030 1047 1055 et
1071 1025 1142 1065 jam
1168 1035 1298 1064 speras,
1325 1025 1391 1056 imo
1419 1030 1539 1066 captas
1564 1030 1601 1057 et

888 1074 1002 1114 jactas
1020 1074 1133 1113 basia3
1160 1075 1218 1105 sed
1245 1085 1311 1106 non
1337 1075 1498 1116 intelligis
1518 1076 1599 1117 εἴρω-

895 1136 948 1155 vas
965 1130 999 1155 et
1020 1135 1117 1156 nasos
1138 1126 1320 1156 Romanos.
1356 1125 1475 1156 Rader.

938 1177 957 1205 ὃ
983 1174 1050 1205 Ibis
1063 1176 1101 1206 ab
1114 1185 1252 1215 excusso,
1266 1174 1334 1215 Esou]
1358 1175 1542 1216 Excipient
1563 1180 1598 1207 te

896 1224 1032 1265 quidem
1051 1225 1191 1265 gremio,
1208 1224 1265 1255 sed
1282 1230 1319 1255 ut
1336 1229 1370 1256 te
1387 1226 1598 1265 sagoinsub-

895 1276 974 1306 lime
986 1276 1121 1316 jactent
1138 1285 1199 1316 per
1215 1276 1395 1307 ludibrium
1421 1282 1456 1308 et
1480 1287 1599 1317 proca-

895 1326 1051 1365 citatem,
1078 1332 1116 1358 ut
1143 1327 1250 1357 solent
1281 1337 1382 1358 canes
1409 1329 1596 1368 excipere:

895 1377 985 1418 quod
1018 1378 1059 1409 ab
1098 1378 1235 1409 Othone
1260 1376 1457 1408 factitatum
1489 1376 1598 1409 refert

894 1428 1035 1459 Sueten.
1065 1438 1094 1460 c.
1125 1432 1155 1459 2.
1182 1428 1272 1459 Gall.
1312 1429 1448 1459 Beruer.
1488 1427 1592 1468 Angl.

896 1482 959 1509 loss
981 1479 1014 1509 in
1041 1489 1060 1509 a
1086 1479 1224 1510 blunlcet.
1243 1479 1332 1520 quod
1353 1479 1488 1510 Graecis
1517 1485 1597 1510 παλ-

893 1527 949 1566 μὸς
992 1528 1130 1569 dicitur,
1166 1529 1295 1560 Latinis
1324 1530 1333 1546 ‘
1352 1529 1516 1569 sagano!
1553 1540 1596 1561 ex

896 1578 1107 1619 probi-atque
1145 1580 1192 1609 illi
1230 1578 1331 1609 samae
1357 1579 1596 1621 cupiditatem,

896 1630 952 1670 qui
972 1630 1014 1660 ad
1029 1636 1120 1660 astra
1134 1631 1206 1661 tolli
1225 1631 1326 1668 velit3
1344 1630 1397 1661 vel
1410 1630 1452 1660 ad
1470 1630 1596 1662 Rhino-

895 1681 1020 1710 cerotis
1047 1690 1166 1710 nasum
1194 1680 1349 1720 respicit,
1379 1689 1444 1721 quo
1479 1690 1594 1712 ursum

895 1740 955 1760 seu
979 1739 1075 1760 urum
1102 1730 1136 1760 in
1154 1735 1247 1760 astra
1264 1730 1353 1761 tulit.
1382 1729 1456 1761 Lib.
1473 1731 1594 1771 Spect.

895 1789 949 1820 ep.
966 1782 1019 1810 22.

935 1832 955 1859 9
979 1829 1121 1868 Domini,
1156 1829 1225 1869 φη]
1249 1829 1472 1861 Emendantis
1489 1834 1525 1862 et
1549 1831 1593 1862 ad

892 1879 1005 1910 limam
1023 1880 1230 1910 revocantis.

937 1934 976 1961 10
994 1930 1123 1970 Tristis]
1146 1933 1284 1971 Severa,
1299 1933 1464 1965 censoria.
1487 1933 1594 1966 Arun-

890 1982 942 2020 do,
957 1980 1027 2020 ἐγὼ]
1055 1981 1213 2012 Calamus
1230 1981 1441 2022 scriptorius.
1467 1993 1522 2025 ep.
1537 1987 1591 2016 38.

891 2030 913 2062 1.
928 2033 978 2062 14.

935 2085 972 2112 11
998 2081 1173 2121 AEtherias,
1194 2081 1261 2122 ἐγὼ]
1290 2082 1435 2114 Prodire
1458 2084 1492 2115 in
1521 2086 1591 2117 vnl-

892 2142 952 2173 gus
962 2132 1079 2172 gestiS,
1091 2133 1288 2173 versarique
1299 2133 1330 2162 in
1341 2132 1510 2165 hominum
1524 2145 1595 2167 ma-

892 2193 948 2221 nu,
963 2182 1229 2222 imojactaberis
1252 2183 1286 2213 in
1303 2189 1408 2224 astra,
1423 2190 1462 2216 ut
1486 2195 1591 2227 supra

892 2243 978 2264 vers,
993 2235 1025 2263 S.

937 2286 976 2314 12
995 2283 1024 2323 1,
1033 2282 1136 2322 fuge,·
1155 2283 1218 2323 sed,
1233 2283 1301 2324 &eq
1320 2285 1488 2326 Epitrope
1505 2287 1581 2318 Sar-

891 2333 1033 2366 castica.

934 2387 1042 2417 Epio.
1059 2393 1094 2415 v.
1121 2387 1135 2415 1
1156 2385 1350 2425 Contigeris]
1375 2387 1589 2430 Excusatjo-

892 2448 948 2469 cos
970 2443 1004 2467 et
1021 2436 1193 2467 lasciviam
1223 2438 1517 2477 Epigrammatum
1545 2443 1587 2474 ab

891 2488 1048 2527 exemplo
1061 2486 1210 2517 licentiae
1224 2488 1379 2519 militaris
1394 2496 1430 2521 et
1446 2492 1587 2525 mimicis

891 2539 1054 2580 gestibus.

933 2592 952 2620 2
972 2589 1137 2619 Terrarum
1147 2588 1357 2629 supercilium]
1368 2590 1502 2632 Sepone
1513 2595 1587 2626 Cae-

889 2649 1019 2670 saream
1058 2639 1286 2678 majestatem,
1326 2640 1585 2681 Imperatoriam

890 2691 1106 2731 gravitatem,
1130 2690 1348 2720 severitatem
1380 2691 1588 2737 censoriam,

888 2740 965 2771 vide
983 2749 1070 2771 vers-
1087 2742 1117 2771 ὃ.
1135 2750 1238 2781 supra
1255 2741 1361 2782 epigr.
1374 2745 1407 2774 4.
1444 2745 1501 2776 810
1527 2758 1586 2786 χα.

886 2793 945 2834 λᾷν
959 2791 1016 2824 τὰς
1028 2790 1118 2832 ὀφρῦς
1130 2791 1307 2833 eleganter
1323 2792 1437 2827 Graeci
1453 2795 1584 2831 dieunt.
