<?xml version="1.0" encoding="UTF-8"?>
<!DOCTYPE html PUBLIC "-//W3C//DTD XHTML 1.0 Transitional//EN"
    "http://www.w3.org/TR/xhtml1/DTD/xhtml1-transitional.dtd">
<html xmlns="http://www.w3.org/1999/xhtml" xml:lang="en" lang="en">
 <head>
  <title>
</title>
<meta http-equiv="Content-Type" content="text/html;charset=utf-8" />
  <meta name='ocr-system' content='tesseract 3.04.00' />
  <meta name='ocr-capabilities' content='ocr_page ocr_carea ocr_par ocr_line ocrx_word'/>
</head>
<body>
  <div class='ocr_page' id='page_1' title='image "./epigrammataexedi03martuoft_0396.png"; bbox 0 0 1866 3131; ppageno 0'>
   <div class='ocr_carea' id='block_1_1' title="bbox 282 173 393 214">
    <p class='ocr_par' dir='ltr' id='par_1_1' title="bbox 282 173 393 214">
     <span class='ocr_line' id='line_1_1' title="bbox 282 173 393 214; baseline 0 -1"><span class='ocrx_word' id='word_1_1' title='bbox 282 173 393 214; x_wconf 73' lang='lat'>1456</span> 
     </span>
    </p>
   </div>
   <div class='ocr_carea' id='block_1_2' title="bbox 282 273 994 2779">
    <p class='ocr_par' dir='ltr' id='par_1_2' title="bbox 282 273 980 667">
     <span class='ocr_line' id='line_1_2' title="bbox 283 273 978 313; baseline -0.004 -7"><span class='ocrx_word' id='word_1_2' title='bbox 283 279 380 306; x_wconf 81' lang='lat' dir='ltr'>tanta</span> <span class='ocrx_word' id='word_1_3' title='bbox 409 274 527 313; x_wconf 88' lang='lat' dir='ltr'>virtus,</span> <span class='ocrx_word' id='word_1_4' title='bbox 549 283 601 304; x_wconf 79' lang='lat' dir='ltr'>ars</span> <span class='ocrx_word' id='word_1_5' title='bbox 631 277 736 311; x_wconf 84' lang='lat' dir='ltr'>tanta,</span> <span class='ocrx_word' id='word_1_6' title='bbox 762 277 857 304; x_wconf 83' lang='lat' dir='ltr'>tanta</span> <span class='ocrx_word' id='word_1_7' title='bbox 872 273 978 304; x_wconf 84' lang='lat' dir='ltr'>suavi-</span> 
     </span>
     <span class='ocr_line' id='line_1_3' title="bbox 282 324 979 365; baseline -0.004 -8"><span class='ocrx_word' id='word_1_8' title='bbox 282 330 347 365; x_wconf 85' lang='lat' dir='ltr'>tas,</span> <span class='ocrx_word' id='word_1_9' title='bbox 364 330 402 357; x_wconf 92' lang='lat' dir='ltr'>ut</span> <span class='ocrx_word' id='word_1_10' title='bbox 418 325 531 356; x_wconf 87' lang='lat' dir='ltr'>dicere</span> <span class='ocrx_word' id='word_1_11' title='bbox 545 325 663 364; x_wconf 77' lang='lat' dir='ltr'>possis,</span> <span class='ocrx_word' id='word_1_12' title='bbox 685 325 748 355; x_wconf 85' lang='lat' dir='ltr'>hoc</span> <span class='ocrx_word' id='word_1_13' title='bbox 764 324 979 355; x_wconf 73' lang='lat' dir='ltr'>excellentis—</span> 
     </span>
     <span class='ocr_line' id='line_1_4' title="bbox 282 375 978 416; baseline -0.001 -10"><span class='ocrx_word' id='word_1_14' title='bbox 282 376 401 408; x_wconf 82' lang='lat' dir='ltr'>simum</span> <span class='ocrx_word' id='word_1_15' title='bbox 423 385 506 416; x_wconf 90' lang='lat' dir='ltr'>opus</span> <span class='ocrx_word' id='word_1_16' title='bbox 525 385 602 405; x_wconf 88' lang='lat' dir='ltr'>vere</span> <span class='ocrx_word' id='word_1_17' title='bbox 621 375 722 406; x_wconf 84' lang='lat' dir='ltr'>fuisse</span> <span class='ocrx_word' id='word_1_18' title='bbox 739 376 879 406; x_wconf 85' lang='lat' dir='ltr'>amicam</span> <span class='ocrx_word' id='word_1_19' title='bbox 892 375 978 405; x_wconf 67' lang='lat' dir='ltr'>Pol}-</span> 
     </span>
     <span class='ocr_line' id='line_1_5' title="bbox 283 425 980 466; baseline -0.003 -9"><span class='ocrx_word' id='word_1_20' title='bbox 283 431 339 466; x_wconf 79' lang='lat' dir='ltr'>tae,</span> <span class='ocrx_word' id='word_1_21' title='bbox 353 426 416 457; x_wconf 84' lang='lat' dir='ltr'>lioc</span> <span class='ocrx_word' id='word_1_22' title='bbox 434 430 626 464; x_wconf 84' lang='lat' dir='ltr'>est‚n0ctes</span> <span class='ocrx_word' id='word_1_23' title='bbox 644 425 782 466; x_wconf 77' lang='lat' dir='ltr'>diesque</span> <span class='ocrx_word' id='word_1_24' title='bbox 800 426 842 456; x_wconf 87' lang='lat' dir='ltr'>ab</span> <span class='ocrx_word' id='word_1_25' title='bbox 858 435 897 456; x_wconf 76' lang='lat' dir='ltr'>eo</span> <span class='ocrx_word' id='word_1_26' title='bbox 912 425 980 456; x_wconf 91' lang='lat' dir='ltr'>cul-</span> 
     </span>
     <span class='ocr_line' id='line_1_6' title="bbox 283 475 979 515; baseline -0.003 -8"><span class='ocrx_word' id='word_1_27' title='bbox 283 481 363 514; x_wconf 85' lang='lat' dir='ltr'>tam,</span> <span class='ocrx_word' id='word_1_28' title='bbox 390 481 554 514; x_wconf 89' lang='lat' dir='ltr'>curatam,</span> <span class='ocrx_word' id='word_1_29' title='bbox 585 480 804 506; x_wconf 83' lang='lat' dir='ltr'>exornatam:</span> <span class='ocrx_word' id='word_1_30' title='bbox 835 475 979 515; x_wconf 86' lang='lat' dir='ltr'>denique</span> 
     </span>
     <span class='ocr_line' id='line_1_7' title="bbox 282 525 979 557; baseline -0.001 0"><span class='ocrx_word' id='word_1_31' title='bbox 282 526 426 557; x_wconf 85' lang='lat' dir='ltr'>animam</span> <span class='ocrx_word' id='word_1_32' title='bbox 455 530 490 556; x_wconf 92' lang='lat' dir='ltr'>et</span> <span class='ocrx_word' id='word_1_33' title='bbox 513 525 649 556; x_wconf 81' lang='lat' dir='ltr'>delitias</span> <span class='ocrx_word' id='word_1_34' title='bbox 673 525 776 556; x_wconf 82' lang='lat' dir='ltr'>fuisse</span> <span class='ocrx_word' id='word_1_35' title='bbox 792 526 881 556; x_wconf 87' lang='lat' dir='ltr'>illins</span> <span class='ocrx_word' id='word_1_36' title='bbox 908 525 979 556; x_wconf 90' lang='lat' dir='ltr'>uni-</span> 
     </span>
     <span class='ocr_line' id='line_1_8' title="bbox 284 575 979 617; baseline -0.001 -10"><span class='ocrx_word' id='word_1_37' title='bbox 284 587 362 615; x_wconf 81' lang='lat' dir='ltr'>cas3</span> <span class='ocrx_word' id='word_1_38' title='bbox 386 586 450 607; x_wconf 91' lang='lat' dir='ltr'>non</span> <span class='ocrx_word' id='word_1_39' title='bbox 480 576 574 606; x_wconf 88' lang='lat' dir='ltr'>illam</span> <span class='ocrx_word' id='word_1_40' title='bbox 603 575 786 616; x_wconf 87' lang='lat' dir='ltr'>Glyceren,</span> <span class='ocrx_word' id='word_1_41' title='bbox 810 586 886 617; x_wconf 81' lang='lat' dir='ltr'>qnae</span> <span class='ocrx_word' id='word_1_42' title='bbox 911 582 979 607; x_wconf 86' lang='lat' dir='ltr'>tam</span> 
     </span>
     <span class='ocr_line' id='line_1_9' title="bbox 285 625 662 667; baseline -0.003 -9"><span class='ocrx_word' id='word_1_43' title='bbox 285 632 406 667; x_wconf 86' lang='lat' dir='ltr'>potens</span> <span class='ocrx_word' id='word_1_44' title='bbox 424 625 527 657; x_wconf 87' lang='lat' dir='ltr'>fuisse</span> <span class='ocrx_word' id='word_1_45' title='bbox 543 625 662 658; x_wconf 86' lang='lat' dir='ltr'>fertur.</span> 
     </span>
    </p>

    <p class='ocr_par' dir='ltr' id='par_1_3' title="bbox 282 676 983 918">
     <span class='ocr_line' id='line_1_10' title="bbox 324 676 982 717; baseline -0.003 -9"><span class='ocrx_word' id='word_1_46' title='bbox 324 681 344 708; x_wconf 84' lang='lat'>2</span> <span class='ocrx_word' id='word_1_47' title='bbox 369 678 437 708; x_wconf 75' lang='lat' dir='ltr'>Nec</span> <span class='ocrx_word' id='word_1_48' title='bbox 456 678 598 717; x_wconf 77' lang='lat' dir='ltr'>Glycere,</span> <span class='ocrx_word' id='word_1_49' title='bbox 615 677 684 717; x_wconf 53' lang='lat' dir='ltr'>lfa]</span> <span class='ocrx_word' id='word_1_50' title='bbox 709 677 856 717; x_wconf 73' lang='lat' dir='ltr'>Glycera</span> <span class='ocrx_word' id='word_1_51' title='bbox 873 676 982 707; x_wconf 86' lang='lat' dir='ltr'>amica</span> 
     </span>
     <span class='ocr_line' id='line_1_11' title="bbox 283 727 981 765; baseline -0.001 -7"><span class='ocrx_word' id='word_1_52' title='bbox 283 733 358 758; x_wconf 88' lang='lat' dir='ltr'>erat</span> <span class='ocrx_word' id='word_1_53' title='bbox 387 727 581 765; x_wconf 80' lang='lat' dir='ltr'>Menandri,</span> <span class='ocrx_word' id='word_1_54' title='bbox 620 728 679 758; x_wconf 80' lang='lat' dir='ltr'>sed</span> <span class='ocrx_word' id='word_1_55' title='bbox 714 727 886 758; x_wconf 85' lang='lat' dir='ltr'>comoediis</span> <span class='ocrx_word' id='word_1_56' title='bbox 915 727 981 757; x_wconf 87' lang='lat' dir='ltr'>suis</span> 
     </span>
     <span class='ocr_line' id='line_1_12' title="bbox 282 776 983 809; baseline -0.001 -1"><span class='ocrx_word' id='word_1_57' title='bbox 282 777 496 809; x_wconf 78' lang='lat' dir='ltr'>familiariter</span> <span class='ocrx_word' id='word_1_58' title='bbox 526 778 721 809; x_wconf 82' lang='lat' dir='ltr'>introducta</span> <span class='ocrx_word' id='word_1_59' title='bbox 759 778 862 808; x_wconf 80' lang='lat' dir='ltr'>Thais</span> <span class='ocrx_word' id='word_1_60' title='bbox 889 776 983 807; x_wconf 86' lang='lat' dir='ltr'>facta</span> 
     </span>
     <span class='ocr_line' id='line_1_13' title="bbox 284 827 983 868; baseline -0.001 -10"><span class='ocrx_word' id='word_1_61' title='bbox 284 833 336 858; x_wconf 80' lang='lat' dir='ltr'>est</span> <span class='ocrx_word' id='word_1_62' title='bbox 366 828 544 858; x_wconf 74' lang='lat' dir='ltr'>celebriori</span> <span class='ocrx_word' id='word_1_63' title='bbox 569 828 713 859; x_wconf 92' lang='lat' dir='ltr'>nomine.</span> <span class='ocrx_word' id='word_1_64' title='bbox 757 828 812 858; x_wconf 89' lang='lat' dir='ltr'>Sic</span> <span class='ocrx_word' id='word_1_65' title='bbox 842 827 983 868; x_wconf 83' lang='lat' dir='ltr'>exponit</span> 
     </span>
     <span class='ocr_line' id='line_1_14' title="bbox 282 878 822 918; baseline 0.002 -10"><span class='ocrx_word' id='word_1_66' title='bbox 282 879 384 910; x_wconf 90' lang='lat' dir='ltr'>Turn.</span> <span class='ocrx_word' id='word_1_67' title='bbox 401 879 459 909; x_wconf 87' lang='lat' dir='ltr'>lib.</span> <span class='ocrx_word' id='word_1_68' title='bbox 473 881 504 909; x_wconf 88' lang='grc'>9.</span> <span class='ocrx_word' id='word_1_69' title='bbox 522 878 661 909; x_wconf 79' lang='lat' dir='ltr'>Advers.</span> <span class='ocrx_word' id='word_1_70' title='bbox 676 888 752 918; x_wconf 84' lang='lat' dir='ltr'>cap.</span> <span class='ocrx_word' id='word_1_71' title='bbox 770 881 822 909; x_wconf 68' lang='lat'>24.</span> 
     </span>
    </p>

    <p class='ocr_par' dir='ltr' id='par_1_4' title="bbox 283 928 985 1213">
     <span class='ocr_line' id='line_1_15' title="bbox 327 928 985 959; baseline -0.002 -1"><span class='ocrx_word' id='word_1_72' title='bbox 327 929 433 959; x_wconf 70' lang='lat' dir='ltr'>Eme.</span> <span class='ocrx_word' id='word_1_73' title='bbox 460 937 666 959; x_wconf 58' lang='lat' dir='ltr'>cmxxxviii.</span> <span class='ocrx_word' id='word_1_74' title='bbox 702 931 716 958; x_wconf 93' lang='lat' dir='ltr'>l</span> <span class='ocrx_word' id='word_1_75' title='bbox 743 928 780 959; x_wconf 65' lang='lat' dir='ltr'>Si</span> <span class='ocrx_word' id='word_1_76' title='bbox 801 938 898 958; x_wconf 85' lang='lat' dir='ltr'>comes</span> <span class='ocrx_word' id='word_1_77' title='bbox 924 928 985 958; x_wconf 75' lang='lat' dir='ltr'>ista</span> 
     </span>
     <span class='ocr_line' id='line_1_16' title="bbox 284 979 984 1020; baseline 0 -11"><span class='ocrx_word' id='word_1_78' title='bbox 284 979 354 1016; x_wconf 72' lang='lat' dir='ltr'>tibi,</span> <span class='ocrx_word' id='word_1_79' title='bbox 370 980 438 1020; x_wconf 49' lang='lat' dir='ltr'>Syia]</span> <span class='ocrx_word' id='word_1_80' title='bbox 461 980 533 1010; x_wconf 80' lang='lat' dir='ltr'>Viae</span> <span class='ocrx_word' id='word_1_81' title='bbox 551 980 603 1010; x_wconf 86' lang='lat' dir='ltr'>vel</span> <span class='ocrx_word' id='word_1_82' title='bbox 625 979 829 1019; x_wconf 68' lang='lat' dir='ltr'>longissimae</span> <span class='ocrx_word' id='word_1_83' title='bbox 843 979 984 1010; x_wconf 75' lang='lat' dir='ltr'>comites</span> 
     </span>
     <span class='ocr_line' id='line_1_17' title="bbox 283 1029 983 1070; baseline 0.001 -10"><span class='ocrx_word' id='word_1_84' title='bbox 283 1029 452 1061; x_wconf 83' lang='lat' dir='ltr'>sufficient</span> <span class='ocrx_word' id='word_1_85' title='bbox 470 1030 532 1060; x_wconf 85' lang='lat' dir='ltr'>tibi</span> <span class='ocrx_word' id='word_1_86' title='bbox 550 1031 725 1061; x_wconf 83' lang='lat' dir='ltr'>Ciceronis</span> <span class='ocrx_word' id='word_1_87' title='bbox 746 1030 834 1069; x_wconf 85' lang='lat' dir='ltr'>libri,</span> <span class='ocrx_word' id='word_1_88' title='bbox 853 1036 891 1061; x_wconf 91' lang='lat' dir='ltr'>ut</span> <span class='ocrx_word' id='word_1_89' title='bbox 907 1031 983 1070; x_wconf 88' lang='lat' dir='ltr'>Epi-</span> 
     </span>
     <span class='ocr_line' id='line_1_18' title="bbox 285 1080 983 1121; baseline 0.001 -11"><span class='ocrx_word' id='word_1_90' title='bbox 285 1085 473 1121; x_wconf 84' lang='lat' dir='ltr'>grammate</span> <span class='ocrx_word' id='word_1_91' title='bbox 490 1084 521 1112; x_wconf 83' lang='lat'>2.</span> <span class='ocrx_word' id='word_1_92' title='bbox 545 1081 630 1111; x_wconf 88' lang='lat' dir='ltr'>libro</span> <span class='ocrx_word' id='word_1_93' title='bbox 651 1084 682 1112; x_wconf 90' lang='lat'>1.</span> <span class='ocrx_word' id='word_1_94' title='bbox 705 1081 910 1121; x_wconf 83' lang='lat' dir='ltr'>videturque</span> <span class='ocrx_word' id='word_1_95' title='bbox 928 1080 983 1111; x_wconf 88' lang='lat' dir='ltr'>Ci-</span> 
     </span>
     <span class='ocr_line' id='line_1_19' title="bbox 285 1130 985 1172; baseline 0.001 -12"><span class='ocrx_word' id='word_1_96' title='bbox 285 1131 416 1161; x_wconf 82' lang='lat' dir='ltr'>ceronis</span> <span class='ocrx_word' id='word_1_97' title='bbox 443 1130 554 1161; x_wconf 86' lang='lat' dir='ltr'>stilum</span> <span class='ocrx_word' id='word_1_98' title='bbox 581 1132 676 1172; x_wconf 82' lang='lat' dir='ltr'>quasi</span> <span class='ocrx_word' id='word_1_99' title='bbox 698 1131 860 1162; x_wconf 81' lang='lat' dir='ltr'>Asianum</span> <span class='ocrx_word' id='word_1_100' title='bbox 883 1137 918 1163; x_wconf 85' lang='lat' dir='ltr'>et</span> <span class='ocrx_word' id='word_1_101' title='bbox 936 1141 985 1162; x_wconf 85' lang='lat' dir='ltr'>re-</span> 
     </span>
     <span class='ocr_line' id='line_1_20' title="bbox 284 1181 642 1213; baseline 0.003 -2"><span class='ocrx_word' id='word_1_102' title='bbox 284 1181 494 1212; x_wconf 87' lang='lat' dir='ltr'>dundantem</span> <span class='ocrx_word' id='word_1_103' title='bbox 512 1186 642 1213; x_wconf 84' lang='lat' dir='ltr'>taxare.</span> 
     </span>
    </p>

    <p class='ocr_par' dir='ltr' id='par_1_5' title="bbox 284 1232 985 1372">
     <span class='ocr_line' id='line_1_21' title="bbox 328 1232 985 1273; baseline 0 -11"><span class='ocrx_word' id='word_1_104' title='bbox 328 1233 432 1262; x_wconf 75' lang='lat' dir='ltr'>Epm.</span> <span class='ocrx_word' id='word_1_105' title='bbox 459 1241 640 1263; x_wconf 67' lang='lat' dir='ltr'>cnxxmx.</span> <span class='ocrx_word' id='word_1_106' title='bbox 687 1235 703 1262; x_wconf 98' lang='grc'>1</span> <span class='ocrx_word' id='word_1_107' title='bbox 742 1233 889 1273; x_wconf 69' lang='lat' dir='ltr'>Cynthia,</span> <span class='ocrx_word' id='word_1_108' title='bbox 917 1232 985 1272; x_wconf 66' lang='lat'>850]</span> 
     </span>
     <span class='ocr_line' id='line_1_22' title="bbox 285 1281 984 1320; baseline -0.001 -8"><span class='ocrx_word' id='word_1_109' title='bbox 285 1282 376 1312; x_wconf 77' lang='lat' dir='ltr'>Vero</span> <span class='ocrx_word' id='word_1_110' title='bbox 406 1281 541 1312; x_wconf 88' lang='lat' dir='ltr'>nomine</span> <span class='ocrx_word' id='word_1_111' title='bbox 577 1281 737 1320; x_wconf 87' lang='lat' dir='ltr'>Hostilia,</span> <span class='ocrx_word' id='word_1_112' title='bbox 771 1281 877 1312; x_wconf 87' lang='lat' dir='ltr'>amica</span> <span class='ocrx_word' id='word_1_113' title='bbox 900 1281 984 1312; x_wconf 89' lang='lat' dir='ltr'>Pro-</span> 
     </span>
     <span class='ocr_line' id='line_1_23' title="bbox 284 1332 399 1372; baseline 0.009 -10"><span class='ocrx_word' id='word_1_114' title='bbox 284 1332 399 1372; x_wconf 83' lang='lat' dir='ltr'>pertii.</span> 
     </span>
    </p>

    <p class='ocr_par' dir='ltr' id='par_1_6' title="bbox 286 1379 984 1523">
     <span class='ocr_line' id='line_1_24' title="bbox 328 1379 984 1421; baseline -0.003 -9"><span class='ocrx_word' id='word_1_115' title='bbox 328 1385 347 1412; x_wconf 99' lang='grc'>2</span> <span class='ocrx_word' id='word_1_116' title='bbox 375 1383 438 1413; x_wconf 70' lang='lat' dir='ltr'>Nec</span> <span class='ocrx_word' id='word_1_117' title='bbox 465 1383 564 1412; x_wconf 79' lang='lat' dir='ltr'>minus</span> <span class='ocrx_word' id='word_1_118' title='bbox 601 1383 666 1421; x_wconf 81' lang='lat' dir='ltr'>ipsa</span> <span class='ocrx_word' id='word_1_119' title='bbox 694 1379 794 1419; x_wconf 72' lang='lat' dir='ltr'>dedit]</span> <span class='ocrx_word' id='word_1_120' title='bbox 837 1381 891 1410; x_wconf 89' lang='lat' dir='ltr'>Sic</span> <span class='ocrx_word' id='word_1_121' title='bbox 929 1381 984 1410; x_wconf 85' lang='lat' dir='ltr'>ille</span> 
     </span>
     <span class='ocr_line' id='line_1_25' title="bbox 286 1429 984 1472; baseline -0.001 -10"><span class='ocrx_word' id='word_1_122' title='bbox 286 1431 436 1463; x_wconf 84' lang='lat' dir='ltr'>Achilles</span> <span class='ocrx_word' id='word_1_123' title='bbox 453 1433 461 1448; x_wconf 86' lang='lat'>‘</span> <span class='ocrx_word' id='word_1_124' title='bbox 476 1432 561 1462; x_wconf 86' lang='lat' dir='ltr'>baud</span> <span class='ocrx_word' id='word_1_125' title='bbox 582 1432 655 1472; x_wconf 88' lang='lat' dir='ltr'>plus</span> <span class='ocrx_word' id='word_1_126' title='bbox 670 1431 787 1461; x_wconf 82' lang='lat' dir='ltr'><strong>Debet</strong></span> <span class='ocrx_word' id='word_1_127' title='bbox 803 1429 984 1461; x_wconf 75' lang='lat' dir='ltr'>Mmouidae</span> 
     </span>
     <span class='ocr_line' id='line_1_26' title="bbox 287 1481 688 1523; baseline 0 -11"><span class='ocrx_word' id='word_1_128' title='bbox 287 1492 384 1523; x_wconf 88' lang='lat' dir='ltr'>qnam</span> <span class='ocrx_word' id='word_1_129' title='bbox 399 1482 462 1512; x_wconf 83' lang='lat' dir='ltr'>sibi</span> <span class='ocrx_word' id='word_1_130' title='bbox 477 1481 688 1513; x_wconf 56' lang='lat' dir='ltr'>Maeonides!</span> 
     </span>
    </p>

    <p class='ocr_par' dir='ltr' id='par_1_7' title="bbox 285 1535 992 2535">
     <span class='ocr_line' id='line_1_27' title="bbox 330 1535 985 1574; baseline -0.002 -8"><span class='ocrx_word' id='word_1_131' title='bbox 330 1537 435 1566; x_wconf 71' lang='lat' dir='ltr'>Epio.</span> <span class='ocrx_word' id='word_1_132' title='bbox 454 1544 531 1566; x_wconf 73' lang='lat' dir='ltr'>cxc.</span> <span class='ocrx_word' id='word_1_133' title='bbox 565 1539 579 1566; x_wconf 91' lang='grc'>1</span> <span class='ocrx_word' id='word_1_134' title='bbox 607 1535 747 1566; x_wconf 79' lang='lat' dir='ltr'>Pellibus</span> <span class='ocrx_word' id='word_1_135' title='bbox 772 1535 898 1574; x_wconf 75' lang='lat' dir='ltr'>exiguis</span> <span class='ocrx_word' id='word_1_136' title='bbox 919 1545 985 1566; x_wconf 79' lang='lat' dir='ltr'>arc·</span> 
     </span>
     <span class='ocr_line' id='line_1_28' title="bbox 285 1586 986 1628; baseline 0 -10"><span class='ocrx_word' id='word_1_137' title='bbox 285 1587 468 1628; x_wconf 50' lang='lat' dir='ltr'>tatur-,zsswj</span> <span class='ocrx_word' id='word_1_138' title='bbox 491 1586 641 1628; x_wconf 81' lang='lat' dir='ltr'>Antiqua</span> <span class='ocrx_word' id='word_1_139' title='bbox 671 1588 729 1618; x_wconf 87' lang='lat' dir='ltr'>illa</span> <span class='ocrx_word' id='word_1_140' title='bbox 754 1587 884 1624; x_wconf 83' lang='lat' dir='ltr'>charta,</span> <span class='ocrx_word' id='word_1_141' title='bbox 911 1597 986 1628; x_wconf 80' lang='lat' dir='ltr'>qnae</span> 
     </span>
     <span class='ocr_line' id='line_1_29' title="bbox 288 1637 988 1678; baseline -0.003 -10"><span class='ocrx_word' id='word_1_142' title='bbox 288 1648 329 1668; x_wconf 78' lang='lat' dir='ltr'>ex</span> <span class='ocrx_word' id='word_1_143' title='bbox 344 1647 471 1678; x_wconf 73' lang='lat' dir='ltr'>papyro</span> <span class='ocrx_word' id='word_1_144' title='bbox 489 1642 564 1668; x_wconf 85' lang='lat' dir='ltr'>erat</span> <span class='ocrx_word' id='word_1_145' title='bbox 582 1637 746 1676; x_wconf 86' lang='lat' dir='ltr'>Nilotica,</span> <span class='ocrx_word' id='word_1_146' title='bbox 764 1647 830 1678; x_wconf 86' lang='lat' dir='ltr'>qua</span> <span class='ocrx_word' id='word_1_147' title='bbox 846 1638 988 1668; x_wconf 76' lang='lat' dir='ltr'>Veteres</span> 
     </span>
     <span class='ocr_line' id='line_1_30' title="bbox 288 1687 989 1727; baseline 0 -9"><span class='ocrx_word' id='word_1_148' title='bbox 288 1688 351 1727; x_wconf 84' lang='lat' dir='ltr'>usi,</span> <span class='ocrx_word' id='word_1_149' title='bbox 366 1689 572 1727; x_wconf 83' lang='lat' dir='ltr'>scripturam</span> <span class='ocrx_word' id='word_1_150' title='bbox 596 1687 637 1718; x_wconf 92' lang='lat' dir='ltr'>ab</span> <span class='ocrx_word' id='word_1_151' title='bbox 662 1697 728 1717; x_wconf 89' lang='lat' dir='ltr'>una</span> <span class='ocrx_word' id='word_1_152' title='bbox 744 1692 873 1718; x_wconf 87' lang='lat' dir='ltr'>tantum</span> <span class='ocrx_word' id='word_1_153' title='bbox 892 1693 989 1727; x_wconf 77' lang='lat' dir='ltr'>parte</span> 
     </span>
     <span class='ocr_line' id='line_1_31' title="bbox 288 1738 990 1778; baseline 0.001 -10"><span class='ocrx_word' id='word_1_154' title='bbox 288 1738 492 1778; x_wconf 80' lang='lat' dir='ltr'>recipiebat,</span> <span class='ocrx_word' id='word_1_155' title='bbox 507 1748 570 1768; x_wconf 91' lang='lat' dir='ltr'>nec</span> <span class='ocrx_word' id='word_1_156' title='bbox 588 1738 621 1768; x_wconf 88' lang='lat' dir='ltr'>in</span> <span class='ocrx_word' id='word_1_157' title='bbox 644 1738 893 1778; x_wconf 82' lang='lat' dir='ltr'>opistograpliis</span> <span class='ocrx_word' id='word_1_158' title='bbox 910 1739 990 1769; x_wconf 82' lang='lat' dir='ltr'>scri-</span> 
     </span>
     <span class='ocr_line' id='line_1_32' title="bbox 288 1788 988 1828; baseline 0.003 -10"><span class='ocrx_word' id='word_1_159' title='bbox 288 1789 427 1828; x_wconf 85' lang='lat' dir='ltr'>bebant,</span> <span class='ocrx_word' id='word_1_160' title='bbox 464 1789 525 1819; x_wconf 82' lang='lat' dir='ltr'>nisi</span> <span class='ocrx_word' id='word_1_161' title='bbox 565 1788 772 1828; x_wconf 85' lang='lat' dir='ltr'>adversaria,</span> <span class='ocrx_word' id='word_1_162' title='bbox 799 1792 863 1820; x_wconf 64' lang='grc' dir='ltr'>ἃς.</span> <span class='ocrx_word' id='word_1_163' title='bbox 904 1790 988 1821; x_wconf 78' lang='lat' dir='ltr'>Quae</span> 
     </span>
     <span class='ocr_line' id='line_1_33' title="bbox 287 1839 991 1879; baseline 0 -10"><span class='ocrx_word' id='word_1_164' title='bbox 287 1840 391 1879; x_wconf 79' lang='lat' dir='ltr'>igitur</span> <span class='ocrx_word' id='word_1_165' title='bbox 423 1839 463 1870; x_wconf 83' lang='lat' dir='ltr'>ab</span> <span class='ocrx_word' id='word_1_166' title='bbox 490 1849 557 1870; x_wconf 87' lang='lat' dir='ltr'>una</span> <span class='ocrx_word' id='word_1_167' title='bbox 583 1843 713 1870; x_wconf 85' lang='lat' dir='ltr'>tantum</span> <span class='ocrx_word' id='word_1_168' title='bbox 741 1844 837 1879; x_wconf 88' lang='lat' dir='ltr'>parte</span> <span class='ocrx_word' id='word_1_169' title='bbox 864 1839 991 1879; x_wconf 83' lang='lat' dir='ltr'>scripta</span> 
     </span>
     <span class='ocr_line' id='line_1_34' title="bbox 289 1889 991 1928; baseline 0.001 -9"><span class='ocrx_word' id='word_1_170' title='bbox 289 1894 400 1928; x_wconf 85' lang='lat' dir='ltr'>erant,</span> <span class='ocrx_word' id='word_1_171' title='bbox 432 1900 471 1920; x_wconf 84' lang='lat' dir='ltr'>ea</span> <span class='ocrx_word' id='word_1_172' title='bbox 498 1890 531 1920; x_wconf 92' lang='lat' dir='ltr'>in</span> <span class='ocrx_word' id='word_1_173' title='bbox 557 1889 735 1920; x_wconf 86' lang='lat' dir='ltr'>voluminis</span> <span class='ocrx_word' id='word_1_174' title='bbox 757 1889 899 1920; x_wconf 89' lang='lat' dir='ltr'>formam</span> <span class='ocrx_word' id='word_1_175' title='bbox 915 1899 991 1920; x_wconf 90' lang='lat' dir='ltr'>eon-</span> 
     </span>
     <span class='ocr_line' id='line_1_35' title="bbox 289 1939 989 1980; baseline 0 -10"><span class='ocrx_word' id='word_1_176' title='bbox 289 1939 514 1979; x_wconf 75' lang='lat' dir='ltr'>globabantur</span> <span class='ocrx_word' id='word_1_177' title='bbox 539 1945 576 1970; x_wconf 90' lang='lat' dir='ltr'>et</span> <span class='ocrx_word' id='word_1_178' title='bbox 602 1940 744 1970; x_wconf 89' lang='lat' dir='ltr'>multum</span> <span class='ocrx_word' id='word_1_179' title='bbox 769 1940 875 1980; x_wconf 79' lang='lat' dir='ltr'>spacii</span> <span class='ocrx_word' id='word_1_180' title='bbox 892 1949 989 1970; x_wconf 89' lang='lat' dir='ltr'>occu-</span> 
     </span>
     <span class='ocr_line' id='line_1_36' title="bbox 289 1990 989 2030; baseline 0 -10"><span class='ocrx_word' id='word_1_181' title='bbox 289 1990 436 2030; x_wconf 86' lang='lat' dir='ltr'>pabant:</span> <span class='ocrx_word' id='word_1_182' title='bbox 474 2000 538 2020; x_wconf 90' lang='lat' dir='ltr'>non</span> <span class='ocrx_word' id='word_1_183' title='bbox 569 1991 657 2020; x_wconf 87' lang='lat' dir='ltr'>enim</span> <span class='ocrx_word' id='word_1_184' title='bbox 694 1990 872 2020; x_wconf 83' lang='lat' dir='ltr'>admodum</span> <span class='ocrx_word' id='word_1_185' title='bbox 911 1991 989 2021; x_wconf 80' lang='lat' dir='ltr'>latae</span> 
     </span>
     <span class='ocr_line' id='line_1_37' title="bbox 290 2040 991 2072; baseline -0.001 -1"><span class='ocrx_word' id='word_1_186' title='bbox 290 2041 357 2072; x_wconf 82' lang='lat' dir='ltr'>illae</span> <span class='ocrx_word' id='word_1_187' title='bbox 380 2041 506 2071; x_wconf 82' lang='lat' dir='ltr'>cliartae</span> <span class='ocrx_word' id='word_1_188' title='bbox 531 2040 672 2071; x_wconf 84' lang='lat' dir='ltr'>fiebant.</span> <span class='ocrx_word' id='word_1_189' title='bbox 718 2040 808 2070; x_wconf 89' lang='lat' dir='ltr'>Hinc</span> <span class='ocrx_word' id='word_1_190' title='bbox 824 2041 991 2071; x_wconf 81' lang='lat' dir='ltr'>Martialis</span> 
     </span>
     <span class='ocr_line' id='line_1_38' title="bbox 290 2090 989 2130; baseline -0.001 -9"><span class='ocrx_word' id='word_1_191' title='bbox 290 2091 411 2122; x_wconf 86' lang='lat' dir='ltr'>scribit</span> <span class='ocrx_word' id='word_1_192' title='bbox 430 2091 664 2122; x_wconf 84' lang='lat' dir='ltr'>bibliothecam</span> <span class='ocrx_word' id='word_1_193' title='bbox 676 2100 769 2120; x_wconf 87' lang='lat' dir='ltr'>snam</span> <span class='ocrx_word' id='word_1_194' title='bbox 788 2090 842 2120; x_wconf 77' lang='lat' dir='ltr'>vix</span> <span class='ocrx_word' id='word_1_195' title='bbox 859 2090 989 2130; x_wconf 76' lang='lat' dir='ltr'>cepisse</span> 
     </span>
     <span class='ocr_line' id='line_1_39' title="bbox 290 2141 990 2181; baseline 0 -9"><span class='ocrx_word' id='word_1_196' title='bbox 290 2141 376 2172; x_wconf 86' lang='lat' dir='ltr'>Livii</span> <span class='ocrx_word' id='word_1_197' title='bbox 395 2142 581 2173; x_wconf 80' lang='lat' dir='ltr'>Historiam</span> <span class='ocrx_word' id='word_1_198' title='bbox 608 2142 639 2171; x_wconf 89' lang='lat' dir='ltr'>in</span> <span class='ocrx_word' id='word_1_199' title='bbox 669 2141 786 2172; x_wconf 85' lang='lat' dir='ltr'>charta</span> <span class='ocrx_word' id='word_1_200' title='bbox 808 2141 990 2181; x_wconf 77' lang='lat' dir='ltr'>scriptam:</span> 
     </span>
     <span class='ocr_line' id='line_1_40' title="bbox 292 2192 990 2232; baseline -0.001 -10"><span class='ocrx_word' id='word_1_201' title='bbox 292 2198 328 2223; x_wconf 88' lang='lat' dir='ltr'>at</span> <span class='ocrx_word' id='word_1_202' title='bbox 345 2192 376 2222; x_wconf 89' lang='lat' dir='ltr'>in</span> <span class='ocrx_word' id='word_1_203' title='bbox 401 2192 544 2232; x_wconf 79' lang='lat' dir='ltr'>pellibus</span> <span class='ocrx_word' id='word_1_204' title='bbox 568 2192 638 2222; x_wconf 88' lang='lat' dir='ltr'>sive</span> <span class='ocrx_word' id='word_1_205' title='bbox 663 2192 865 2222; x_wconf 82' lang='lat' dir='ltr'>membranis</span> <span class='ocrx_word' id='word_1_206' title='bbox 884 2192 990 2232; x_wconf 83' lang='lat' dir='ltr'>scrip-</span> 
     </span>
     <span class='ocr_line' id='line_1_41' title="bbox 292 2241 990 2283; baseline -0.001 -10"><span class='ocrx_word' id='word_1_207' title='bbox 292 2247 361 2273; x_wconf 87' lang='lat' dir='ltr'>tam</span> <span class='ocrx_word' id='word_1_208' title='bbox 391 2241 493 2273; x_wconf 82' lang='lat' dir='ltr'>facile</span> <span class='ocrx_word' id='word_1_209' title='bbox 525 2242 677 2283; x_wconf 87' lang='lat' dir='ltr'>quamvis</span> <span class='ocrx_word' id='word_1_210' title='bbox 708 2247 868 2281; x_wconf 83' lang='lat' dir='ltr'>angustus</span> <span class='ocrx_word' id='word_1_211' title='bbox 897 2243 990 2272; x_wconf 86' lang='lat' dir='ltr'>locus</span> 
     </span>
     <span class='ocr_line' id='line_1_42' title="bbox 291 2291 992 2333; baseline -0.003 -9"><span class='ocrx_word' id='word_1_212' title='bbox 291 2293 470 2324; x_wconf 80' lang='lat' dir='ltr'>continere</span> <span class='ocrx_word' id='word_1_213' title='bbox 502 2293 641 2333; x_wconf 82' lang='lat' dir='ltr'>poterit.</span> <span class='ocrx_word' id='word_1_214' title='bbox 683 2291 816 2323; x_wconf 76' lang='lat' dir='ltr'>Salmas.</span> <span class='ocrx_word' id='word_1_215' title='bbox 863 2291 992 2331; x_wconf 80' lang='lat' dir='ltr'>Ingens]</span> 
     </span>
     <span class='ocr_line' id='line_1_43' title="bbox 294 2343 990 2384; baseline 0 -10"><span class='ocrx_word' id='word_1_216' title='bbox 294 2343 323 2375; x_wconf 85' lang='lat' dir='ltr'><strong>A</strong></span> <span class='ocrx_word' id='word_1_217' title='bbox 340 2343 420 2384; x_wconf 87' lang='lat' dir='ltr'>styli</span> <span class='ocrx_word' id='word_1_218' title='bbox 436 2344 643 2384; x_wconf 84' lang='lat' dir='ltr'>insurgentis</span> <span class='ocrx_word' id='word_1_219' title='bbox 666 2343 870 2384; x_wconf 81' lang='lat' dir='ltr'>granditate,</span> <span class='ocrx_word' id='word_1_220' title='bbox 887 2353 927 2373; x_wconf 89' lang='lat' dir='ltr'>au</span> <span class='ocrx_word' id='word_1_221' title='bbox 949 2343 990 2374; x_wconf 87' lang='lat' dir='ltr'>ab</span> 
     </span>
     <span class='ocr_line' id='line_1_44' title="bbox 291 2392 992 2434; baseline -0.003 -10"><span class='ocrx_word' id='word_1_222' title='bbox 291 2394 405 2434; x_wconf 86' lang='lat' dir='ltr'>operis</span> <span class='ocrx_word' id='word_1_223' title='bbox 422 2392 654 2434; x_wconf 84' lang='lat' dir='ltr'>magnitudine</span> <span class='ocrx_word' id='word_1_224' title='bbox 670 2398 705 2424; x_wconf 89' lang='lat' dir='ltr'>et</span> <span class='ocrx_word' id='word_1_225' title='bbox 722 2393 802 2424; x_wconf 90' lang='lat' dir='ltr'>libb.</span> <span class='ocrx_word' id='word_1_226' title='bbox 823 2396 894 2433; x_wconf 72' lang='grc'>140.</span> <span class='ocrx_word' id='word_1_227' title='bbox 910 2393 992 2423; x_wconf 90' lang='lat' dir='ltr'>mul-</span> 
     </span>
     <span class='ocr_line' id='line_1_45' title="bbox 292 2444 991 2485; baseline -0.001 -10"><span class='ocrx_word' id='word_1_228' title='bbox 292 2444 461 2475; x_wconf 83' lang='lat' dir='ltr'>titudine?</span> <span class='ocrx_word' id='word_1_229' title='bbox 503 2444 579 2475; x_wconf 86' lang='lat' dir='ltr'>vide</span> <span class='ocrx_word' id='word_1_230' title='bbox 610 2444 768 2476; x_wconf 84' lang='lat' dir='ltr'>Juvenal.</span> <span class='ocrx_word' id='word_1_231' title='bbox 806 2446 926 2485; x_wconf 85' lang='lat' dir='ltr'>Satyra</span> <span class='ocrx_word' id='word_1_232' title='bbox 959 2447 991 2474; x_wconf 82' lang='lat'>7.</span> 
     </span>
     <span class='ocr_line' id='line_1_46' title="bbox 293 2494 950 2535; baseline 0.002 -11"><span class='ocrx_word' id='word_1_233' title='bbox 293 2504 379 2525; x_wconf 79' lang='lat' dir='ltr'>vers.</span> <span class='ocrx_word' id='word_1_234' title='bbox 397 2498 450 2526; x_wconf 81' lang='grc'>98.</span> <span class='ocrx_word' id='word_1_235' title='bbox 476 2499 510 2525; x_wconf 74' lang='lat' dir='ltr'>et</span> <span class='ocrx_word' id='word_1_236' title='bbox 526 2494 710 2525; x_wconf 74' lang='grc' dir='ltr'>ἀντιτίθεται</span> <span class='ocrx_word' id='word_1_237' title='bbox 727 2496 769 2534; x_wconf 79' lang='grc' dir='ltr'>τῷ</span> <span class='ocrx_word' id='word_1_238' title='bbox 783 2494 950 2535; x_wconf 76' lang='lat' dir='ltr'>‘exiguis.&#39;</span> 
     </span>
    </p>

    <p class='ocr_par' dir='ltr' id='par_1_8' title="bbox 293 2545 994 2779">
     <span class='ocr_line' id='line_1_47' title="bbox 337 2545 994 2586; baseline 0.002 -12"><span class='ocrx_word' id='word_1_239' title='bbox 337 2545 441 2575; x_wconf 71' lang='lat' dir='ltr'>EPIG.</span> <span class='ocrx_word' id='word_1_240' title='bbox 466 2553 562 2576; x_wconf 81' lang='lat' dir='ltr'>cxci.</span> <span class='ocrx_word' id='word_1_241' title='bbox 596 2547 611 2574; x_wconf 94' lang='grc'>1</span> <span class='ocrx_word' id='word_1_242' title='bbox 638 2546 807 2576; x_wconf 76' lang='lat' dir='ltr'>Doctorum</span> <span class='ocrx_word' id='word_1_243' title='bbox 845 2545 994 2586; x_wconf 73' lang='lat' dir='ltr'>virorum]</span> 
     </span>
     <span class='ocr_line' id='line_1_48' title="bbox 294 2592 994 2628; baseline 0 -1"><span class='ocrx_word' id='word_1_244' title='bbox 294 2592 495 2627; x_wconf 85' lang='lat' dir='ltr'>Quintiliani</span> <span class='ocrx_word' id='word_1_245' title='bbox 521 2595 578 2626; x_wconf 91' lang='lat' dir='ltr'>lib.</span> <span class='ocrx_word' id='word_1_246' title='bbox 603 2598 635 2625; x_wconf 83' lang='lat'>2.</span> <span class='ocrx_word' id='word_1_247' title='bbox 661 2605 690 2626; x_wconf 85' lang='lat' dir='ltr'>c.</span> <span class='ocrx_word' id='word_1_248' title='bbox 716 2599 747 2626; x_wconf 83' lang='lat'>6.</span> <span class='ocrx_word' id='word_1_249' title='bbox 774 2601 808 2627; x_wconf 87' lang='lat' dir='ltr'>et</span> <span class='ocrx_word' id='word_1_250' title='bbox 834 2597 902 2628; x_wconf 64' lang='lat'>1.=4.</span> <span class='ocrx_word' id='word_1_251' title='bbox 919 2607 947 2627; x_wconf 95' lang='lat' dir='ltr'>c.</span> <span class='ocrx_word' id='word_1_252' title='bbox 963 2600 994 2627; x_wconf 86' lang='lat'>2.</span> 
     </span>
     <span class='ocr_line' id='line_1_49' title="bbox 293 2645 994 2678; baseline 0.004 -4"><span class='ocrx_word' id='word_1_253' title='bbox 293 2645 432 2675; x_wconf 80' lang='lat' dir='ltr'>Senecae</span> <span class='ocrx_word' id='word_1_254' title='bbox 450 2645 547 2676; x_wconf 83' lang='lat' dir='ltr'>Rliet.</span> <span class='ocrx_word' id='word_1_255' title='bbox 576 2646 596 2676; x_wconf 89' lang='lat' dir='ltr'>l.</span> <span class='ocrx_word' id='word_1_256' title='bbox 623 2648 656 2676; x_wconf 84' lang='lat'>3.</span> <span class='ocrx_word' id='word_1_257' title='bbox 682 2646 778 2677; x_wconf 85' lang='lat' dir='ltr'>Decl.</span> <span class='ocrx_word' id='word_1_258' title='bbox 803 2652 837 2677; x_wconf 89' lang='lat' dir='ltr'>et</span> <span class='ocrx_word' id='word_1_259' title='bbox 854 2647 994 2678; x_wconf 84' lang='lat' dir='ltr'>Contro-</span> 
     </span>
     <span class='ocr_line' id='line_1_50' title="bbox 297 2694 994 2729; baseline 0.009 -6"><span class='ocrx_word' id='word_1_260' title='bbox 297 2704 383 2724; x_wconf 83' lang='lat' dir='ltr'>vers.</span> <span class='ocrx_word' id='word_1_261' title='bbox 402 2698 453 2725; x_wconf 71' lang='lat'>25.</span> <span class='ocrx_word' id='word_1_262' title='bbox 471 2694 527 2725; x_wconf 92' lang='lat' dir='ltr'>lib.</span> <span class='ocrx_word' id='word_1_263' title='bbox 543 2699 574 2725; x_wconf 85' lang='lat'>5.</span> <span class='ocrx_word' id='word_1_264' title='bbox 600 2695 702 2726; x_wconf 90' lang='lat' dir='ltr'>Corn.</span> <span class='ocrx_word' id='word_1_265' title='bbox 729 2697 834 2728; x_wconf 79' lang='lat' dir='ltr'>Tacit.</span> <span class='ocrx_word' id='word_1_266' title='bbox 851 2700 880 2729; x_wconf 77' lang='lat'>3.</span> <span class='ocrx_word' id='word_1_267' title='bbox 905 2697 994 2729; x_wconf 79' lang='lat' dir='ltr'>Hist,</span> 
     </span>
     <span class='ocr_line' id='line_1_51' title="bbox 298 2746 767 2779; baseline 0.011 -5"><span class='ocrx_word' id='word_1_268' title='bbox 298 2746 387 2777; x_wconf 82' lang='lat' dir='ltr'>Vell.</span> <span class='ocrx_word' id='word_1_269' title='bbox 404 2748 537 2779; x_wconf 77' lang='lat' dir='ltr'>Patere.</span> <span class='ocrx_word' id='word_1_270' title='bbox 553 2747 640 2779; x_wconf 68' lang='lat' dir='ltr'>illst.</span> <span class='ocrx_word' id='word_1_271' title='bbox 661 2750 689 2777; x_wconf 83' lang='lat'>2.</span> <span class='ocrx_word' id='word_1_272' title='bbox 706 2749 767 2779; x_wconf 64' lang='lat' dir='ltr'>«Sec.</span> 
     </span>
    </p>
   </div>
   <div class='ocr_carea' id='block_1_3' title="bbox 748 182 1272 213">
    <p class='ocr_par' dir='ltr' id='par_1_9' title="bbox 748 182 1272 213">
     <span class='ocr_line' id='line_1_52' title="bbox 748 182 1272 213; baseline -0.002 0"><span class='ocrx_word' id='word_1_273' title='bbox 748 183 888 213; x_wconf 85' lang='lat' dir='ltr'><strong>NO&#39;I&#39;AE</strong></span> <span class='ocrx_word' id='word_1_274' title='bbox 924 182 1185 213; x_wconf 74' lang='lat' dir='ltr'>VARloRUM</span> <span class='ocrx_word' id='word_1_275' title='bbox 1225 183 1272 212; x_wconf 73' lang='grc' dir='ltr'>ΞΝ</span> 
     </span>
    </p>
   </div>
   <div class='ocr_carea' id='block_1_4' title="bbox 1031 272 1742 2790">
    <p class='ocr_par' dir='ltr' id='par_1_10' title="bbox 1031 272 1736 1109">
     <span class='ocr_line' id='line_1_53' title="bbox 1076 272 1731 313; baseline 0.003 -11"><span class='ocrx_word' id='word_1_276' title='bbox 1076 273 1181 303; x_wconf 78' lang='lat' dir='ltr'>Ei’io.</span> <span class='ocrx_word' id='word_1_277' title='bbox 1204 281 1319 303; x_wconf 76' lang='lat' dir='ltr'>cxcii.</span> <span class='ocrx_word' id='word_1_278' title='bbox 1347 275 1361 302; x_wconf 89' lang='lat'><em>1</em></span> <span class='ocrx_word' id='word_1_279' title='bbox 1387 272 1466 302; x_wconf 76' lang='lat' dir='ltr'>Iloec</span> <span class='ocrx_word' id='word_1_280' title='bbox 1478 272 1536 302; x_wconf 79' lang='lat' dir='ltr'>tibi</span> <span class='ocrx_word' id='word_1_281' title='bbox 1557 273 1731 313; x_wconf 70' lang='grc' dir='ltr'>τηιιὶίὶμὶὶοἱ,</span> 
     </span>
     <span class='ocr_line' id='line_1_54' title="bbox 1031 323 1730 363; baseline 0.001 -11"><span class='ocrx_word' id='word_1_282' title='bbox 1031 323 1100 362; x_wconf 49' lang='grc' dir='ltr'>ἐγὼ]</span> <span class='ocrx_word' id='word_1_283' title='bbox 1124 324 1269 353; x_wconf 84' lang='lat' dir='ltr'>Massam</span> <span class='ocrx_word' id='word_1_284' title='bbox 1296 328 1395 353; x_wconf 84' lang='lat' dir='ltr'>vocat</span> <span class='ocrx_word' id='word_1_285' title='bbox 1422 323 1590 362; x_wconf 78' lang='lat' dir='ltr'>integrum</span> <span class='ocrx_word' id='word_1_286' title='bbox 1607 333 1730 363; x_wconf 82' lang='lat' dir='ltr'>corpus</span> 
     </span>
     <span class='ocr_line' id='line_1_55' title="bbox 1032 373 1732 413; baseline 0 -9"><span class='ocrx_word' id='word_1_287' title='bbox 1032 374 1326 404; x_wconf 79' lang='lat' dir='ltr'>membranaceum</span> <span class='ocrx_word' id='word_1_288' title='bbox 1378 373 1559 413; x_wconf 80' lang='lat' dir='ltr'>multiplici</span> <span class='ocrx_word' id='word_1_289' title='bbox 1608 373 1732 404; x_wconf 80' lang='lat' dir='ltr'>tabella</span> 
     </span>
     <span class='ocr_line' id='line_1_56' title="bbox 1033 422 1730 464; baseline 0 -10"><span class='ocrx_word' id='word_1_290' title='bbox 1033 429 1211 455; x_wconf 88' lang='lat' dir='ltr'>structum.</span> <span class='ocrx_word' id='word_1_291' title='bbox 1244 424 1357 455; x_wconf 80' lang='lat' dir='ltr'>Graeei</span> <span class='ocrx_word' id='word_1_292' title='bbox 1375 422 1529 462; x_wconf 78' lang='grc' dir='ltr'>σωμάτιον</span> <span class='ocrx_word' id='word_1_293' title='bbox 1547 424 1730 464; x_wconf 79' lang='lat' dir='ltr'>appellant.</span> 
     </span>
     <span class='ocr_line' id='line_1_57' title="bbox 1033 472 1731 514; baseline -0.001 -11"><span class='ocrx_word' id='word_1_294' title='bbox 1033 472 1226 503; x_wconf 85' lang='lat' dir='ltr'>‘Tabellas’</span> <span class='ocrx_word' id='word_1_295' title='bbox 1251 478 1376 511; x_wconf 86' lang='lat' dir='ltr'>antem,</span> <span class='ocrx_word' id='word_1_296' title='bbox 1403 483 1444 503; x_wconf 84' lang='lat' dir='ltr'>ex</span> <span class='ocrx_word' id='word_1_297' title='bbox 1478 472 1598 514; x_wconf 84' lang='lat' dir='ltr'>quibus</span> <span class='ocrx_word' id='word_1_298' title='bbox 1625 477 1731 503; x_wconf 90' lang='lat' dir='ltr'>totum</span> 
     </span>
     <span class='ocr_line' id='line_1_58' title="bbox 1031 522 1733 564; baseline -0.001 -10"><span class='ocrx_word' id='word_1_299' title='bbox 1031 534 1154 564; x_wconf 84' lang='lat' dir='ltr'>corpus</span> <span class='ocrx_word' id='word_1_300' title='bbox 1171 523 1361 561; x_wconf 83' lang='lat' dir='ltr'>constabat,</span> <span class='ocrx_word' id='word_1_301' title='bbox 1387 523 1520 563; x_wconf 79' lang='lat' dir='ltr'>singula</span> <span class='ocrx_word' id='word_1_302' title='bbox 1535 522 1615 553; x_wconf 87' lang='lat' dir='ltr'>folia</span> <span class='ocrx_word' id='word_1_303' title='bbox 1633 531 1733 553; x_wconf 89' lang='lat' dir='ltr'>mem-</span> 
     </span>
     <span class='ocr_line' id='line_1_59' title="bbox 1034 573 1733 606; baseline -0.003 -1"><span class='ocrx_word' id='word_1_304' title='bbox 1034 575 1160 606; x_wconf 85' lang='lat' dir='ltr'>branea</span> <span class='ocrx_word' id='word_1_305' title='bbox 1179 585 1186 604; x_wconf 88' lang='grc'>;</span> <span class='ocrx_word' id='word_1_306' title='bbox 1213 575 1220 591; x_wconf 73' lang='lat'><em>⁴</em></span> <span class='ocrx_word' id='word_1_307' title='bbox 1238 573 1485 604; x_wconf 83' lang='lat' dir='ltr'>membranam’</span> <span class='ocrx_word' id='word_1_308' title='bbox 1515 574 1617 604; x_wconf 85' lang='lat' dir='ltr'>etiam</span> <span class='ocrx_word' id='word_1_309' title='bbox 1637 582 1733 604; x_wconf 90' lang='lat' dir='ltr'>voca·</span> 
     </span>
     <span class='ocr_line' id='line_1_60' title="bbox 1033 624 1734 665; baseline -0.003 -9"><span class='ocrx_word' id='word_1_310' title='bbox 1033 625 1127 665; x_wconf 81' lang='lat' dir='ltr'>bant,</span> <span class='ocrx_word' id='word_1_311' title='bbox 1150 630 1258 656; x_wconf 87' lang='lat' dir='ltr'>totum</span> <span class='ocrx_word' id='word_1_312' title='bbox 1281 634 1400 664; x_wconf 86' lang='lat' dir='ltr'>corpus</span> <span class='ocrx_word' id='word_1_313' title='bbox 1417 624 1710 654; x_wconf 84' lang='lat' dir='ltr'>membranaceum</span> <span class='ocrx_word' id='word_1_314' title='bbox 1727 634 1734 654; x_wconf 69' lang='grc' dir='ltr'><strong><em>ι</em></strong></span> 
     </span>
     <span class='ocr_line' id='line_1_61' title="bbox 1034 674 1733 715; baseline -0.001 -10"><span class='ocrx_word' id='word_1_315' title='bbox 1034 680 1071 706; x_wconf 90' lang='lat' dir='ltr'>nt</span> <span class='ocrx_word' id='word_1_316' title='bbox 1083 676 1171 706; x_wconf 89' lang='lat' dir='ltr'>idem</span> <span class='ocrx_word' id='word_1_317' title='bbox 1186 675 1241 707; x_wconf 89' lang='lat' dir='ltr'>lib.</span> <span class='ocrx_word' id='word_1_318' title='bbox 1258 678 1309 705; x_wconf 71' lang='lat'>14.</span> <span class='ocrx_word' id='word_1_319' title='bbox 1324 675 1441 715; x_wconf 83' lang='lat' dir='ltr'>Epigr.</span> <span class='ocrx_word' id='word_1_320' title='bbox 1459 677 1530 705; x_wconf 70' lang='lat'>388.</span> <span class='ocrx_word' id='word_1_321' title='bbox 1547 676 1555 690; x_wconf 91' lang='lat'>‘</span> <span class='ocrx_word' id='word_1_322' title='bbox 1571 674 1604 705; x_wconf 89' lang='lat' dir='ltr'>Si</span> <span class='ocrx_word' id='word_1_323' title='bbox 1621 684 1733 705; x_wconf 81' lang='lat' dir='ltr'>comes</span> 
     </span>
     <span class='ocr_line' id='line_1_62' title="bbox 1035 725 1733 764; baseline -0.006 -7"><span class='ocrx_word' id='word_1_324' title='bbox 1035 727 1101 758; x_wconf 87' lang='lat' dir='ltr'>ista</span> <span class='ocrx_word' id='word_1_325' title='bbox 1131 726 1194 757; x_wconf 90' lang='lat' dir='ltr'>tibi</span> <span class='ocrx_word' id='word_1_326' title='bbox 1225 725 1330 757; x_wconf 86' lang='lat' dir='ltr'>fuerit</span> <span class='ocrx_word' id='word_1_327' title='bbox 1366 725 1573 763; x_wconf 80' lang='lat' dir='ltr'>membrana,</span> <span class='ocrx_word' id='word_1_328' title='bbox 1612 728 1733 764; x_wconf 88' lang='lat' dir='ltr'>putato</span> 
     </span>
     <span class='ocr_line' id='line_1_63' title="bbox 1036 774 1734 816; baseline -0.004 -9"><span class='ocrx_word' id='word_1_329' title='bbox 1036 777 1186 816; x_wconf 81' lang='lat' dir='ltr'>Carpere</span> <span class='ocrx_word' id='word_1_330' title='bbox 1201 781 1234 807; x_wconf 92' lang='lat' dir='ltr'>te</span> <span class='ocrx_word' id='word_1_331' title='bbox 1247 777 1361 816; x_wconf 84' lang='lat' dir='ltr'>longas</span> <span class='ocrx_word' id='word_1_332' title='bbox 1373 785 1447 806; x_wconf 89' lang='lat' dir='ltr'>cnm</span> <span class='ocrx_word' id='word_1_333' title='bbox 1462 776 1625 806; x_wconf 84' lang='lat' dir='ltr'>Cicerone</span> <span class='ocrx_word' id='word_1_334' title='bbox 1640 774 1734 805; x_wconf 84' lang='lat' dir='ltr'>vias.’</span> 
     </span>
     <span class='ocr_line' id='line_1_64' title="bbox 1035 825 1735 865; baseline -0.003 -9"><span class='ocrx_word' id='word_1_335' title='bbox 1035 826 1101 857; x_wconf 91' lang='lat' dir='ltr'>Ubi</span> <span class='ocrx_word' id='word_1_336' title='bbox 1137 825 1404 857; x_wconf 87' lang='lat' dir='ltr'>‘membranam&#39;</span> <span class='ocrx_word' id='word_1_337' title='bbox 1441 826 1591 865; x_wconf 87' lang='lat' dir='ltr'>appellat</span> <span class='ocrx_word' id='word_1_338' title='bbox 1625 825 1735 855; x_wconf 86' lang='lat' dir='ltr'>onmia</span> 
     </span>
     <span class='ocr_line' id='line_1_65' title="bbox 1036 875 1734 916; baseline -0.001 -9"><span class='ocrx_word' id='word_1_339' title='bbox 1036 876 1207 907; x_wconf 84' lang='lat' dir='ltr'>Ciceronis</span> <span class='ocrx_word' id='word_1_340' title='bbox 1246 886 1351 916; x_wconf 72' lang='lat' dir='ltr'>opera</span> <span class='ocrx_word' id='word_1_341' title='bbox 1380 877 1412 906; x_wconf 92' lang='lat' dir='ltr'>in</span> <span class='ocrx_word' id='word_1_342' title='bbox 1450 876 1651 907; x_wconf 88' lang='lat' dir='ltr'>membranis</span> <span class='ocrx_word' id='word_1_343' title='bbox 1678 875 1734 906; x_wconf 85' lang='lat' dir='ltr'>de-</span> 
     </span>
     <span class='ocr_line' id='line_1_66' title="bbox 1035 926 1735 967; baseline 0.001 -11"><span class='ocrx_word' id='word_1_344' title='bbox 1035 927 1174 967; x_wconf 82' lang='lat' dir='ltr'>scripta,</span> <span class='ocrx_word' id='word_1_345' title='bbox 1204 932 1238 958; x_wconf 87' lang='lat' dir='ltr'>et</span> <span class='ocrx_word' id='word_1_346' title='bbox 1266 927 1298 956; x_wconf 92' lang='lat' dir='ltr'>in</span> <span class='ocrx_word' id='word_1_347' title='bbox 1325 937 1424 957; x_wconf 89' lang='lat' dir='ltr'>unum</span> <span class='ocrx_word' id='word_1_348' title='bbox 1442 936 1565 967; x_wconf 88' lang='lat' dir='ltr'>corpus</span> <span class='ocrx_word' id='word_1_349' title='bbox 1583 926 1735 957; x_wconf 80' lang='lat' dir='ltr'>redacta.</span> 
     </span>
     <span class='ocr_line' id='line_1_67' title="bbox 1036 977 1734 1017; baseline -0.001 -9"><span class='ocrx_word' id='word_1_350' title='bbox 1036 978 1093 1008; x_wconf 92' lang='lat' dir='ltr'>Sic</span> <span class='ocrx_word' id='word_1_351' title='bbox 1111 983 1144 1008; x_wconf 86' lang='lat' dir='ltr'>et</span> <span class='ocrx_word' id='word_1_352' title='bbox 1159 987 1219 1017; x_wconf 91' lang='lat' dir='ltr'>per</span> <span class='ocrx_word' id='word_1_353' title='bbox 1238 978 1247 994; x_wconf 88' lang='lat'>‘</span> <span class='ocrx_word' id='word_1_354' title='bbox 1260 978 1395 1017; x_wconf 78' lang='lat' dir='ltr'>Virgilii</span> <span class='ocrx_word' id='word_1_355' title='bbox 1410 977 1656 1008; x_wconf 86' lang='lat' dir='ltr'>membranam’</span> <span class='ocrx_word' id='word_1_356' title='bbox 1685 982 1734 1008; x_wconf 88' lang='lat' dir='ltr'>to-</span> 
     </span>
     <span class='ocr_line' id='line_1_68' title="bbox 1038 1028 1736 1069; baseline -0.003 -9"><span class='ocrx_word' id='word_1_357' title='bbox 1038 1034 1104 1060; x_wconf 86' lang='lat' dir='ltr'>tam</span> <span class='ocrx_word' id='word_1_358' title='bbox 1121 1029 1257 1069; x_wconf 84' lang='lat' dir='ltr'>Virgilii</span> <span class='ocrx_word' id='word_1_359' title='bbox 1275 1028 1447 1060; x_wconf 79' lang='lat' dir='ltr'>AEneidem</span> <span class='ocrx_word' id='word_1_360' title='bbox 1465 1028 1637 1068; x_wconf 82' lang='lat' dir='ltr'>intelligit.</span> <span class='ocrx_word' id='word_1_361' title='bbox 1667 1028 1736 1059; x_wconf 80' lang='lat' dir='ltr'>Sal-</span> 
     </span>
     <span class='ocr_line' id='line_1_69' title="bbox 1037 1089 1111 1109; baseline 0 0"><span class='ocrx_word' id='word_1_362' title='bbox 1037 1089 1111 1109; x_wconf 81' lang='lat' dir='ltr'>mas.</span> 
     </span>
    </p>

    <p class='ocr_par' dir='ltr' id='par_1_11' title="bbox 1037 1130 1735 1221">
     <span class='ocr_line' id='line_1_70' title="bbox 1080 1130 1735 1170; baseline 0.003 -11"><span class='ocrx_word' id='word_1_363' title='bbox 1080 1131 1099 1159; x_wconf 84' lang='lat'>2</span> <span class='ocrx_word' id='word_1_364' title='bbox 1125 1130 1284 1168; x_wconf 73' lang='lat' dir='ltr'>Carmina,</span> <span class='ocrx_word' id='word_1_365' title='bbox 1306 1130 1372 1170; x_wconf 61' lang='lat' dir='ltr'>Era]</span> <span class='ocrx_word' id='word_1_366' title='bbox 1404 1130 1522 1161; x_wconf 78' lang='lat' dir='ltr'>Libros</span> <span class='ocrx_word' id='word_1_367' title='bbox 1548 1134 1597 1162; x_wconf 88' lang='lat'>15.</span> <span class='ocrx_word' id='word_1_368' title='bbox 1623 1130 1735 1161; x_wconf 81' lang='lat' dir='ltr'>Meta-</span> 
     </span>
     <span class='ocr_line' id='line_1_71' title="bbox 1037 1181 1167 1221; baseline 0.023 -11"><span class='ocrx_word' id='word_1_369' title='bbox 1037 1181 1167 1221; x_wconf 87' lang='lat' dir='ltr'>morpb.</span> 
     </span>
    </p>

    <p class='ocr_par' dir='ltr' id='par_1_12' title="bbox 1037 1232 1740 1768">
     <span class='ocr_line' id='line_1_72' title="bbox 1079 1232 1734 1264; baseline 0.002 -2"><span class='ocrx_word' id='word_1_370' title='bbox 1079 1232 1184 1263; x_wconf 76' lang='lat' dir='ltr'>prc.</span> <span class='ocrx_word' id='word_1_371' title='bbox 1202 1242 1328 1263; x_wconf 76' lang='lat' dir='ltr'>exem.</span> <span class='ocrx_word' id='word_1_372' title='bbox 1351 1232 1489 1264; x_wconf 88' lang='lat' dir='ltr'>Amavit</span> <span class='ocrx_word' id='word_1_373' title='bbox 1504 1233 1654 1263; x_wconf 85' lang='lat' dir='ltr'>Tibullus</span> <span class='ocrx_word' id='word_1_374' title='bbox 1669 1233 1734 1263; x_wconf 86' lang='lat' dir='ltr'>De-</span> 
     </span>
     <span class='ocr_line' id='line_1_73' title="bbox 1037 1280 1735 1322; baseline 0.004 -12"><span class='ocrx_word' id='word_1_375' title='bbox 1037 1280 1129 1320; x_wconf 90' lang='lat' dir='ltr'>liam,</span> <span class='ocrx_word' id='word_1_376' title='bbox 1155 1292 1254 1322; x_wconf 86' lang='lat' dir='ltr'>qnam</span> <span class='ocrx_word' id='word_1_377' title='bbox 1272 1282 1436 1322; x_wconf 83' lang='lat' dir='ltr'>Apuleius</span> <span class='ocrx_word' id='word_1_378' title='bbox 1462 1283 1616 1313; x_wconf 89' lang='lat' dir='ltr'>Planiam</span> <span class='ocrx_word' id='word_1_379' title='bbox 1633 1283 1735 1313; x_wconf 86' lang='lat' dir='ltr'>fuisse</span> 
     </span>
     <span class='ocr_line' id='line_1_74' title="bbox 1037 1330 1737 1374; baseline 0.003 -13"><span class='ocrx_word' id='word_1_380' title='bbox 1037 1330 1143 1362; x_wconf 88' lang='lat' dir='ltr'>dicit:</span> <span class='ocrx_word' id='word_1_381' title='bbox 1171 1332 1331 1362; x_wconf 79' lang='lat' dir='ltr'>Nemesin</span> <span class='ocrx_word' id='word_1_382' title='bbox 1345 1333 1438 1371; x_wconf 88' lang='lat' dir='ltr'>item,</span> <span class='ocrx_word' id='word_1_383' title='bbox 1456 1343 1553 1373; x_wconf 87' lang='lat' dir='ltr'>quam</span> <span class='ocrx_word' id='word_1_384' title='bbox 1566 1334 1737 1374; x_wconf 78' lang='lat' dir='ltr'>Glyceren</span> 
     </span>
     <span class='ocr_line' id='line_1_75' title="bbox 1039 1381 1737 1422; baseline 0.006 -12"><span class='ocrx_word' id='word_1_385' title='bbox 1039 1386 1116 1411; x_wconf 87' lang='lat' dir='ltr'>sunt</span> <span class='ocrx_word' id='word_1_386' title='bbox 1143 1381 1198 1421; x_wconf 89' lang='lat' dir='ltr'>qni</span> <span class='ocrx_word' id='word_1_387' title='bbox 1223 1382 1263 1412; x_wconf 89' lang='lat' dir='ltr'>ab</span> <span class='ocrx_word' id='word_1_388' title='bbox 1292 1382 1438 1412; x_wconf 86' lang='lat' dir='ltr'>Horatio</span> <span class='ocrx_word' id='word_1_389' title='bbox 1454 1383 1660 1422; x_wconf 85' lang='lat' dir='ltr'>appellatam</span> <span class='ocrx_word' id='word_1_390' title='bbox 1682 1393 1737 1413; x_wconf 88' lang='lat' dir='ltr'>ve-</span> 
     </span>
     <span class='ocr_line' id='line_1_76' title="bbox 1039 1431 1738 1473; baseline 0.006 -13"><span class='ocrx_word' id='word_1_391' title='bbox 1039 1431 1103 1461; x_wconf 89' lang='lat' dir='ltr'>lint</span> <span class='ocrx_word' id='word_1_392' title='bbox 1119 1442 1127 1468; x_wconf 90' lang='lat'>;</span> <span class='ocrx_word' id='word_1_393' title='bbox 1144 1431 1223 1461; x_wconf 83' lang='lat' dir='ltr'>item</span> <span class='ocrx_word' id='word_1_394' title='bbox 1238 1432 1410 1470; x_wconf 78' lang='lat' dir='ltr'>Neaeram,</span> <span class='ocrx_word' id='word_1_395' title='bbox 1426 1437 1458 1463; x_wconf 89' lang='lat' dir='ltr'>et</span> <span class='ocrx_word' id='word_1_396' title='bbox 1470 1433 1738 1473; x_wconf 78' lang='lat' dir='ltr'>Sulpitiam,&amp;c.</span> 
     </span>
     <span class='ocr_line' id='line_1_77' title="bbox 1039 1481 1737 1524; baseline 0.004 -13"><span class='ocrx_word' id='word_1_397' title='bbox 1039 1481 1181 1521; x_wconf 79' lang='lat' dir='ltr'>Gyrald.</span> <span class='ocrx_word' id='word_1_398' title='bbox 1208 1481 1250 1512; x_wconf 87' lang='lat' dir='ltr'>de</span> <span class='ocrx_word' id='word_1_399' title='bbox 1288 1482 1389 1514; x_wconf 78' lang='lat' dir='ltr'>Poe&#39;t.</span> <span class='ocrx_word' id='word_1_400' title='bbox 1430 1482 1520 1513; x_wconf 82' lang='lat' dir='ltr'>Hist.</span> <span class='ocrx_word' id='word_1_401' title='bbox 1546 1483 1680 1524; x_wconf 85' lang='lat' dir='ltr'>Dialog.</span> <span class='ocrx_word' id='word_1_402' title='bbox 1706 1486 1737 1514; x_wconf 67' lang='lat'>4.</span> 
     </span>
     <span class='ocr_line' id='line_1_78' title="bbox 1039 1532 1738 1574; baseline 0.003 -12"><span class='ocrx_word' id='word_1_403' title='bbox 1039 1532 1178 1563; x_wconf 89' lang='lat' dir='ltr'>Tribuit</span> <span class='ocrx_word' id='word_1_404' title='bbox 1195 1537 1306 1563; x_wconf 86' lang='lat' dir='ltr'>autem</span> <span class='ocrx_word' id='word_1_405' title='bbox 1325 1533 1436 1564; x_wconf 82' lang='lat' dir='ltr'>Deliae</span> <span class='ocrx_word' id='word_1_406' title='bbox 1454 1533 1634 1571; x_wconf 83' lang='lat' dir='ltr'>Martialis,</span> <span class='ocrx_word' id='word_1_407' title='bbox 1650 1534 1738 1574; x_wconf 87' lang='lat' dir='ltr'>quod</span> 
     </span>
     <span class='ocr_line' id='line_1_79' title="bbox 1039 1583 1737 1624; baseline 0.004 -12"><span class='ocrx_word' id='word_1_408' title='bbox 1039 1583 1193 1613; x_wconf 82' lang='lat' dir='ltr'>Tibullus</span> <span class='ocrx_word' id='word_1_409' title='bbox 1231 1583 1381 1621; x_wconf 87' lang='lat' dir='ltr'>Nemesi,</span> <span class='ocrx_word' id='word_1_410' title='bbox 1408 1583 1492 1614; x_wconf 87' lang='lat' dir='ltr'>libro</span> <span class='ocrx_word' id='word_1_411' title='bbox 1529 1586 1557 1614; x_wconf 89' lang='lat'>1.</span> <span class='ocrx_word' id='word_1_412' title='bbox 1584 1584 1681 1624; x_wconf 80' lang='lat' dir='ltr'>Eleg.</span> <span class='ocrx_word' id='word_1_413' title='bbox 1707 1588 1737 1615; x_wconf 91' lang='lat'>5.</span> 
     </span>
     <span class='ocr_line' id='line_1_80' title="bbox 1039 1635 1739 1676; baseline 0.001 -11"><span class='ocrx_word' id='word_1_414' title='bbox 1039 1635 1126 1666; x_wconf 85' lang='lat' dir='ltr'>‘Illa</span> <span class='ocrx_word' id='word_1_415' title='bbox 1155 1641 1249 1676; x_wconf 63' lang='lat' dir='ltr'>rogat</span> <span class='ocrx_word' id='word_1_416' title='bbox 1280 1641 1436 1674; x_wconf 85' lang='lat' dir='ltr'>cunctos,</span> <span class='ocrx_word' id='word_1_417' title='bbox 1461 1636 1507 1666; x_wconf 92' lang='lat' dir='ltr'>illi</span> <span class='ocrx_word' id='word_1_418' title='bbox 1530 1636 1598 1667; x_wconf 88' lang='lat' dir='ltr'>sint</span> <span class='ocrx_word' id='word_1_419' title='bbox 1628 1637 1739 1667; x_wconf 86' lang='lat' dir='ltr'>omnia</span> 
     </span>
     <span class='ocr_line' id='line_1_81' title="bbox 1039 1687 1740 1727; baseline 0.001 -11"><span class='ocrx_word' id='word_1_420' title='bbox 1039 1696 1143 1724; x_wconf 83' lang='lat' dir='ltr'>curae,</span> <span class='ocrx_word' id='word_1_421' title='bbox 1160 1687 1204 1717; x_wconf 89' lang='lat' dir='ltr'>Et</span> <span class='ocrx_word' id='word_1_422' title='bbox 1225 1687 1328 1727; x_wconf 81' lang='lat' dir='ltr'>juvet</span> <span class='ocrx_word' id='word_1_423' title='bbox 1352 1687 1385 1717; x_wconf 89' lang='lat' dir='ltr'>in</span> <span class='ocrx_word' id='word_1_424' title='bbox 1403 1691 1475 1717; x_wconf 86' lang='lat' dir='ltr'>tota</span> <span class='ocrx_word' id='word_1_425' title='bbox 1493 1696 1545 1717; x_wconf 89' lang='lat' dir='ltr'>me</span> <span class='ocrx_word' id='word_1_426' title='bbox 1568 1687 1650 1718; x_wconf 89' lang='lat' dir='ltr'>nihil</span> <span class='ocrx_word' id='word_1_427' title='bbox 1668 1696 1740 1717; x_wconf 88' lang='lat' dir='ltr'>esse</span> 
     </span>
     <span class='ocr_line' id='line_1_82' title="bbox 1040 1736 1161 1768; baseline 0.017 -2"><span class='ocrx_word' id='word_1_428' title='bbox 1040 1736 1161 1768; x_wconf 53' lang='lat' dir='ltr'>domo?</span> 
     </span>
    </p>

    <p class='ocr_par' dir='ltr' id='par_1_13' title="bbox 1039 1788 1742 1969">
     <span class='ocr_line' id='line_1_83' title="bbox 1085 1788 1739 1828; baseline -0.002 -10"><span class='ocrx_word' id='word_1_429' title='bbox 1085 1789 1190 1820; x_wconf 82' lang='lat' dir='ltr'>EP1G.</span> <span class='ocrx_word' id='word_1_430' title='bbox 1218 1798 1342 1820; x_wconf 74' lang='lat' dir='ltr'>cxciv.</span> <span class='ocrx_word' id='word_1_431' title='bbox 1368 1791 1383 1819; x_wconf 92' lang='lat' dir='ltr'>l</span> <span class='ocrx_word' id='word_1_432' title='bbox 1403 1788 1485 1819; x_wconf 80' lang='lat' dir='ltr'>Sunt</span> <span class='ocrx_word' id='word_1_433' title='bbox 1514 1789 1648 1828; x_wconf 73' lang='lat' dir='ltr'>quidam,</span> <span class='ocrx_word' id='word_1_434' title='bbox 1672 1788 1739 1828; x_wconf 50' lang='grc' dir='ltr'>ἐξα]</span> 
     </span>
     <span class='ocr_line' id='line_1_84' title="bbox 1040 1838 1740 1879; baseline 0 -11"><span class='ocrx_word' id='word_1_435' title='bbox 1040 1839 1151 1877; x_wconf 76' lang='lat' dir='ltr'>Magis</span> <span class='ocrx_word' id='word_1_436' title='bbox 1168 1839 1364 1869; x_wconf 87' lang='lat' dir='ltr'>oratoribus</span> <span class='ocrx_word' id='word_1_437' title='bbox 1381 1848 1480 1879; x_wconf 85' lang='lat' dir='ltr'>qnam</span> <span class='ocrx_word' id='word_1_438' title='bbox 1509 1839 1620 1878; x_wconf 73' lang='lat' dir='ltr'>poetis</span> <span class='ocrx_word' id='word_1_439' title='bbox 1637 1838 1740 1869; x_wconf 89' lang='lat' dir='ltr'>adnu-</span> 
     </span>
     <span class='ocr_line' id='line_1_85' title="bbox 1039 1888 1742 1928; baseline 0.003 -11"><span class='ocrx_word' id='word_1_440' title='bbox 1039 1893 1150 1918; x_wconf 84' lang='lat' dir='ltr'>merat</span> <span class='ocrx_word' id='word_1_441' title='bbox 1168 1897 1243 1918; x_wconf 85' lang='lat' dir='ltr'>euni</span> <span class='ocrx_word' id='word_1_442' title='bbox 1260 1888 1383 1919; x_wconf 85' lang='lat' dir='ltr'>Fabius</span> <span class='ocrx_word' id='word_1_443' title='bbox 1397 1898 1472 1928; x_wconf 84' lang='lat' dir='ltr'>cap.</span> <span class='ocrx_word' id='word_1_444' title='bbox 1486 1890 1515 1918; x_wconf 89' lang='lat'>1.</span> <span class='ocrx_word' id='word_1_445' title='bbox 1534 1888 1590 1919; x_wconf 88' lang='lat' dir='ltr'>lib.</span> <span class='ocrx_word' id='word_1_446' title='bbox 1612 1891 1662 1920; x_wconf 91' lang='grc'>10.</span> <span class='ocrx_word' id='word_1_447' title='bbox 1680 1889 1742 1920; x_wconf 84' lang='lat' dir='ltr'>liis·</span> 
     </span>
     <span class='ocr_line' id='line_1_86' title="bbox 1041 1937 1237 1969; baseline 0.005 -2"><span class='ocrx_word' id='word_1_448' title='bbox 1041 1937 1152 1967; x_wconf 84' lang='lat' dir='ltr'>toricis</span> <span class='ocrx_word' id='word_1_449' title='bbox 1170 1938 1237 1969; x_wconf 86' lang='lat' dir='ltr'>alii.</span> 
     </span>
    </p>

    <p class='ocr_par' dir='ltr' id='par_1_14' title="bbox 1039 1989 1741 2132">
     <span class='ocr_line' id='line_1_87' title="bbox 1082 1989 1741 2030; baseline 0 -11"><span class='ocrx_word' id='word_1_450' title='bbox 1082 1992 1101 2019; x_wconf 86' lang='lat'><strong>2</strong></span> <span class='ocrx_word' id='word_1_451' title='bbox 1124 1989 1240 2028; x_wconf 76' lang='lat' dir='ltr'>Putat]</span> <span class='ocrx_word' id='word_1_452' title='bbox 1265 1990 1347 2020; x_wconf 84' lang='lat' dir='ltr'>Tum</span> <span class='ocrx_word' id='word_1_453' title='bbox 1371 1990 1449 2030; x_wconf 88' lang='lat' dir='ltr'>quia</span> <span class='ocrx_word' id='word_1_454' title='bbox 1473 2000 1573 2020; x_wconf 82' lang='lat' dir='ltr'>versu</span> <span class='ocrx_word' id='word_1_455' title='bbox 1595 1989 1741 2029; x_wconf 89' lang='lat' dir='ltr'>scriptus</span> 
     </span>
     <span class='ocr_line' id='line_1_88' title="bbox 1039 2041 1740 2082; baseline -0.001 -10"><span class='ocrx_word' id='word_1_456' title='bbox 1039 2052 1124 2081; x_wconf 86' lang='lat' dir='ltr'>snm,</span> <span class='ocrx_word' id='word_1_457' title='bbox 1141 2046 1210 2072; x_wconf 86' lang='lat' dir='ltr'>tum</span> <span class='ocrx_word' id='word_1_458' title='bbox 1229 2043 1306 2082; x_wconf 83' lang='lat' dir='ltr'>qnia</span> <span class='ocrx_word' id='word_1_459' title='bbox 1329 2042 1523 2081; x_wconf 77' lang='lat' dir='ltr'>vendibilis,</span> <span class='ocrx_word' id='word_1_460' title='bbox 1539 2047 1574 2072; x_wconf 89' lang='lat' dir='ltr'>et</span> <span class='ocrx_word' id='word_1_461' title='bbox 1589 2041 1740 2072; x_wconf 87' lang='lat' dir='ltr'>manibus</span> 
     </span>
     <span class='ocr_line' id='line_1_89' title="bbox 1040 2092 1639 2132; baseline 0.002 -11"><span class='ocrx_word' id='word_1_462' title='bbox 1040 2092 1210 2122; x_wconf 87' lang='lat' dir='ltr'>hominnm</span> <span class='ocrx_word' id='word_1_463' title='bbox 1229 2092 1363 2122; x_wconf 78' lang='lat' dir='ltr'>assidue</span> <span class='ocrx_word' id='word_1_464' title='bbox 1382 2093 1507 2122; x_wconf 82' lang='lat' dir='ltr'>versari</span> <span class='ocrx_word' id='word_1_465' title='bbox 1526 2096 1639 2132; x_wconf 81' lang='lat' dir='ltr'>pnlat.</span> 
     </span>
    </p>

    <p class='ocr_par' dir='ltr' id='par_1_15' title="bbox 1039 2143 1742 2276">
     <span class='ocr_line' id='line_1_90' title="bbox 1087 2143 1741 2182; baseline -0.002 -9"><span class='ocrx_word' id='word_1_466' title='bbox 1087 2143 1194 2173; x_wconf 86' lang='lat' dir='ltr'>EP1G.</span> <span class='ocrx_word' id='word_1_467' title='bbox 1210 2152 1315 2174; x_wconf 69' lang='lat' dir='ltr'>cxcv,</span> <span class='ocrx_word' id='word_1_468' title='bbox 1341 2146 1353 2172; x_wconf 87' lang='lat'>1</span> <span class='ocrx_word' id='word_1_469' title='bbox 1382 2143 1513 2173; x_wconf 78' lang='lat' dir='ltr'>Tantum</span> <span class='ocrx_word' id='word_1_470' title='bbox 1525 2163 1532 2171; x_wconf 87' lang='lat'>.</span> <span class='ocrx_word' id='word_1_471' title='bbox 1547 2165 1554 2173; x_wconf 83' lang='lat'>.</span> <span class='ocrx_word' id='word_1_472' title='bbox 1570 2143 1741 2182; x_wconf 70' lang='lat' dir='ltr'>Quantum]</span> 
     </span>
     <span class='ocr_line' id='line_1_91' title="bbox 1042 2193 1742 2234; baseline 0.003 -10"><span class='ocrx_word' id='word_1_473' title='bbox 1042 2194 1226 2233; x_wconf 85' lang='lat' dir='ltr'>Elegantes</span> <span class='ocrx_word' id='word_1_474' title='bbox 1257 2193 1492 2224; x_wconf 79' lang='lat' dir='ltr'>Antitlieseis:</span> <span class='ocrx_word' id='word_1_475' title='bbox 1527 2193 1603 2224; x_wconf 89' lang='lat' dir='ltr'>vide</span> <span class='ocrx_word' id='word_1_476' title='bbox 1623 2194 1742 2234; x_wconf 76' lang='lat' dir='ltr'>Epigr-</span> 
     </span>
     <span class='ocr_line' id='line_1_92' title="bbox 1039 2245 1210 2276; baseline -0.006 -1"><span class='ocrx_word' id='word_1_477' title='bbox 1039 2248 1090 2276; x_wconf 79' lang='lat'>62.</span> <span class='ocrx_word' id='word_1_478' title='bbox 1109 2245 1164 2275; x_wconf 88' lang='lat' dir='ltr'>lib.</span> <span class='ocrx_word' id='word_1_479' title='bbox 1183 2247 1210 2275; x_wconf 93' lang='grc'>1.</span> 
     </span>
    </p>

    <p class='ocr_par' dir='ltr' id='par_1_16' title="bbox 1040 2294 1742 2790">
     <span class='ocr_line' id='line_1_93' title="bbox 1082 2294 1739 2334; baseline 0 -9"><span class='ocrx_word' id='word_1_480' title='bbox 1082 2296 1188 2327; x_wconf 75' lang='lat' dir='ltr'>EPIG.</span> <span class='ocrx_word' id='word_1_481' title='bbox 1208 2303 1329 2327; x_wconf 82' lang='lat' dir='ltr'>cxcvi.</span> <span class='ocrx_word' id='word_1_482' title='bbox 1353 2298 1365 2325; x_wconf 90' lang='lat' dir='ltr'>l</span> <span class='ocrx_word' id='word_1_483' title='bbox 1390 2296 1468 2330; x_wconf 77' lang='lat' dir='ltr'>Quae</span> <span class='ocrx_word' id='word_1_484' title='bbox 1486 2294 1616 2334; x_wconf 76' lang='lat' dir='ltr'>suerunt</span> <span class='ocrx_word' id='word_1_485' title='bbox 1640 2296 1739 2326; x_wconf 79' lang='lat' dir='ltr'>calda-</span> 
     </span>
     <span class='ocr_line' id='line_1_94' title="bbox 1040 2346 1740 2386; baseline 0 -10"><span class='ocrx_word' id='word_1_486' title='bbox 1040 2347 1123 2386; x_wconf 83' lang='lat' dir='ltr'>rum]</span> <span class='ocrx_word' id='word_1_487' title='bbox 1150 2346 1193 2376; x_wconf 83' lang='lat' dir='ltr'>Et</span> <span class='ocrx_word' id='word_1_488' title='bbox 1216 2347 1278 2377; x_wconf 88' lang='lat' dir='ltr'>hoc</span> <span class='ocrx_word' id='word_1_489' title='bbox 1306 2350 1341 2377; x_wconf 90' lang='lat' dir='ltr'>et</span> <span class='ocrx_word' id='word_1_490' title='bbox 1368 2346 1630 2386; x_wconf 84' lang='lat' dir='ltr'>inscriptionem</span> <span class='ocrx_word' id='word_1_491' title='bbox 1648 2346 1740 2386; x_wconf 78' lang='lat' dir='ltr'>(qnae</span> 
     </span>
     <span class='ocr_line' id='line_1_95' title="bbox 1041 2396 1741 2437; baseline 0 -10"><span class='ocrx_word' id='word_1_492' title='bbox 1041 2397 1153 2427; x_wconf 86' lang='lat' dir='ltr'>fuerat</span> <span class='ocrx_word' id='word_1_493' title='bbox 1170 2398 1270 2427; x_wconf 75' lang='lat' dir='ltr'>Calda</span> <span class='ocrx_word' id='word_1_494' title='bbox 1285 2400 1314 2427; x_wconf 81' lang='lat' dir='ltr'>et</span> <span class='ocrx_word' id='word_1_495' title='bbox 1323 2396 1451 2436; x_wconf 77' lang='lat' dir='ltr'>frigida</span> <span class='ocrx_word' id='word_1_496' title='bbox 1466 2396 1560 2437; x_wconf 79' lang='lat' dir='ltr'>aqim)</span> <span class='ocrx_word' id='word_1_497' title='bbox 1577 2397 1741 2437; x_wconf 81' lang='lat' dir='ltr'>praeclare</span> 
     </span>
     <span class='ocr_line' id='line_1_96' title="bbox 1040 2447 1742 2488; baseline -0.001 -10"><span class='ocrx_word' id='word_1_498' title='bbox 1040 2447 1237 2478; x_wconf 86' lang='lat' dir='ltr'>emendavit</span> <span class='ocrx_word' id='word_1_499' title='bbox 1262 2457 1304 2478; x_wconf 83' lang='lat' dir='ltr'>ex</span> <span class='ocrx_word' id='word_1_500' title='bbox 1329 2452 1404 2488; x_wconf 85' lang='lat' dir='ltr'>opt.</span> <span class='ocrx_word' id='word_1_501' title='bbox 1427 2447 1484 2478; x_wconf 90' lang='lat' dir='ltr'>lib.</span> <span class='ocrx_word' id='word_1_502' title='bbox 1511 2451 1540 2478; x_wconf 94' lang='lat' dir='ltr'>l.</span> <span class='ocrx_word' id='word_1_503' title='bbox 1563 2447 1742 2485; x_wconf 75' lang='lat' dir='ltr'>Gruterus,</span> 
     </span>
     <span class='ocr_line' id='line_1_97' title="bbox 1044 2497 1740 2538; baseline -0.001 -9"><span class='ocrx_word' id='word_1_504' title='bbox 1044 2497 1218 2529; x_wconf 83' lang='lat' dir='ltr'>coufessus</span> <span class='ocrx_word' id='word_1_505' title='bbox 1237 2503 1362 2537; x_wconf 85' lang='lat' dir='ltr'>tamen,</span> <span class='ocrx_word' id='word_1_506' title='bbox 1380 2497 1526 2528; x_wconf 84' lang='lat' dir='ltr'>nondum</span> <span class='ocrx_word' id='word_1_507' title='bbox 1543 2498 1591 2528; x_wconf 88' lang='lat' dir='ltr'>sic</span> <span class='ocrx_word' id='word_1_508' title='bbox 1609 2507 1740 2538; x_wconf 82' lang='lat' dir='ltr'>quoque</span> 
     </span>
     <span class='ocr_line' id='line_1_98' title="bbox 1043 2546 1738 2587; baseline -0.003 -8"><span class='ocrx_word' id='word_1_509' title='bbox 1043 2548 1154 2579; x_wconf 87' lang='lat' dir='ltr'>omnia</span> <span class='ocrx_word' id='word_1_510' title='bbox 1177 2557 1249 2578; x_wconf 81' lang='lat' dir='ltr'>esse</span> <span class='ocrx_word' id='word_1_511' title='bbox 1280 2551 1500 2587; x_wconf 85' lang='lat' dir='ltr'>perpurgata.</span> <span class='ocrx_word' id='word_1_512' title='bbox 1545 2547 1586 2577; x_wconf 90' lang='lat' dir='ltr'>In</span> <span class='ocrx_word' id='word_1_513' title='bbox 1613 2546 1738 2577; x_wconf 89' lang='lat' dir='ltr'>eisdem</span> 
     </span>
     <span class='ocr_line' id='line_1_99' title="bbox 1042 2598 1741 2637; baseline -0.001 -8"><span class='ocrx_word' id='word_1_514' title='bbox 1042 2599 1135 2629; x_wconf 86' lang='lat' dir='ltr'>libris</span> <span class='ocrx_word' id='word_1_515' title='bbox 1163 2599 1358 2637; x_wconf 83' lang='lat' dir='ltr'>legebatur:</span> <span class='ocrx_word' id='word_1_516' title='bbox 1396 2599 1470 2629; x_wconf 80' lang='lat' dir='ltr'>Visa</span> <span class='ocrx_word' id='word_1_517' title='bbox 1496 2599 1569 2629; x_wconf 76' lang='lat' dir='ltr'>suis.</span> <span class='ocrx_word' id='word_1_518' title='bbox 1615 2598 1741 2629; x_wconf 88' lang='lat' dir='ltr'>Scribi-</span> 
     </span>
     <span class='ocr_line' id='line_1_100' title="bbox 1043 2648 1741 2688; baseline -0.001 -10"><span class='ocrx_word' id='word_1_519' title='bbox 1043 2659 1115 2679; x_wconf 88' lang='lat' dir='ltr'>mus</span> <span class='ocrx_word' id='word_1_520' title='bbox 1133 2649 1256 2688; x_wconf 79' lang='lat' dir='ltr'>igitur:</span> <span class='ocrx_word' id='word_1_521' title='bbox 1289 2649 1362 2679; x_wconf 81' lang='lat' dir='ltr'>Visa</span> <span class='ocrx_word' id='word_1_522' title='bbox 1377 2649 1441 2678; x_wconf 82' lang='lat' dir='ltr'>suis</span> <span class='ocrx_word' id='word_1_523' title='bbox 1455 2648 1562 2679; x_wconf 76' lang='lat' dir='ltr'>melius</span> <span class='ocrx_word' id='word_1_524' title='bbox 1573 2648 1677 2678; x_wconf 78' lang='lat' dir='ltr'>charta</span> <span class='ocrx_word' id='word_1_525' title='bbox 1691 2658 1741 2678; x_wconf 82' lang='grc' dir='ltr'>ηυ-</span> 
     </span>
     <span class='ocr_line' id='line_1_101' title="bbox 1043 2698 1740 2738; baseline 0 -9"><span class='ocrx_word' id='word_1_526' title='bbox 1043 2700 1120 2729; x_wconf 71' lang='lat' dir='ltr'>tamt</span> <span class='ocrx_word' id='word_1_527' title='bbox 1138 2709 1252 2738; x_wconf 69' lang='lat' dir='ltr'>inlitus:</span> <span class='ocrx_word' id='word_1_528' title='bbox 1278 2699 1309 2729; x_wconf 87' lang='lat' dir='ltr'>id</span> <span class='ocrx_word' id='word_1_529' title='bbox 1338 2703 1410 2729; x_wconf 78' lang='lat' dir='ltr'>est:</span> <span class='ocrx_word' id='word_1_530' title='bbox 1435 2698 1506 2728; x_wconf 89' lang='lat' dir='ltr'>Tibi</span> <span class='ocrx_word' id='word_1_531' title='bbox 1524 2698 1688 2729; x_wconf 79' lang='lat' dir='ltr'>notandas</span> <span class='ocrx_word' id='word_1_532' title='bbox 1706 2704 1740 2729; x_wconf 85' lang='lat' dir='ltr'>et</span> 
     </span>
     <span class='ocr_line' id='line_1_102' title="bbox 1046 2748 1738 2790; baseline -0.003 -10"><span class='ocrx_word' id='word_1_533' title='bbox 1046 2749 1280 2788; x_wconf 77' lang='lat' dir='ltr'>intelligendas</span> <span class='ocrx_word' id='word_1_534' title='bbox 1299 2749 1394 2780; x_wconf 82' lang='lat' dir='ltr'>dabit</span> <span class='ocrx_word' id='word_1_535' title='bbox 1412 2749 1528 2780; x_wconf 76' lang='lat' dir='ltr'>melius</span> <span class='ocrx_word' id='word_1_536' title='bbox 1545 2757 1640 2789; x_wconf 79' lang='lat' dir='ltr'>quam</span> <span class='ocrx_word' id='word_1_537' title='bbox 1659 2748 1738 2790; x_wconf 60' lang='lat' dir='ltr'>ipsa*</span> 
     </span>
    </p>
   </div>
  </div>
 </body>
</html>
