1866 3131
421 198 465 225 M.
502 197 558 225 ΨΑ
571 197 608 224 1..

199 292 300 322 Eme.
339 299 445 323 Lvnr.
490 295 508 323 4
548 292 751 330 Permittunt,
781 290 850 330 Sym]

156 342 239 374 Quae
263 342 391 374 faciunt
410 350 445 375 ut
469 345 572 375 multa
593 345 626 374 in
644 354 696 374 nie
713 342 851 374 licentia

156 393 203 423 uti
221 394 355 425 audeaS.

195 447 212 474 7
239 445 306 475 Nec
321 445 401 475 enim
416 448 519 484 rogat,
533 444 602 484 lya]
637 444 715 475 Non
732 448 849 485 quate-

153 505 213 526 nus
231 501 361 534 tonsor,
379 497 437 527 sed
454 497 551 537 quasi
568 497 665 527 latro.

197 549 233 576 ll
260 547 322 577 Sed
351 548 425 585 lota,
452 547 522 586 θα]
571 546 660 577 ΑΙίἱ;
692 548 745 577 sed
768 550 850 577 mota

151 597 286 626 mentula
302 597 398 627 loeva:
422 601 458 627 ut
474 596 593 637 Epigr.
609 599 662 627 42.
687 597 743 628 lib.
760 600 792 627 9.
814 601 849 627 et

151 649 201 677 74.
219 646 318 678 infra.

194 700 232 727 12
255 696 432 738 Λειχάζειν]
457 697 712 728 Irrumationem
728 698 849 738 innuit,

150 757 224 786 quae
261 749 312 778 ori
347 748 503 779 obstruso
537 749 668 789 quidvis
708 750 849 789 petendi

151 796 352 829 facultatem
404 799 623 830 intercludat.
692 800 849 830 Othmar.

150 848 310 888 Nactgal.
336 849 369 879 in
393 849 477 880 edit.
509 849 639 890 Gryph.
665 850 697 883 J.
720 851 848 891 Scalig.

150 898 275 939 aliique
293 898 481 939 praeferunt
503 900 684 931 lectionem
714 900 848 941 Αῖάζειν,

149 949 212 980 hoc
227 954 291 988 est,
306 950 444 990 jubebit
460 956 494 981 te
511 960 649 981 avarum
668 952 813 992 plorare,
829 963 848 983 e

148 999 293 1031 formula
310 1005 522 1039 testatorum,
544 1003 599 1043 qui
627 1004 636 1018 ‘
651 1003 847 1044 plorareju-

148 1050 285 1082 bebant’
302 1052 387 1091 illos,
408 1052 528 1092 quibus
544 1053 623 1083 nihil
640 1054 804 1090 legarant.

191 1102 297 1133 Eme.
320 1111 395 1134 ux.
420 1106 436 1134 1
466 1103 560 1134 Senos
586 1104 755 1143 Charinus,
776 1105 846 1145 ὅτ]

146 1152 327 1184 Charinum
359 1163 440 1194 opes
464 1159 702 1194 ostentantem,
723 1160 761 1186 ut
776 1155 846 1186 ino-

148 1212 225 1243 pem
244 1204 434 1235 cavillatur.

188 1256 207 1283 4
233 1254 514 1294 Dactyliothecam,
538 1255 606 1296 ξω]
637 1255 716 1287 Νοη
743 1257 846 1288 habet

145 1305 383 1344 repositorium
411 1307 624 1345 annulorum,
651 1311 690 1337 ut
711 1307 768 1348 qui
796 1308 845 1338 sui

146 1364 211 1384 uon
229 1355 309 1394 sint,
322 1356 380 1386 sed
395 1356 566 1387 conducti.

188 1405 291 1436 Eme.
310 1415 390 1437 va.
436 1407 639 1447 Expostulat
651 1417 725 1438 cuin
740 1408 845 1440 Justi-

143 1464 198 1492 no,
215 1455 303 1495 quod
321 1466 407 1496 eum,
432 1461 469 1487 ut
495 1457 588 1496 olim,
609 1458 650 1488 ad
674 1459 843 1490 natalitias

145 1505 252 1544 dapes
268 1516 332 1536 non
350 1507 516 1538 invitarit.

190 1560 203 1587 l
230 1557 387 1597 Sea-conti,
409 1559 478 1599 ᾅϊ.]
518 1559 696 1590 Permulti.
720 1560 843 1599 Synec.

187 1610 207 1637 2
229 1607 324 1638 Lucis
338 1609 377 1638 ad
392 1609 538 1650 officium]
570 1610 663 1641 Quos
682 1609 844 1640 invitaras

144 1659 185 1687 ad
203 1658 445 1689 celebrandum
462 1660 551 1689 diem
569 1665 662 1690 tuum
687 1661 845 1690 natalem.

145 1710 247 1740 Mane
276 1709 511 1740 sacrificabant
541 1710 572 1740 in
596 1710 762 1749 ejusmodi
791 1721 844 1741 so·

144 1759 387 1791 lemnitatibus.
429 1760 437 1776 ‘
452 1759 622 1790 Officium’
639 1765 750 1790 autern
769 1760 843 1790 heic

144 1810 281 1850 proprie
298 1811 445 1841 omuino.
492 1810 581 1841 Plin.
600 1811 709 1850 Epist.
727 1815 757 1841 5.
784 1811 842 1842 lib.

146 1864 174 1890 l.
196 1862 205 1876 ⁴
226 1861 359 1891 Paucos
376 1865 452 1901 post
475 1861 547 1891 dies
574 1861 646 1900 ipse
665 1871 717 1892 nie
734 1862 843 1901 Regu-

144 1911 194 1941 lus
210 1912 371 1942 convenit
386 1912 419 1942 in
437 1912 603 1942 Praetoris
622 1911 755 1943 officio.‘
802 1911 843 1942 In

143 1962 269 2001 nuptiis
298 1963 363 1992 hoc
388 1960 533 1992 officium
562 1961 733 2002 frequens.
777 1962 843 1992 Pe-

144 2013 293 2044 tronius:
333 2015 342 2030 ‘
361 2013 583 2044 Consurrexit
617 2013 657 2043 ad
698 2012 843 2043 officium

142 2063 320 2103 nuptiale.'
331 2063 490 2095 Juvenal.
503 2064 571 2094 Sat.
582 2066 612 2094 2.
626 2065 634 2079 ⁴
649 2064 735 2095 Quae
751 2073 843 2094 caus-

143 2122 179 2142 sa
192 2111 314 2144 officii?
331 2113 409 2154 quid
426 2114 561 2154 quaeris,
575 2113 683 2144 Nubit
697 2112 844 2144 amicus.'

144 2162 234 2193 Hinc
250 2168 284 2193 et
301 2168 309 2180 ⁴
323 2162 448 2194 officia’
465 2163 626 2194 dicuntur
642 2173 661 2193 a
674 2163 843 2195 Juvenale

142 2212 256 2252 Satyr.
281 2216 332 2244 10.
350 2214 504 2253 clientes,
527 2214 599 2244 haec
622 2219 658 2245 et
678 2214 842 2254 ejusmodi

143 2261 253 2293 officia
290 2264 442 2304 patronis
468 2270 689 2306 praestantes:
720 2265 842 2296 ‘Illinc

143 2313 345 2351 cornicines,
372 2315 448 2346 hinc
487 2315 722 2356 praecedentia
750 2315 841 2356 longi

145 2364 297 2404 Agniinis
313 2364 424 2396 officia
437 2366 458 2396 :'
480 2366 522 2397 τὰ
535 2366 708 2404 καθήκοντα
723 2368 840 2398 eodem

142 2415 242 2446 modo
260 2416 392 2455 reperio
404 2417 493 2457 apud
507 2418 690 2448 Lucianum
706 2418 738 2448 in
755 2427 841 2448 som·

143 2466 210 2497 nio.
236 2466 404 2497 Ileraldus.

184 2521 202 2547 5
228 2518 369 2557 Postera,
384 2518 452 2558 ξι]
484 2518 561 2550 Jam
587 2527 666 2549 vero
682 2528 735 2549 me
750 2519 843 2550 velut

142 2568 198 2598 imi
224 2569 351 2599 ordinis
375 2569 519 2599 amicum
546 2569 670 2601 invitas
697 2570 738 2601 ad
763 2571 840 2601 reli·

142 2620 234 2660 quias
251 2624 286 2650 et
303 2620 458 2650 analecta
470 2620 502 2650 in
518 2621 667 2652 crastino
681 2622 838 2652 convivii.

183 2673 204 2700 ὓ
227 2670 390 2701 Sexcentis
399 2671 499 2710 hodie,
513 2671 583 2711 ξω]
597 2672 708 2702 Hodie
725 2672 841 2712 itaque

143 2720 275 2751 invitati
292 2721 468 2752 celebrent
486 2722 633 2753 natalem
662 2728 754 2754 tuum
772 2732 842 2753 uiu-

644 195 917 224 MARTiALis
954 197 1110 227 EPIGR.
1146 200 1236 228 LIB.
1271 201 1340 229 xl.

1488 193 1599 232 1:397

900 292 1049 331 neribus,
1070 303 1130 333 pro
1146 305 1251 334 more,
1268 297 1509 336 genethliacis;
1534 308 1598 339 ego

899 352 972 373 cras
993 344 1042 373 vel
1061 353 1249 386 nunquam:
1275 357 1381 388 neque
1404 348 1489 378 euim
1508 350 1597 379 veni-

900 403 952 423 am
968 400 1115 426 vocatus.
1151 396 1319 427 Gruterus
1333 398 1532 438 simpliciter
1545 409 1597 430 ac-

899 444 996 484 cipit,
1012 445 1102 485 quasi
1120 452 1237 478 aneton·
1260 449 1416 480 maluerit
1433 459 1469 481 se
1487 456 1598 490 poste-

900 504 936 525 ro
965 495 1019 526 die
1047 497 1183 528 invitari
1208 508 1307 539 quam
1327 500 1450 541 priore,
1471 500 1514 532 ob
1530 506 1598 532 tur-

898 545 1066 586 bam,&c.

942 596 1046 627 EPm.
1073 605 1172 629 va1.
1213 601 1234 628 4
1260 598 1364 634 Quare
1388 611 1447 631 non
1476 602 1598 642 habeas,

898 647 967 688 ξω]
990 647 1088 680 Quod
1114 649 1213 688 vulgo
1233 649 1358 681 dicitur
1376 663 1384 682 ;
1407 652 1444 682 he
1459 652 1534 682 ῘιαίΙι
1548 657 1598 684 too

898 708 991 738 many
1007 701 1201 739 occupations
1215 703 1245 730 to
1261 701 1370 732 thrive.
1394 702 1459 734 Qui
1474 703 1597 744 ubique

899 752 964 787 est,
995 758 1164 789 nunquam
1187 755 1249 780 est.
1294 751 1425 782 Seneca
1440 752 1550 792 Epist.
1565 757 1597 785 2.

899 802 908 815 ‘
925 799 1038 830 Multa
1060 799 1154 831 novit
1177 801 1310 841 vulpes,
1334 802 1473 833 echinus
1496 813 1597 834 unum

899 849 1080 885 maguum!

943 900 1045 930 Eme.
1059 908 1173 931 vau.
1206 903 1226 931 2
1248 901 1332 936 Quid
1343 902 1481 943 cupiam]
1506 903 1597 933 Mor-

898 954 968 980 tem
985 955 1100 980 tuam:
1127 955 1163 980 ut
1178 951 1433 991 Epigrammate
1446 956 1498 984 63.
1511 953 1597 984 libro

898 1001 928 1029 6.
960 1009 1059 1030 versu
1083 1003 1114 1031 2.
1144 1001 1398 1042 Epigrammatc
1414 1006 1467 1034 27.
1491 1004 1550 1035 lib.
1567 1008 1597 1035 8.

899 1060 1002 1091 supra
1018 1052 1272 1092 Epigramniate
1287 1057 1342 1085 45.

940 1102 1047 1132 Eme..
1077 1111 1206 1135 vam.
1249 1107 1268 1134 2
1310 1105 1354 1136 Ut
1380 1106 1506 1145 pudeat,
1528 1105 1597 1145 Cym]

899 1152 1021 1183 Levior
1044 1154 1171 1194 quippe
1195 1155 1375 1194 ignominia
1397 1165 1439 1186 ex
1462 1157 1598 1196 repulsa

896 1202 929 1232 in
961 1204 1091 1242 magnis
1117 1214 1213 1244 quam
1245 1206 1377 1245 parvis:
1403 1212 1437 1236 et
1455 1206 1596 1237 adverte

896 1252 1107 1292 Polyptoton
1138 1255 1173 1284 in
1210 1256 1397 1295 ‘magnos‚’
1433 1257 1595 1298 ‘magni‚'

895 1303 904 1319 ‘
919 1304 1063 1343 magna.’

941 1354 1046 1384 Epic.
1076 1363 1180 1386 cxxx,
1228 1354 1352 1386 Nobile
1380 1357 1596 1396 Epigramma

895 1403 928 1433 in
950 1414 1069 1434 canem
1092 1405 1298 1436 venatricem
1323 1405 1366 1436 ab
1391 1416 1474 1446 apro
1493 1408 1597 1439 inter·
1627 1441 1635 1448 ,

895 1454 1041 1493 fectam3
1065 1465 1165 1495 quam
1189 1466 1264 1486 cum
1288 1457 1468 1497 Procyone
1491 1463 1527 1488 et
1543 1458 1593 1488 Si-

896 1506 945 1536 rio
962 1506 995 1536 in
1012 1508 1132 1537 coelum
1149 1507 1278 1544 relatis,
1304 1518 1447 1549 cumque
1474 1509 1597 1540 Home-

896 1556 966 1586 rico
983 1557 1115 1596 Ulyssis
1131 1567 1212 1587 cane
1228 1557 1318 1598 Argo
1335 1558 1482 1590 confert.
1512 1560 1595 1590 Per·

896 1612 1048 1637 eusserat
1076 1607 1216 1646 Lydiam
1241 1618 1324 1648 aper
1340 1610 1465 1649 populo
1480 1614 1595 1641 notam

895 1662 931 1687 et
947 1657 1094 1697 charam,
1118 1659 1212 1698 cujus
1236 1659 1289 1689 hic
1306 1659 1478 1699 ingenium
1497 1660 1531 1690 in
1547 1659 1596 1690 fe-

896 1718 950 1738 ras
980 1718 1149 1748 asperum,
1177 1709 1336 1739 blandum
1367 1710 1400 1739 in
1432 1710 1595 1750 domium,

895 1758 1070 1799 fatumque
1087 1759 1199 1790 nobile
1216 1759 1395 1791 describit.
1418 1761 1535 1791 Rader.

939 1812 953 1840 l
979 1809 1263 1849 Amphitheatrales
1278 1810 1376 1850 inter]
1407 1810 1504 1841 Inter
1532 1811 1595 1842 Ve-

894 1866 1028 1892 natores
1058 1861 1115 1902 qui
1138 1865 1260 1892 curant
1284 1862 1480 1893 venationes
1503 1865 1594 1894 exiii-

895 1911 1021 1942 bundas
1033 1911 1065 1942 in
1079 1911 1338 1952 Amphitheatro
1355 1913 1495 1944 nutrita.
1526 1915 1594 1944 Nn-

894 1963 971 1993 trita
987 1963 1162 2003 magistros,
1175 1962 1245 2002 ἐγὼ]
1278 1964 1524 2004 Prosopopoeia
1539 1974 1593 1996 ca-

894 2012 954 2043 nis.

936 2067 954 2094 3
979 2064 1126 2103 Domino,
1142 2064 1209 2104 ⁴5⁴⁶]
1244 2065 1386 2096 Domino
1402 2075 1477 2096 meo
1495 2076 1592 2107 aeque

894 2114 963 2145 fida
991 2124 1030 2145 ac
1069 2114 1193 2145 dextra
1226 2116 1375 2155 propria.
1421 2116 1490 2147 Alii
1525 2118 1591 2157 leg.

894 2165 1029 2204 Dextro,
1044 2169 1081 2195 nt
1095 2166 1138 2196 sit
1153 2164 1252 2206 κύριον
1268 2175 1275 2195 :
1296 2172 1402 2197 recte.

935 2219 954 2247 4
982 2216 1112 2255 Canem]
1135 2217 1281 2255 Meram,
1312 2217 1513 2257 Hymeram,
1535 2228 1593 2249 seu

896 2266 1065 2305 Neaeram,
1090 2276 1220 2307 canem,
1244 2277 1318 2308 quae
1342 2268 1482 2307 Erigoni
1502 2278 1594 2299 mon-

892 2317 1027 2354 stravit,
1053 2317 1109 2348 ubi
1134 2322 1234 2357 pater
1258 2319 1387 2349 Icarius
1412 2328 1430 2349 a
1447 2319 1593 2358 pastori-

892 2370 953 2400 bus
971 2367 1096 2398 Atticis
1109 2368 1377 2409 occisusjaceret
1389 2369 1591 2410 insepultus.

892 2420 1021 2460 Hygin.
1036 2418 1120 2450 Fab.
1139 2421 1211 2449 130.

935 2474 952 2500 5
979 2470 1047 2500 Nec
1061 2469 1124 2509 qui,
1137 2469 1207 2508 fisa]
1245 2469 1318 2499 Nec
1346 2469 1475 2509 Laelaps
1499 2469 1592 2500 canis

892 2530 912 2551 a
948 2520 1034 2552 Jove
1071 2525 1184 2550 custos
1221 2520 1366 2559 Europae
1404 2520 1593 2559 appositus,

893 2581 992 2612 quem
1010 2581 1028 2601 a
1041 2570 1156 2601 Minoe
1169 2575 1346 2610 acceptum
1364 2570 1501 2601 Procris
1513 2579 1592 2600 con-

886 2622 961 2663 jugi
991 2631 1051 2651 suo
1087 2619 1237 2660 Cephalo
1269 2620 1418 2660 reliquit.
1464 2620 1593 2660 Hygin.

893 2673 950 2703 lib.
966 2674 997 2702 2.
1014 2676 1049 2701 et
1066 2670 1168 2701 Ovid.
1186 2674 1218 2703 7,
1234 2669 1463 2710 Metaiuorph.

945 2724 965 2752 0
978 2720 1130 2759 Luciferoe
1143 2721 1273 2761 pariter,
1289 2720 1356 2760 Qun]
1381 2719 1432 2750 Ad
1452 2721 1592 2760 Lcnam,
