1866 3131
259 185 372 226 1:340

259 289 443 330 diligenter
460 291 619 331 inspexit.
663 291 779 331 Epigr.
806 294 859 322 82.
883 292 904 321 l.
924 295 956 322 6.

259 350 347 372 vers.
366 345 394 372 1.
437 342 602 381 Oculisque
626 343 771 383 comedit]
808 343 861 373 Sic
878 342 958 383 Epi-

260 393 509 431 gran1.97.1ib.
529 395 557 423 1.
576 402 663 423 vers.
682 395 732 424 12.

301 447 320 472 4
347 442 451 482 Casoe]
474 443 644 474 Tabernae
658 444 792 474 viliores
805 449 839 474 et
857 453 958 484 expo—

259 494 345 524 sitae.
386 494 453 524 Ubi
480 495 555 526 scil.
584 495 704 526 viliora
731 495 900 535 mancipia
924 500 959 525 et

260 544 413 583 rejicula.

302 599 319 625 5
346 597 479 627 Arcana?
489 597 631 637 catastae]
647 596 909 628 Reconditiores
924 602 959 627 et

262 651 423 677 remotae:
449 647 497 677 uti
513 657 591 678 mox
608 657 693 678 vers.
711 650 740 678 7.
764 647 832 677 Per
842 647 959 686 hypal-

257 697 356 736 lagen
380 698 445 738 leg.
475 708 537 738 pro
560 709 684 730 art-aua
701 704 844 730 catastae
862 698 958 729 tabu-

258 747 337 778 lata.
363 748 516 788 Catastae]
541 749 650 788 Supra
666 749 785 789 Epigr.
803 752 855 780 30.
873 759 958 781 vers,

257 800 289 828 5.
307 803 341 828 et
358 798 414 829 lib.
431 802 461 830 6.
475 800 593 840 Epigr.
606 802 658 830 29.
678 810 762 829 vers.
780 803 808 830 1.

300 852 320 879 ὃ
345 849 412 879 Nec
435 860 501 880 mea
525 850 616 880 turba
640 850 740 889 ridel]
779 850 855 881 Nee
874 859 957 882 tneae

256 897 374 929 farinae
392 904 425 929 et.
442 899 644 930 conditionis
662 909 842 939 pauperes.

300 951 318 978 7
343 948 455 989 Satur]
478 949 608 980 Oculus
625 950 777 980 satiatus.
825 951 958 990 Opertos

256 1000 345 1029 exuit
356 999 456 1038 orbes]
470 1000 589 1039 Retegi
603 1001 788 1040 postulavit
799 1007 832 1030 et
845 999 957 1032 efferri

258 1055 399 1088 opertas
413 1055 448 1080 et
472 1050 615 1081 interius
633 1051 831 1082 reconditas
846 1052 958 1092 magni

255 1099 359 1139 pretii
377 1110 508 1131 mensas
524 1100 650 1132 citreas
667 1106 702 1132 et
719 1102 886 1133 eburneas
909 1112 959 1133 ro-

259 1150 394 1181 tundas.
435 1151 555 1190 Epigr.
571 1154 624 1182 43.
641 1151 697 1181 lib.
715 1154 745 1182 2.
762 1161 852 1183 vers.
871 1155 902 1183 9.

299 1204 319 1231 9
342 1202 386 1231 Et
401 1202 617 1240 testudineum,
629 1201 699 1241 ξω]
724 1203 767 1232 Et
780 1208 958 1242 postquam

256 1253 381 1292 saepius
405 1262 561 1283 emensus
586 1257 637 1282 est
662 1252 825 1282 conclave
849 1252 958 1282 discu-

256 1303 417 1333 bitorium
434 1312 493 1332 sex
511 1302 609 1332 lectis
626 1302 840 1338 instructum,
854 1307 959 1332 testu-

256 1352 363 1382 dineis
391 1352 622 1392 putaminibus
641 1351 795 1382 dissectis
816 1362 957 1382 exorna-

260 1408 344 1434 tum.
380 1403 468 1433 Vide
495 1413 569 1444 quae
597 1403 657 1433 lib.
687 1405 736 1433 14.
763 1403 879 1443 Epigr.
904 1406 957 1434 87.

256 1454 352 1484 dicta
380 1461 457 1484 sunt
489 1455 520 1485 in
548 1457 557 1470 ⁶
585 1453 730 1494 sigmaz'
756 1461 789 1484 et
814 1464 888 1494 quae
914 1455 956 1484 ad

255 1514 341 1534 vers.
359 1507 412 1535 94.
430 1506 502 1535 sat.
520 1508 550 1535 2.
574 1504 698 1535 Juven.

298 1558 338 1585 10
364 1555 544 1595 Οἰί1ὀ,ᾃ“ε.]
561 1553 659 1586 Quod
672 1564 736 1584 uon
751 1554 833 1585 satis
844 1554 956 1594 ampla

253 1612 346 1637 esset
363 1616 487 1637 mensae
505 1617 572 1636 suae
589 1606 719 1636 citrrae.

297 1660 335 1687 11
364 1657 526 1687 Consuluit
543 1657 726 1696 ⁷1c1res,{)·c.]
762 1656 816 1686 An
833 1661 955 1687 statuae.

253 1712 369 1738 essent
397 1717 438 1737 ex
461 1717 529 1738 aere
556 1707 745 1745 Corinthio,
772 1707 858 1747 quod
884 1712 956 1737 erat

253 1761 547 1800 pretiosissimum.
591 1758 778 1798 Corinthon]
824 1758 863 1788 In
893 1759 955 1789 Co-

254 1811 356 1841 rinthi
369 1811 459 1841 enim
473 1810 630 1840 incendio
645 1809 851 1847 confluxere,
869 1810 955 1848 aeris,

252 1861 339 1898 auri,
357 1861 557 1900 argentique
575 1870 670 1890 venae
688 1871 694 1890 :
720 1859 808 1890 unde
831 1870 875 1890 aes
893 1861 955 1890 Co—

252 1911 412 1941 rinthium
430 1912 574 1948 mistum,
590 1910 804 1940 laudabilius.

298 1963 337 1991 12
362 1959 507 1999 Statuas]
530 1960 615 1992 Quae
631 1964 730 1990 erant
747 1968 786 1989 ex
802 1968 869 1989 aere
885 1959 954 1990 De—

253 2012 353 2043 liaco.
615 2048 618 2051 Ι

297 2064 336 2092 13
366 2061 501 2092 Turbata
516 2059 713 2101 crystallina]
747 2059 878 2089 Vitiata
897 2059 954 2090 ad-

253 2111 353 2143 misto
368 2111 480 2152 fragili
494 2111 594 2142 vitro.
644 2110 847 2149 Crystallina,
863 2110 953 2150 Myr-

252 2162 360 2203 rhina]
396 2163 494 2193 Vasa.
520 2161 639 2202 Epigr.
662 2164 736 2193 111.
753 2168 789 2192 et
810 2164 879 2193 113.
897 2162 955 2194 111).

255 2215 306 2244 14.
357 2213 528 2245 Gruterus
559 2222 602 2243 ex
629 2213 742 2243 Palat.
773 2213 954 2252 legendnm

252 2269 372 2294 censet
394 2264 495 2294 nitro:
521 2272 584 2293 nec
608 2269 777 2303 repugnat
797 2264 873 2294 liuic
889 2264 955 2295 lec·

253 2314 337 2345 tioni
356 2314 485 2345 Plinius
510 2313 568 2344 lib.
595 2316 645 2344 37.
674 2324 748 2353 cap.
764 2317 795 2344 2.
813 2314 878 2344 imo
896 2324 955 2354 pro

255 2375 295 2396 ea
312 2370 442 2404 pugnat
465 2364 609 2395 Tacitus
629 2364 689 2394 lib.
711 2368 743 2395 5.
773 2364 953 2395 Historiar.

255 2416 459 2447 ‘Conlectae
489 2424 600 2446 arenae
629 2415 782 2445 admixto
806 2415 893 2446 nitro
921 2416 954 2446 in

254 2468 378 2498 vitrum
389 2473 623 2508 excoquuntur
634 2466 654 2497 :’
668 2467 733 2497 imo
747 2467 818 2507 ipse
832 2467 956 2498 Noster

254 2518 312 2549 lib.
325 2522 354 2549 l.
371 2519 484 2558 Epigr.
496 2520 548 2549 53.
561 2517 639 2548 binc
652 2517 953 2558 interpretandus:

254 2570 263 2586 ‘
280 2569 336 2600 Sic
353 2568 507 2599 Aretinae
525 2568 654 2598 violant
677 2569 873 2608 crystallina
892 2574 955 2599 tes-

255 2619 327 2651 tae.'

302 2673 338 2701 14
355 2670 503 2710 Signat-it
511 2670 702 2710 seposuitque
712 2669 828 2710 decem]
851 2670 953 2703 Quasi

256 2726 442 2761 empturus

300 2773 338 2802 15
367 2769 492 2802 Veteres
503 2769 654 2811 calathos]
689 2771 780 2803 Vasa
797 2771 952 2804 viminea.

719 196 860 226 NOTAE
894 196 1114 228 VARIORU
1126 197 1158 227 M
1194 198 1243 228 IN

1010 291 1085 331 Vel,
1101 292 1224 322 calices
1241 291 1386 322 vinarios
1400 292 1613 332 archetypos.

1056 345 1094 373 16
1120 343 1295 382 Mentorea,
1307 342 1375 382 εγω]
1398 343 1636 382 EpigramAl.
1650 343 1708 373 lib.

1010 395 1042 423 3.
1060 403 1145 423 vers.
1164 396 1194 423 1.

1054 446 1093 473 17
1122 443 1245 474 Virides
1267 452 1418 482 gemma-5,
1446 442 1517 482 ἐγω]
1557 443 1711 482 Smarag-

1011 493 1070 523 dos
1087 503 1189 524 aureo
1207 493 1303 524 calici
1321 493 1476 524 insertos.
1502 493 1617 533 Epigr.
1635 495 1708 524 109.

1010 543 1067 574 lib.
1081 546 1131 574 14.
1147 543 1283 574 virides
1298 543 1386 574 enim
1400 551 1547 583 geminas
1559 552 1640 573 auro
1653 542 1713 572 de-

1010 594 1156 624 corando
1165 594 1309 624 maxime
1320 594 1501 624 convenire
1514 603 1711 633 persuasum

1009 645 1206 684 Veteribus,
1229 650 1438 686 quapropter
1461 654 1515 673 eas
1537 643 1711 683 praecipue

1009 696 1140 734 poculis
1157 696 1266 726 aureis
1289 694 1520 729 includebant,
1540 704 1615 735 quae
1631 696 1712 724 λιθο-

1009 745 1151 783 κόλλητα
1173 752 1208 777 et
1233 744 1364 776 Διάλιθα
1387 745 1532 783 Graecis,
1559 749 1566 761 ‘
1593 755 1710 776 aurum

1009 796 1372 834 gemmatum'Latinis.
1398 795 1495 826 Salm.
1521 795 1714 836 l'ictoauro]

1009 846 1125 886 Vario,
1140 846 1326 885 elaborato,
1349 845 1522 885 fulgente:
1549 846 1602 876 vel
1620 845 1710 886 quod

1010 906 1091 927 auro
1117 907 1179 937 per
1202 903 1310 928 artem
1336 897 1391 927 alii
1419 896 1549 927 colores
1578 895 1711 927 inducti

1010 952 1119 979 erant.

1055 1001 1094 1029 18
1119 998 1291 1038 Quidquid,
1303 997 1372 1038 ἔξω]
1396 998 1554 1029 Gemmas
1572 1002 1607 1029 et
1621 998 1712 1029 elen—

1011 1049 1090 1079 clios
1108 1050 1149 1080 ab
1166 1050 1300 1080 auribus
1318 1048 1478 1089 suspendi
1495 1049 1624 1080 solitos.

1055 1102 1094 1130 19
1123 1100 1217 1130 Verus
1238 1109 1353 1138 mensa,
1375 1098 1443 1139 Sym]
1474 1097 1552 1128 Non
1579 1096 1711 1129 adulte—

1011 1149 1112 1180 rinos.

1052 1202 1093 1230 20
1117 1199 1350 1237 Pretiumfecit
1366 1198 1549 1240 Υιάερίιίίὺιιε]
1584 1198 1711 1229 Licita-

1011 1254 1064 1279 tus
1082 1254 1145 1280 est.

1051 1301 1089 1329 21
1120 1298 1486 1339 Lfndecirnalassus‚s-c.]
1512 1299 1712 1330 Planetaria

1009 1359 1056 1380 sc.
1077 1349 1109 1379 id
1126 1354 1189 1387 est,
1205 1349 1266 1379 sub
1284 1357 1428 1381 noctem.

1051 1404 1092 1431 22
1116 1401 1205 1431 Duos
1222 1401 1344 1441 culices]
1366 1400 1503 1431 Vitreos
1520 1401 1644 1431 calices
1661 1400 1710 1431 in-

1011 1451 1150 1491 telligit.
1180 1452 1252 1490 Ipse
1267 1450 1356 1490 tulit]
1386 1451 1602 1490 Empliatice‚
1619 1451 1709 1492 quod

1007 1512 1104 1533 servo
1129 1508 1276 1532 careret.
1307 1503 1362 1532 Sic
1388 1502 1507 1542 Epigr.
1530 1504 1581 1533 35.
1604 1502 1662 1533 lib.
1679 1505 1710 1531 5.

1008 1565 1096 1586 vers.
1114 1558 1143 1585 S.

1053 1606 1160 1637 EPm.
1177 1614 1249 1636 Lm.
1287 1606 1363 1637 Quo
1381 1605 1510 1644 gratior
1532 1605 1577 1635 sit
1601 1604 1709 1635 Caesio

1007 1656 1143 1696 Sabino,
1162 1662 1258 1696 putet
1277 1665 1405 1687 roseam
1429 1656 1515 1686 hanc
1538 1664 1712 1692 coronam,

1009 1716 1108 1747 quam
1128 1707 1176 1736 illi
1190 1706 1300 1745 mitto,
1314 1712 1426 1736 natatu
1441 1705 1544 1736 fuisse
1561 1706 1594 1736 in
1611 1705 1710 1736 horto

1008 1766 1085 1787 meo
1101 1757 1337 1788 Nomentano:
1365 1757 1431 1786 etsi
1447 1755 1538 1787 sorte
1553 1757 1598 1787 sit
1621 1766 1639 1787 e
1662 1756 1709 1787 bi-

1007 1807 1079 1838 fero
1098 1807 1227 1845 Paesto,
1238 1808 1377 1846 'l'ibnre‚
1391 1808 1597 1847 Tusculano,
1613 1807 1709 1838 Prae-

1009 1864 1118 1896 ueste,
1145 1869 1204 1889 seu
1234 1859 1437 1899 Campania:
1464 1868 1608 1899 namque
1628 1858 1708 1889 1111111

1008 1914 1124 1948 crupta
1140 1915 1211 1939 est:
1236 1909 1282 1939 sic
1300 1909 1477 1949 Epigram.
1494 1911 1547 1940 94.
1566 1909 1623 1939 lib.
1642 1912 1692 1939 10.

1052 1962 1066 1989 1
1093 1959 1153 1990 Seu
1170 1960 1218 1999 tu]
1248 1960 1412 1991 Nominat
1437 1969 1535 1998 agros
1557 1969 1707 1990 rosarum

1006 2008 1245 2049 fertilissimos,
1258 2010 1468 2048 Paestanum,
1479 2009 1707 2047 Tiburtinum,

1005 2059 1245 2097 Tusculanum,
1263 2060 1485 2099 Campanum.

1049 2111 1155 2140 Eme.
1195 2119 1284 2140 Lxu.
1334 2111 1496 2150 Explicat
1532 2110 1705 2151 platanum

1007 2161 1150 2191 Caesaris
1176 2170 1275 2191 manu
1307 2167 1415 2191 satam
1447 2161 1629 2201 Cordubae,
1662 2161 1705 2192 de

1006 2221 1073 2252 qua
1087 2211 1166 2242 1111111
1179 2211 1235 2242 alii
1250 2212 1446 2252 scriptores,
1463 2222 1563 2252 quum
1581 2211 1706 2252 passim

1006 2263 1360 2304 celebrenturplatani
1371 2264 1518 2295 Socratis
1527 2264 1617 2305 apud
1629 2264 1707 2295 Pla-

1007 2319 1120 2344 tonem
1134 2315 1165 2344 in
1180 2313 1341 2353 Phaedro,
1353 2314 1525 2345 Ciceronis
1543 2314 1650 2354 primo
1662 2314 1705 2345 de

1008 2364 1170 2403 Oratore,
1194 2365 1319 2395 Xerxis
1343 2365 1432 2405 regis
1461 2365 1641 2395 Persarum
1671 2365 1706 2395 in

1006 2415 1127 2456 Lydia,
1144 2415 1234 2455 apud
1251 2416 1415 2446 AEliannm
1432 2415 1492 2446 lib.
1509 2419 1539 2447 2.
1556 2425 1633 2456 cap.
1653 2419 1705 2447 14.

1051 2467 1065 2495 1
1095 2465 1306 2506 Tartessiacis,
1329 2466 1397 2506 Cyon]
1427 2467 1559 2497 Batica
1576 2466 1705 2507 Hispa·

1005 2515 1079 2546 niae.
1109 2516 1289 2547 Tartessus
1311 2517 1399 2548 enim
1416 2517 1505 2548 idem
1523 2518 1581 2559 qui
1596 2517 1704 2549 Baetis

1004 2563 1039 2597 fl.
1062 2565 1197 2597 Strabo.

1046 2620 1066 2647 2
1093 2617 1249 2658 Corduba]
1276 2619 1482 2650 Senecarum
1510 2624 1546 2651 et
1572 2619 1701 2651 Lucani

1004 2669 1127 2709 patria.

1048 2723 1065 2751 3
1096 2720 1226 2760 Vellera,
1247 2721 1317 2761 Era]
1353 2721 1419 2752 Ubi
1444 2730 1563 2761 greges
1588 2721 1700 2753 ovium

1002 2781 1139 2803 aureum
1169 2780 1226 2802 seu
1259 2772 1396 2803 rutilum
1426 2772 1553 2805 hahent
1583 2773 1701 2805 vellus.
