1866 3131
242 179 260 219 1
276 178 353 220 138

241 285 328 316 enim
346 284 460 324 inopia
485 281 642 314 excludit
659 283 839 313 actionem.
884 281 940 311 Sic

239 340 420 376 argutatur
434 334 576 364 Plautus
593 333 626 363 in
643 333 860 371 Curculione,
877 342 941 362 non

240 386 327 417 male
343 385 436 416 credi
453 385 505 423 iis,
521 384 578 425 qui
596 393 766 424 nunquam
782 383 943 422 reddunt,

240 438 320 479 quia
336 446 401 467 non
425 436 577 467 creditur
594 435 731 476 proprie
752 433 815 464 nisi
831 433 942 464 reddi-

241 487 344 519 turis:
373 487 461 527 quod
491 486 595 526 igitur
611 485 712 516 datur
734 493 800 514 non
829 483 943 514 reddi-

240 539 339 578 turis,
354 547 419 568 non
437 537 602 576 creditur,
618 536 676 566 sed
692 545 826 575 prorsus
842 535 942 574 perit.

241 589 477 631 ‘Argentariis
502 589 589 619 male
618 587 712 618 credi
742 587 798 626 qni
823 585 942 625 ajunt,'

241 645 305 673 δερ.
349 642 385 673 Si
409 641 513 682 igitur
540 640 567 670 is
592 639 648 680 qui
665 638 725 669 dat
747 647 812 668 non
830 636 941 666 reddi-

241 698 332 732 turo,
359 701 426 722 non
457 690 569 722 credit
599 689 749 730 proprie,
779 696 843 718 nec
868 696 942 726 pro-

242 743 314 784 prie
342 742 492 774 creditor
519 745 585 779 est,
619 739 646 770 is
683 739 738 779 qni
770 746 942 778 nunquam

242 795 435 826 redditurus
463 797 528 829 est,
554 791 672 823 eadem
701 790 831 820 ratione
860 788 941 818 nihil

242 846 358 883 debet,
376 853 485 885 neque
503 847 554 874 est
572 841 717 872 debitor.
741 839 874 869 Herald.

283 898 388 928 Eme..
406 902 456 926 1v.
483 897 498 924 1
512 893 641 932 Oquum
661 891 788 922 blandus
800 889 845 928 es]
863 888 943 919 Am-

242 948 388 979 mianum
412 945 535 977 incesti
561 942 684 983 arguit,
701 940 789 982 quod
815 939 943 970 relictis

242 998 365 1028 nativis
392 994 581 1027 nominibus
606 997 748 1024 matrem
775 991 829 1022 hic
852 999 943 1020 soro-

243 1058 328 1086 rem,
358 1046 463 1077 filium
494 1045 554 1074 illa
588 1042 728 1074 fratrem
767 1041 942 1082 appellet:

242 1097 362 1138 quibus
379 1095 570 1127 nominibus
587 1098 758 1125 amatores
778 1096 812 1123 et
827 1092 943 1122 amicae

243 1158 279 1179 se
305 1153 421 1179 mutuo
439 1151 580 1185 vocent3
607 1144 682 1176 vide
702 1145 796 1184 Lips.
824 1143 943 1183 Antiq.

243 1200 342 1230 Lect.
356 1199 378 1230 l.
392 1201 422 1230 3.
436 1203 471 1229 et
488 1198 607 1238 Epigr.
621 1199 674 1227 20.
688 1197 709 1227 l.
720 1198 771 1227 12.
786 1200 820 1226 et
832 1195 942 1235 epigr.

242 1253 295 1281 65.
313 1250 334 1280 l.
361 1252 412 1280 10.

284 1305 302 1332 3
328 1301 473 1332 Fratrem
488 1303 519 1331 te
546 1298 650 1338 vocat]
674 1296 805 1329 Fratris
831 1301 867 1328 et
890 1306 945 1327 so-

243 1351 340 1390 roris,
379 1355 502 1381 natura
533 1347 769 1380 honestissima
797 1346 945 1385 nomina,

243 1401 413 1441 turpicula
425 1400 562 1441 tegendi
577 1398 725 1429 criminis
739 1407 841 1428 causa
854 1395 947 1428 facta

242 1457 333 1483 sunt.
377 1451 516 1482 Amicos
543 1449 690 1480 foeminae
715 1450 724 1465 ‘
740 1447 873 1478 fratres’
889 1457 944 1478 vo-

243 1503 393 1540 cabant;
418 1502 545 1532 amicas
578 1500 639 1531 viri
669 1497 864 1530 ‘sororesz’
897 1499 945 1528 sic

241 1553 263 1583 l.
290 1555 340 1584 12.
356 1552 463 1593 epigr.
478 1554 530 1582 20.
572 1550 582 1567 ‘
600 1551 715 1582 Quare
740 1559 804 1579 non
821 1547 946 1580 habeat

243 1603 385 1634 Fabulla
415 1604 537 1643 quaeris
562 1602 712 1632 Uxorem
744 1600 943 1630 Themisen:

242 1654 347 1685 babet
362 1652 534 1684 sororem!
563 1651 717 1682 Ramires.

283 1709 301 1736 5
330 1706 420 1741 Quod
436 1705 519 1744 estis,
533 1703 611 1743 esse]
636 1703 752 1735 Mater
768 1706 803 1733 et
818 1700 916 1733 filius.

283 1759 302 1786 7
328 1757 480 1795 Matrem,
499 1765 566 1795 quae
590 1754 688 1794 cupit,
703 1752 770 1793 ⁸5⁶⁸]
796 1753 942 1791 Elegans

243 1807 481 1847 epiphonema,
505 1811 541 1836 et
565 1804 734 1836 conclusio
753 1803 854 1834 totius
870 1812 943 1832 sen-

243 1858 372 1896 tentiae,
390 1856 445 1887 nbi
470 1856 574 1896 priori
592 1864 693 1885 versu
707 1853 743 1884 τὸ
758 1854 766 1870 ‘
782 1851 942 1884 sororem'

244 1908 386 1939 sumitur
411 1904 843 1946 obscoenasig11ificatione3
869 1912 943 1943 pos-

244 1957 536 1998 teriori,propria.
582 1956 705 1986 Ramz‘r.

285 2014 304 2041 8
328 2008 487 2048 Sororem]
512 2007 577 2038 Sed
597 2007 749 2037 amicam.

284 2061 390 2091 Erro.
409 2069 443 2090 v.
470 2062 485 2089 1
507 2059 555 2089 Ne
578 2058 708 2096 valeam,
731 2054 798 2094 ἔξω]
832 2055 944 2084 Excu-

243 2116 294 2142 sat
312 2120 347 2140 se
364 2110 454 2151 quod
479 2119 545 2140 non
571 2106 824 2148 saepiusvideat
844 2105 944 2135 Deci-

244 2171 367 2199 anum3
392 2165 428 2191 et
457 2160 556 2191 simul
585 2167 661 2189 enm
689 2161 839 2194 accusat,
856 2155 944 2196 quod

243 2222 335 2252 saepe
362 2215 505 2251 negetur
532 2218 606 2240 esse
641 2207 753 2245 domi;
786 2211 944 2236 causatur

242 2264 378 2303 longam
395 2263 542 2292 locorum
571 2256 885 2297 intercapedinem3
909 2260 944 2285 et

243 2314 380 2345 tandem
405 2311 554 2352 eleganti
573 2309 743 2341 antitheto
770 2305 944 2338 concludit

243 2365 462 2405 epigramma.
480 2362 602 2392 Ramir.
627 2358 771 2392 Jurandi
787 2356 943 2396 formula,

245 2419 293 2455 nt,
309 2417 317 2431 ‘
334 2424 375 2445 ne
389 2412 521 2452 vivam,’
533 2413 541 2429 ‘
555 2408 774 2451 dispeream!

285 2468 304 2496 3
328 2466 400 2496 Duo
433 2466 516 2501 sunt,
542 2461 612 2502 ἐγω]
647 2457 877 2498 Intercapedo
908 2460 944 2488 et

245 2516 395 2556 spacium
417 2518 447 2544 2.
470 2513 613 2544 millium
630 2519 800 2552 passuum,
830 2509 887 2549 qui
912 2511 944 2539 4.

245 2566 323 2598 mihi
351 2565 437 2596 fiunt
463 2563 633 2602 redeunti,
663 2571 727 2592 nec
756 2566 790 2592 te
821 2569 944 2591 conve-

246 2617 362 2648 nienti.
378 2615 571 2657 ep.23.1ib.
587 2618 617 2646 5.

288 2671 307 2698 6
326 2667 462 2705 Canssis,
477 2665 536 2704 rel]
553 2665 722 2695 Clientum
737 2662 873 2694 caussis.
893 2661 944 2692 Ti-

245 2718 274 2748 bi
285 2727 364 2757 saepe
375 2717 479 2756 vacus]
502 2715 582 2746 Tuis
595 2715 726 2753 studiis,
739 2715 791 2745 vel
803 2713 944 2753 balneiS,

247 2769 361 2809 coenis,
378 2778 434 2799 seu
455 2765 643 2798 valetudini
663 2764 830 2795 curandae.

698 187 725 215 N
735 185 837 216 0'1'AE
874 183 1093 214 VARIORU
1103 183 1133 212 M

1185 183 1233 211 ΙΝ

1036 281 1137 310 Eme.
1165 288 1214 309 vr.
1241 282 1255 309 1
1284 280 1302 309 Ι
1330 288 1418 317 nunc,
1435 277 1504 318 Qu]
1527 278 1691 309 Fastidio-

992 341 1065 361 sum
1092 333 1252 360 Severum
1278 329 1444 370 quendam
1472 333 1579 367 notat,
1604 329 1692 369 quod

993 391 1213 421 praepropera
1244 379 1465 410 festinatione
1493 379 1548 409 vix
1570 380 1690 419 degus-

993 437 1064 463 tato
1091 432 1216 470 libello,
1241 431 1282 461 ad
1309 431 1407 461 finem
1424 440 1520 471 quam
1549 430 1693 469 primum

993 483 1171 523 pervenire
1187 482 1358 521 cupiebat,
1377 490 1475 522 quem
1492 481 1594 511 etiam
1619 489 1693 520 per-

992 533 1129 573 stringit
1146 533 1267 563 leviter
1285 533 1303 563 l.
1316 532 1463 572 5.cpigr.
1479 534 1530 562 81.
1577 530 1693 570 Indig-

994 586 1104 616 nantis
1121 590 1156 616 et
1172 585 1358 616 exultantis
1374 585 1517 615 formula
1542 584 1692 624 Ironica,

994 646 1059 677 qua
1085 636 1201 666 Severi
1218 635 1350 666 deludit
1373 634 1570 665 fastidium:
1603 634 1693 674 prius

993 687 1128 723 quidem
1146 686 1276 726 singula
1304 687 1549 726 epigrammata
1571 685 1696 715 collau-

993 737 1106 768 dantis
1131 744 1233 778 atque
1251 742 1287 768 ut
1309 737 1495 768 ederentur
1511 735 1697 773 suadentis,

993 788 1141 818 collecta
1168 798 1247 819 vero
1269 788 1340 828 jum
1358 792 1392 819 et
1415 787 1510 818 edita
1535 796 1610 817 cum
1625 785 1692 817 fas-

995 837 1077 868 tidio
1094 837 1301 876 dejicientis.

1036 891 1054 918 3
1078 887 1206 927 Spectas
1242 885 1503 926 ἐσχατοκωλικόν]
1540 885 1694 926 Scaliger

994 940 1155 977 correxit,
1171 937 1418 977 ἐσχατοκώλιον;
1436 942 1471 967 et
1487 937 1694 976 interpreta-

995 996 1050 1021 tur
1067 994 1197 1030 partem
1216 994 1420 1029 postremam
1437 986 1698 1027 adglutinatam.

995 1042 1061 1073 Sed
1079 1043 1151 1073 liaec
1177 1041 1251 1082 ipsa
1274 1039 1519 1081 interpretatio
1545 1038 1698 1069 ostendit

996 1094 1108 1124 verius
1139 1103 1213 1124 esse
1242 1091 1398 1124 Salmasii
1429 1089 1695 1129 ἐσχατοκόλλιονι

996 1153 1072 1174 nam
1097 1142 1196 1174 κόλλα
1220 1143 1341 1182 gluten,
1367 1151 1431 1172 non
1449 1143 1559 1171 κῶλον.
1607 1140 1697 1172 Quia

996 1204 1077 1234 ergo
1096 1195 1127 1224 in
1142 1193 1345 1224 membranis
1369 1203 1400 1223 es
1415 1195 1482 1223 cato
1500 1192 1606 1222 cottion
1622 1200 1698 1221 esse

996 1245 1129 1275 notavit
1143 1244 1344 1281 Scriverius,
1360 1243 1538 1283 legendnm
1565 1242 1697 1280 ἐσχατο-

995 1301 1120 1326 κολλιον
1138 1296 1189 1326 vel
1208 1294 1459 1334 ἐσχατόκυλλον;
1486 1293 1538 1323 cni
1557 1293 1697 1333 opponi-

997 1350 1052 1377 tur
1074 1343 1299 1386 πρωτόκολλον.
1344 1345 1398 1375 Sic
1421 1342 1640 1383 πρωτόκολλον
1664 1343 1698 1372 in

997 1396 1094 1427 libris
1122 1402 1157 1427 et
1182 1397 1214 1426 in
1242 1395 1363 1426 chartis
1381 1394 1528 1425 nondum
1559 1393 1697 1433 scriptis

998 1448 1140 1488 primam
1168 1447 1326 1478 schedam
1358 1445 1519 1475 dixerunt
1550 1449 1698 1481 veteres,

997 1509 1071 1539 qu-ae.
1090 1499 1197 1539 prima
1219 1497 1435 1538 adglutinata
1451 1500 1560 1534 esset;
1584 1495 1699 1535 πρωτό-

996 1555 1110 1580 κολλον
1129 1550 1160 1580 in
1178 1549 1303 1579 chartis
1317 1556 1439 1578 nomen
1465 1546 1614 1577 auctoris
1640 1546 1698 1576 ha-

998 1600 1101 1630 bebat
1111 1599 1290 1639 scriptum,
1305 1608 1324 1628 a
1335 1607 1400 1638 quo
1412 1598 1529 1627 charta
1542 1594 1701 1627 confecta

996 1655 1081 1688 erat,
1109 1654 1144 1680 et
1174 1649 1241 1680 loci
1271 1648 1328 1679 ubi
1358 1647 1465 1684 facta,
1496 1652 1532 1678 et
1563 1651 1698 1687 tempus

996 1710 1061 1741 quo
1084 1699 1198 1737 t'acta3
1221 1697 1439 1740 πρωτόκολλον
1464 1697 1496 1727 in
1522 1696 1616 1727 libris
1639 1705 1701 1727 no-

995 1760 1072 1781 men
1097 1759 1231 1790 qnoque
1256 1748 1402 1780 auctoris
1431 1745 1637 1787 praeferebat
1664 1751 1699 1776 et

996 1801 1107 1841 operis
1125 1801 1271 1831 titulum.
1308 1799 1343 1830 Si
1358 1797 1574 1839 πρωτόκολλον
1591 1796 1698 1837 prima

996 1851 1073 1881 libri
1101 1850 1238 1889 scheda,
1256 1850 1372 1890 utique
1397 1855 1432 1880 et
1462 1847 1699 1888 ἐσχατόκολλον

995 1906 1148 1931 extrema
1157 1900 1281 1931 scheda
1291 1900 1436 1937 dicetur,
1449 1900 1566 1929 ultimo
1578 1908 1699 1938 nempe

995 1952 1070 1982 loco
1101 1951 1285 1989 glutinata:
1315 1950 1323 1966 ‘
1341 1959 1502 1979 summam
1532 1948 1699 1979 schedam’

996 2001 1076 2031 alibi
1099 2001 1185 2031 dixit
1201 2001 1290 2031 idem
1305 2001 1473 2031 Martialis
1490 2001 1511 2030 l.
1529 2002 1559 2030 4.
1576 2008 1630 2039 ep.
1645 2001 1698 2030 91.

994 2052 1002 2068 ‘
1017 2052 1092 2083 Ohe
1105 2053 1178 2093 jam
1193 2053 1274 2083 satis
1297 2056 1361 2090 est,
1378 2052 1438 2082 olie
1456 2050 1580 2081 libelle.
1618 2050 1696 2082 Jain

997 2104 1210 2143 pervenimus
1234 2112 1338 2142 usque
1355 2101 1396 2132 ad
1416 2100 1609 2131 umbilicos:
1647 2100 1697 2130 Tu

997 2154 1183 2195 procedere
1201 2152 1309 2183 adhuc
1330 2157 1365 2182 et
1388 2152 1436 2182 ire
1460 2151 1595 2191 qumi-is,
1622 2150 1697 2181 Nec

996 2213 1124 2234 summa
1140 2209 1237 2243 potes
1255 2203 1286 2232 in
1304 2201 1427 2233 scheda
1444 2200 1578 2231 teneri.'
1610 2200 1699 2231 Ulti-

996 2264 1084 2284 mam
1122 2258 1233 2284 antem
1264 2252 1341 2282 libri
1381 2257 1512 2292 partem
1554 2250 1697 2282 subinde

996 2308 1150 2344 spectare
1172 2303 1379 2343 impatientis
1404 2307 1438 2333 et
1464 2301 1602 2333 nimium
1619 2311 1697 2342 pro-

995 2354 1148 2395 perantis
1165 2359 1218 2385 est
1235 2354 1383 2384 lectoris.
1406 2352 1539 2384 Salmas.

1038 2409 1057 2437 4
1084 2404 1307 2444 oscitationes]
1331 2404 1558 2434 Lassitudinis
1579 2408 1615 2435 et
1631 2403 1696 2435 fas-

997 2457 1072 2488 tidii
1094 2456 1253 2487 indicium
1275 2460 1325 2487 est
1352 2455 1615 2496 repandiculans
1644 2464 1697 2485 os-

996 2507 1125 2539 citatio.

1038 2560 1058 2588 6
1095 2555 1283 2595 Vitellianis]
1320 2555 1548 2595 Pngillaribns
1582 2555 1697 2594 luteis,

998 2608 1112 2639 vitello
1130 2613 1165 2637 ut
1183 2606 1287 2638 credo
1311 2607 1415 2645 illitis,
1431 2605 1549 2646 quibus
1566 2616 1617 2636 res
1634 2606 1696 2636 las-

997 2659 1080 2690 civae
1114 2662 1149 2688 et
1185 2656 1408 2696 elegantiores
1446 2655 1693 2686 scribebantur.

999 2709 1064 2740 Alii
1081 2707 1251 2740 aVitellio
1279 2707 1391 2737 nescio
1418 2716 1482 2746 quo
1507 2706 1693 2745 inventore,

997 2761 1106 2791 dictos
1125 2759 1251 2789 volunt.
1268 2766 1321 2797 ep.
1336 2759 1366 2787 S.
1384 2761 1418 2786 et
1433 2759 1463 2787 9.
1479 2754 1536 2786 lib.
1556 2757 1606 2786 11.
