1866 3131
269 179 380 221 1462
699 189 956 221 RECENSUS
991 189 1270 221 EanloNUM

261 293 346 331 Jac.
360 290 541 342 Micyllus
553 302 613 328 an.
640 290 752 330 1536.
782 293 923 329 Verum
939 291 1054 328 etiam
1072 290 1256 328 Martialis
1277 294 1404 327 castus
1421 302 1453 326 s.
1469 288 1596 339 potius
1608 302 1691 327 casr

262 362 383 393 tratus
402 355 555 405 prodire
576 354 705 405 coepit,
722 368 812 393 cura
828 356 960 393 Franc.
979 355 1100 404 Sylvii
1116 355 1165 392 ab
1185 367 1248 392 an.
1269 359 1380 393 1514.
1402 355 1517 392 Conr.
1532 353 1692 390 Gesneri

260 420 308 456 ab
328 432 388 456 an.
411 423 522 456 1544.

319 487 412 520 1501
451 482 594 519 Aldina
629 493 658 519 1.
696 489 730 521 8.
768 484 1070 522 Martialis.-1n
1107 482 1206 520 fine:
1250 482 1440 519 ‘Venetiis
1471 481 1508 518 in
1543 481 1691 519 aedibus

260 546 363 591 Aldi,
386 558 514 583 mense
535 546 742 583 Decembri
780 548 905 585 1501!
951 547 1054 585 Edit.
1077 559 1231 596 perrara
1252 559 1329 596 prae
1361 546 1496 583 ceteris
1528 545 1691 583 Aldinis.

259 609 348 646 Vid.
370 609 531 647 Aldinas
553 610 589 646 in
611 610 654 647 C.
678 611 729 647 G.
766 610 973 647 Schwarzii
1009 610 1107 648 Bibl.
1140 609 1286 647 Altorf.
1323 608 1459 646 Baueri
1480 609 1578 645 Bibl.
1609 609 1692 645 libr.

258 686 330 711 rar.
353 674 516 711 univers.
537 680 574 711 et
599 674 728 723 Engel.
749 673 850 710 Bibl.
867 674 1051 711 selec-tiss.
1091 673 1266 711 Possidet
1285 685 1367 709 eam
1387 685 1540 722 quoque
1570 672 1693 722 perill.

259 736 523 787 Heideggerus
543 737 689 783 Turici‚
717 737 928 786 habuitque
950 739 1113 775 Hemmo
1145 736 1293 776 Arnold
1315 738 1550 774 Werumaeus
1583 737 1693 775 Jctns

260 801 464 850 Groening.
487 808 580 837 teste
598 800 722 838 Catal.
749 806 861 843 1783.
883 813 922 850 p.
941 807 1005 845 74.

315 870 410 903 1503
434 866 576 902 Veneta
593 875 638 902 X.
669 864 735 903 fol.
758 865 944 902 Martialis
961 879 1048 902 cum
1062 864 1216 903 duobus
1231 864 1442 913 (Calderini
1462 870 1498 901 et
1519 865 1693 911 Merulae)

256 928 491 965 commentis.
547 929 590 966 In
623 928 726 966 fine:
769 930 1001 979 ‘Impressit
1022 930 1198 966 volumen
1230 929 1303 966 hoc
1334 928 1504 965 Jacobus
1535 929 1690 965 Pentius

256 991 304 1027 de
325 991 456 1028 Leuco
475 991 751 1042 Impressorum
773 993 940 1030 omnium
961 993 1286 1031 accuratissimus.
1310 1003 1358 1030 M.
1381 1003 1421 1029 D.
1446 1002 1516 1029 111.
1535 992 1607 1029 Die
1629 998 1691 1030 2³3,

256 1054 506 1092 Decembris:
538 1057 651 1092 Anno
682 1056 869 1093 Leonardi
892 1057 1092 1094 Lauretani
1110 1057 1146 1093 S.
1165 1056 1353 1105 Principis
1388 1055 1535 1092 altero!
1588 1055 1691 1091 Edit.

255 1117 458 1167 pernitida‚
490 1118 685 1156 Maittario
706 1119 846 1169 ignota,
864 1127 1032 1157 servatur
1052 1120 1088 1156 in
1110 1119 1209 1157 Bibl.
1231 1119 1350 1168 perill.
1373 1118 1611 1168 Heideggeri.

314 1186 412 1220 1508
445 1182 660 1220 Erffurdiae.
694 1189 731 1220 4.
753 1183 842 1220 min.
885 1189 895 1204 ‘
916 1185 973 1220 Μ.
1009 1184 1092 1220 Val.
1129 1184 1327 1221 Marcialis
1366 1183 1532 1220 urbanis.
1573 1184 1689 1220 Poete

255 1244 379 1283 Xenia
398 1251 436 1282 et
469 1246 860 1295 Apophoreta.—Ad
893 1246 1100 1283 candidum
1131 1247 1312 1284 lectorem
1350 1247 1610 1297 hexastychon
1636 1247 1689 1283 M.

254 1318 411 1356 Joannis
431 1320 488 1356 M.
511 1320 806 1370 Herbipolitani.

411 1393 487 1437 Qui
507 1393 644 1431 didicit
661 1395 778 1432 vitam
798 1394 1030 1445 graveolenti
1051 1395 1190 1432 ducere
1213 1406 1329 1446 p'orro
1348 1409 1355 1432 z

461 1457 594 1507 Atque
615 1458 744 1496 sedare
765 1459 844 1496 sitis
865 1459 1020 1496 flumine
1039 1459 1177 1497 doctus
1199 1473 1294 1497 onus

409 1521 508 1559 Hinc
525 1523 662 1571 procul
682 1523 891 1562 abscedat:
922 1537 1087 1573 namque
1110 1524 1170 1561 hic
1193 1523 1399 1574 sybaritica
1422 1536 1552 1560 mensa

464 1585 695 1624 Instruitur:
727 1587 922 1637 crapulam
946 1594 1071 1624 nostra
1093 1587 1181 1624 talia
1202 1587 1330 1624 docet.

410 1648 513 1686 Pone
535 1650 690 1687 modum
713 1650 846 1701 sophie
867 1664 984 1701 puer:
1017 1650 1244 1699 etjucunda
1265 1649 1405 1700 popine

464 1713 593 1751 Muria
611 1713 839 1753 condiscas:
871 1729 947 1753 nou
967 1714 1137 1752 nocitura
1160 1714 1251 1752 seni.

1019 1779 1112 1817 Vale
1134 1786 1170 1816 et
1192 1778 1323 1815 salve!

251 1861 295 1897 In
337 1861 411 1899 fine
444 1862 605 1912 legitur:
636 1868 645 1884 ⁶
664 1864 720 1901 M.
741 1864 826 1900 Val.
861 1863 1056 1901 Marcialis
1090 1869 1206 1914 poete
1228 1863 1349 1900 Xenia
1381 1872 1420 1901 et
1445 1865 1691 1914 Apophoreta

252 1925 441 1974 impressa
462 1926 652 1964 Erffurdie
674 1939 742 1976 per
761 1926 973 1965 Johannem
990 1927 1145 1977 Knapp.
1169 1928 1281 1963 Anno
1299 1927 1443 1963 domini
1464 1938 1513 1965 M.
1532 1939 1571 1965 D.
1586 1940 1690 1966 vm.

250 1988 312 2024 die
333 2002 423 2025 vero
444 1989 623 2026 vicesima
643 2002 741 2026 nona
763 1990 901 2027 mensis
918 1991 1128 2027 Octobris.'
1162 1991 1345 2027 Notitiam
1371 1992 1485 2039 hujus
1502 1991 1594 2029 edit.
1613 1992 1687 2028 ele-

247 2051 397 2100 gantius
418 2051 607 2101 impressae
629 2053 810 2090 benevole
840 2053 1039 2090 nobiscum
1064 2053 1363 2091 communicavit
1384 2054 1451 2090 vir.
1473 2054 1562 2092 clar.
1585 2057 1685 2104 Aug,

248 2115 388 2153 Christ.
411 2116 598 2161 Borheck‚
623 2117 770 2155 Rector
791 2116 992 2154 Bielefeld.

306 2183 403 2217 1510
425 2180 566 2217 Aldina
589 2190 638 2217 11.
663 2185 697 2217 8.
719 2180 756 2217 in
777 2180 890 2217 aedib.
913 2180 1017 2217 Aldi.

300 2264 350 2270 —-
369 2244 514 2280 Veneta
536 2254 601 2281 XI.
622 2243 688 2280 fol.
705 2257 792 2281 cum
816 2245 975 2281 Merulae
996 2250 1034 2280 et
1053 2243 1248 2281 Calderini
1271 2244 1567 2282 commentariis.

302 2311 402 2344 1512
424 2305 597 2351 Juntina‚
621 2313 657 2345 8.
681 2308 846 2345 Florent.
881 2320 942 2357 ap.
963 2307 1060 2344 Phil.
1082 2308 1261 2345 Jnntam:
1292 2322 1404 2358 quam
1422 2309 1555 2346 nullibi
1579 2308 1684 2346 inve-

244 2369 382 2413 nimus,
405 2369 476 2405 nisi
497 2370 531 2406 in
554 2372 640 2408 Cat.
662 2371 762 2408 Bibl.
794 2371 1051 2409 selectissimae
1080 2372 1234 2408 Hemm.
1259 2374 1353 2409 Arn.
1378 2372 1582 2410 Werumaei
1599 2372 1688 2410 Jcti.

247 2432 434 2481 Groning.
456 2446 494 2482 p.
518 2440 580 2472 54.
602 2448 639 2471 n.
661 2441 753 2481 979.

299 2500 398 2533 1514
415 2498 562 2535 Veneta
588 2510 676 2536 XII.
699 2499 766 2536 fol.
800 2501 856 2537 M.
880 2499 964 2536 Val.
982 2499 1169 2536 Martialis
1189 2499 1463 2549 epigrammata
1484 2512 1573 2537 cum
1593 2499 1681 2537 Cal-

246 2557 365 2595 derini
386 2562 669 2599 commentariis
687 2576 731 2600 ac
753 2561 957 2613 figg.--Ex
978 2563 1102 2600 Catal.
1125 2563 1224 2600 Bibl.
1248 2566 1287 2601 S.
1309 2564 1345 2601 J.
1363 2564 1509 2600 Lovan.

295 2623 485 2661 —Paris.
520 2635 548 2662 1.
574 2625 707 2675 Sylvii.
735 2627 791 2663 M.
832 2627 915 2663 val.
947 2626 1136 2663 Martialis
1175 2626 1492 2676 epigrammatum
1529 2625 1680 2663 lectoris

243 2685 468 2725 castimonia
504 2688 702 2738 dignorum
734 2690 842 2737 liber,
872 2689 936 2727 ubi
967 2690 1092 2727 omnia
1126 2691 1283 2728 Veneris
1318 2690 1415 2727 illins
1451 2689 1683 2739 despuendae
