1866 3131
245 156 356 198 1446

244 268 339 294 veste
357 263 492 294 lectoris
511 263 634 302 attriti,
651 268 809 304 tegantur
827 264 938 294 tabula

245 314 399 353 abiegna.

287 364 538 396 EP1G.1.xxxv.
562 367 578 395 1
605 364 751 404 Nomina,
762 365 827 405 ssa]
854 365 938 396 Lec-

244 421 298 448 tus
326 417 427 448 habet
452 427 572 449 nomen
602 427 621 448 a
651 419 790 459 pavonis
818 417 938 458 plumis

246 468 368 509 quibus
391 474 541 501 ornatur.
573 469 660 500 Sunt
684 473 794 500 tamen
819 469 875 509 qui
892 469 938 499 ci-

244 523 352 550 treum
376 519 583 561 intelligunt.
615 519 754 550 Tabulae
778 519 865 550 enim
892 519 936 550 ci-

242 573 325 601 treae
343 570 493 601 undatim
508 571 628 610 crispae
638 575 747 609 erant,
764 575 799 600 et
811 569 936 609 majore

242 620 278 650 in
294 621 418 661 gratia,
439 621 466 651 si
491 631 657 661 pavonum
681 620 796 651 caudae
820 620 935 650 oculos

243 669 468 702 imitarentur.
504 671 591 702 Plin.
608 671 666 701 lib.
685 673 735 701 13.
754 680 827 709 cap.
846 673 895 700 15.

286 723 306 751 2
331 721 423 751 Nunc
451 722 586 751 Junom's
613 720 695 760 avis]
735 720 862 751 Fabula
896 730 938 751 ex

245 771 361 802 Ovidii
376 772 519 802 Metam.
543 774 570 802 1.
596 776 688 801 nota.
713 770 834 810 Argus]
858 770 939 801 Cus-

243 825 295 852 tos
312 821 369 852 Ius
381 831 562 852 conversus
574 821 608 852 in
625 830 800 861 pavonem.

286 873 394 904 EP1G.
434 882 585 904 Lxxxw.
622 876 638 903 1
671 873 833 912 Stragula,
869 871 939 911 ὅπη]

243 924 461 964 Ephippium.
498 923 661 954 Brodaeus
688 922 746 953 lib.
776 925 808 953 4.
841 921 940 953 Misc.

244 984 318 1014 cap.
334 977 384 1005 16.
406 974 532 1013 Ver-edi]
549 973 635 1015 Equi
647 972 807 1004 cursoris.
820 972 939 1012 Epigr.

246 1027 296 1055 14.
314 1023 370 1054 lib.
388 1026 440 1054 12.
457 1034 542 1054 vers.
556 1027 585 1055 1.

283 1077 305 1104 2
330 1073 426 1104 Ficus
449 1073 536 1114 equo]
559 1073 664 1105 Ulcus
686 1083 785 1114 quam
809 1071 941 1103 σύκωσιν

244 1130 378 1155 vocant.

287 1175 392 1206 EPIG.
411 1183 579 1206 Lxxxvtl.
599 1174 759 1215 Stibadia]
779 1173 941 1210 Στιβάδισν

243 1225 371 1256 torulus
388 1230 440 1255 est
454 1235 472 1256 e
489 1225 652 1265 gramine,
665 1224 790 1262 herbis,
812 1223 939 1254 frondi-

243 1276 317 1315 bus,
332 1285 389 1306 seu
402 1274 538 1306 floribus
555 1275 713 1314 stipatus,
729 1285 746 1304 a
762 1273 888 1309 στείβω.

287 1329 302 1356 l
326 1325 450 1356 Lunata
463 1325 574 1364 sigma,
587 1323 654 1363 ἔξω]
678 1325 862 1365 Postquam
881 1324 940 1355 tri-

242 1375 346 1405 clinia
361 1375 403 1404 ab
423 1384 484 1405 usu
500 1379 730 1413 recesserunt,
753 1380 788 1405 et
805 1383 864 1414 pro
882 1374 939 1405 tri-

244 1425 353 1456 cliniis
377 1425 534 1456 accubita
555 1429 590 1455 et
612 1424 760 1455 Stibadia
784 1424 850 1455 dici
873 1434 939 1455 cce-

243 1483 338 1516 pere,
373 1484 511 1515 quorum
541 1474 649 1515 figura
683 1475 940 1506 semicircularis

243 1530 328 1564 erat,
339 1530 441 1565 atque
453 1524 531 1555 inde
541 1525 647 1565 sigma
659 1535 780 1555 nomen
791 1526 940 1564 invenit;

244 1580 350 1607 totam
385 1585 532 1606 mensam
569 1585 635 1606 non
672 1575 943 1614 circumdabant,

244 1625 304 1657 sed
334 1625 481 1665 spatium
512 1625 545 1655 in
574 1634 615 1656 ea
643 1630 740 1666 parte
771 1626 941 1667 relinque-

244 1676 340 1714 bant,
363 1685 429 1716 qua
450 1675 597 1706 circulus
620 1675 814 1714 deficiebat,
833 1677 873 1706 ad
891 1677 939 1707 in-

243 1724 385 1756 ferenda
411 1735 459 1756 sc.
481 1724 625 1764 fercula,
649 1727 712 1756 &c.
743 1726 940 1757 Triclinium

244 1785 326 1816 ergo
343 1780 442 1807 erant
465 1780 534 1806 tres
559 1775 642 1806 lecti
665 1775 761 1806 divisi
786 1781 822 1807 et
845 1786 941 1817 sepa-

243 1825 325 1857 rati:
349 1826 454 1865 sigma
469 1835 550 1856 vero
564 1835 648 1856 unus
665 1832 850 1866 perpetuus
875 1828 940 1858 lec·

242 1880 311 1915 tus,
327 1875 586 1915 semirotundus,
601 1875 690 1916 quod
711 1880 746 1906 et
759 1876 939 1907 stibadium

243 1930 279 1956 et
293 1926 485 1956 accubitum
498 1925 629 1956 dixere.
661 1925 857 1956 Triclinium
871 1937 941 1957 orn-

241 1975 340 2006 nibus
357 1975 479 2005 mensis
496 1980 631 2014 poterat
646 1976 850 2006 convenire:
875 1977 940 2016 sig-

243 2035 298 2056 ma
335 2026 388 2055 vel
422 2024 605 2055 stibadium
635 2034 700 2055 non
737 2025 838 2056 item:
876 2035 939 2057 nec

244 2076 332 2106 euim
349 2075 457 2106 minus
474 2075 580 2114 sigma
592 2074 709 2114 majori
726 2084 861 2115 mensae,
877 2085 939 2107 nec

242 2125 351 2165 majus
375 2124 495 2155 minori
520 2125 674 2165 coaptari
701 2130 847 2165 poterat.
879 2127 938 2157 Se-

243 2174 388 2206 cundum
415 2184 495 2215 ergo
521 2184 711 2206 mensarum
738 2176 939 2217 magnitudi-

243 2234 319 2255 nem
331 2225 514 2265 quaerenda
525 2230 624 2256 erant
638 2235 741 2266 parva
750 2231 810 2258 aut
820 2237 939 2268 magna

243 2275 402 2315 Stibadia,
417 2285 491 2317 quae
508 2286 528 2306 a
543 2285 683 2307 numero
708 2277 938 2315 convivarum,

242 2336 324 2367 quos
341 2326 534 2366 capiebant,
555 2326 756 2358 dicebantur
779 2328 832 2357 vel
847 2333 937 2358 octa-

243 2377 343 2416 clina,
367 2387 443 2408 cum
466 2382 544 2408 octo
568 2383 744 2417 caperent,
769 2379 820 2408 vel
837 2379 938 2408 bexa-

244 2428 345 2465 clina,
370 2437 447 2457 cum
471 2436 551 2465 sex;
578 2432 613 2457 et
636 2427 684 2457 ita
710 2427 753 2458 de
783 2429 935 2458 caeteris:

242 2479 320 2509 hinc
344 2478 513 2509 Martialis
528 2477 586 2508 lib.
606 2480 637 2508 9.
655 2478 774 2518 Epigr.
789 2482 842 2510 60.
867 2480 875 2496 ‘
893 2480 938 2510 Et

243 2529 472 2559 testudineum
489 2537 622 2558 mensus
647 2536 770 2568 qnater
792 2529 937 2561 hexacli-

244 2578 334 2617 non,’
371 2581 437 2609 διο.
486 2578 618 2609 Salmas.
666 2579 788 2610 Lunata
822 2581 936 2621 sigma]

246 2628 363 2668 Epigr.
379 2631 432 2659 48.
449 2628 507 2660 lib.
534 2631 584 2660 10.
607 2638 691 2661 vers.
715 2633 746 2661 6.
779 2629 938 2671 Scriptum

244 2680 396 2710 testudine
410 2679 527 2719 sigma]
551 2680 733 2720 Scriptum,
755 2681 788 2711 id
804 2688 870 2721 est,
884 2693 936 2713 va-

246 2728 380 2769 riatum,
398 2730 538 2769 pictum.
574 2729 688 2763 Idem:
704 2733 714 2748 ⁴
733 2732 886 2773 Scriptus
903 2739 938 2765 et

701 166 837 197 NOTAE
874 167 1091 197 VARmRU
1104 169 1133 196 M
1171 169 1219 197 lN

990 267 1119 293 aeterno
1146 272 1233 294 nunc
1259 264 1400 304 primum
1423 263 1560 305 Jupiter
1583 265 1682 296 auto.⁹

991 313 1091 343 (ἰν-οη.

1033 363 1139 394 Epic.
1159 373 1344 395 Lxxxviu.
1376 365 1519 404 Gustum]
1544 366 1683 406 Reposi-

989 412 1110 443 torium
1137 413 1169 443 in
1194 424 1260 454 quo
1284 420 1397 455 gustus
1423 425 1481 446 seu
1509 420 1684 447 antecoena

989 463 1191 502 ponebatur.
1229 465 1290 495 Est
1307 474 1386 505 ergo
1402 467 1532 505 specics
1547 476 1685 498 mensae.

1033 517 1048 544 l
1075 513 1275 554 Foemineam,
1291 515 1361 556 &cd
1384 517 1435 546 Ex
1452 526 1598 557 persona
1611 527 1684 557 gus-

989 564 1121 595 tatoris.
1162 565 1574 598 Nonexornorvilioribus
1587 572 1683 607 puta-

987 613 1132 644 minibus
1168 614 1375 646 testudinum
1408 615 1619 647 foeminarum
1649 622 1684 648 et

987 666 1144 703 χερσινῶν,
1159 665 1191 695 id
1210 670 1274 702 est,
1294 667 1527 697 terrestrium:
1553 667 1684 697 Plinius

989 715 1046 745 lib.
1071 718 1102 746 9.
1125 725 1202 756 cap.
1232 720 1282 748 10.
1310 717 1367 747 sed
1398 718 1620 749 mascularum
1649 723 1685 748 et

988 764 1190 805 fulgentium
1221 776 1262 797 ex
1298 767 1417 798 Indico
1453 768 1561 799 Mari:
1592 768 1684 798 Plin.

990 816 1046 846 lib.
1062 819 1093 846 9.
1113 826 1188 857 cap.
1206 820 1256 848 ll.

1034 866 1306 898 EP1G.1.xxx¹x.
1332 871 1346 898 1
1372 868 1533 899 Atlantica
1544 870 1684 908 munera]

990 917 1124 948 Citreas
1152 928 1283 949 mensas
1316 929 1357 949 ex
1389 919 1541 959 Atlante,
1572 926 1685 951 moute

990 968 1221 999 Mauritaniae.
1246 969 1419 1009 Epigram.
1438 972 1490 1002 43.
1504 971 1526 1001 l.
1544 973 1575 1001 2.
1599 980 1685 1001 vers.

989 1021 1021 1050 9.
1038 1023 1073 1049 et
1091 1019 1208 1059 Epigr.
1226 1022 1281 1050 66.
1296 1020 1316 1049 l.
1336 1022 1385 1050 12.

1032 1072 1052 1099 2
1075 1069 1180 1100 Aurea
1202 1070 1266 1109 qui,
1291 1069 1360 1109 ξω]
1389 1070 1424 1100 Si
1448 1079 1489 1100 ex
1506 1079 1586 1101 auro
1602 1080 1686 1110 puro

989 1124 1072 1158 puto
1110 1118 1206 1150 fieret
1241 1129 1365 1157 mensa,
1398 1121 1532 1151 minoris
1574 1126 1686 1152 tamen

989 1174 1080 1199 esset
1097 1169 1198 1208 pretii
1214 1179 1312 1210 quarn
1329 1171 1447 1201 citrea.

1033 1219 1138 1250 Eme.
1168 1228 1225 1250 xc.
1265 1223 1280 1250 1
1309 1221 1422 1260 Crispa
1457 1220 1593 1260 quidem]
1637 1221 1685 1252 Ut

990 1267 1106 1299 citreae
1123 1277 1247 1299 mensae
1260 1279 1302 1300 ex
1319 1270 1550 1308 Mauritania3
1573 1271 1685 1309 modo,

990 1317 1090 1358 Epig.
1114 1322 1166 1350 58.
1202 1320 1268 1351 Nec
1288 1320 1480 1361 sylvoefilia]
1511 1321 1588 1351 Non
1613 1331 1686 1351 suni

991 1372 1073 1398 nata
1086 1368 1119 1398 in
1135 1369 1275 1400 Atlante
1292 1375 1406 1400 monte
1423 1375 1458 1401 et
1480 1371 1574 1410 sylva
1590 1372 1688 1402 Mau-

992 1427 1118 1457 rorum,
1134 1424 1171 1449 ut
1187 1419 1305 1459 citrea,
1320 1422 1384 1450 &c.

1033 1471 1052 1498 2
1078 1469 1121 1498 Et
1139 1479 1205 1499 mea
1227 1469 1328 1510 ligna]
1359 1470 1547 1500 Secundam
1566 1480 1586 1501 a
1601 1470 1688 1501 citro

991 1519 1136 1558 palmam
1154 1519 1299 1551 obtinuit
1315 1530 1406 1560 acer,
1431 1521 1530 1551 arbor
1554 1522 1688 1563 amplis-

991 1572 1074 1602 sima
1091 1582 1229 1612 operum
1247 1574 1415 1613 elegantia
1432 1584 1470 1604 ac
1484 1574 1688 1606 subtilitate.

991 1621 1080 1653 Plin.
1099 1623 1157 1653 lib.
1176 1626 1226 1654 16.
1242 1633 1320 1664 cap.
1335 1628 1364 1654 5.
1388 1624 1487 1655 Unde
1501 1625 1549 1655 sic
1563 1625 1685 1656 dietam

991 1672 1120 1713 volunt,
1134 1674 1222 1714 quod
1239 1674 1329 1704 acria
1343 1674 1375 1704 iu
1397 1684 1438 1704 ea
1453 1674 1619 1706 artificum
1636 1676 1685 1706 in-

991 1723 1090 1762 genia
1106 1729 1341 1755 exerceantur.
1378 1725 1460 1756 lead.

1035 1775 1225 1806 EP1G.XCI.
1249 1779 1265 1806 1
1293 1776 1448 1815 Grandia,
1459 1776 1530 1817 ἔξω]
1555 1778 1687 1808 Dentes

992 1825 1164 1865 elephanti
1181 1826 1390 1856 sustinebant
1407 1837 1538 1858 mensas
1553 1829 1688 1866 cineas,

992 1874 1026 1904 in
1043 1884 1157 1905 omnes
1172 1875 1296 1915 figuras
1317 1874 1431 1906 efficti.
1466 1877 1552 1908 Vide
1570 1879 1687 1919 Epigr.

992 1928 1043 1957 17.
1057 1932 1094 1956 et
1111 1929 1160 1957 19.
1178 1926 1235 1958 lib.
1258 1927 1548 1967 Spectaculorum.

1033 1978 1052 2005 2
1075 1975 1220 2015 Libyam,
1242 1976 1311 2015 lya]
1348 1978 1467 2017 Epigr.
1495 1981 1547 2008 43.
1572 1979 1629 2009 lib.
1653 1982 1683 2010 2.

992 2033 1076 2054 vers.
1093 2028 1124 2056 9.

1035 2075 1138 2104 Eme.
1169 2082 1260 2105 xcu.
1291 2078 1306 2106 1
1334 2075 1456 2106 Puncta
1478 2077 1574 2117 notis]
1612 2079 1684 2109 Dis-

992 2124 1099 2154 tiucta
1130 2124 1286 2164 pedibus,
1316 2126 1450 2165 palmis,
1482 2127 1609 2168 digitis,
1637 2130 1685 2160 uti

990 2174 1154 2214 distingui
1172 2174 1324 2206 videmus
1348 2175 1517 2208 fabrorum
1542 2181 1686 2219 regulas.

989 2225 1071 2264 llex,
1088 2225 1156 2265 ξω]
1181 2225 1333 2257 Amussis
1348 2238 1389 2258 ex
1405 2228 1491 2259 ilice.

1031 2280 1050 2307 2
1075 2277 1304 2317 Redemptoris]
1329 2278 1391 2309 Cui
1407 2280 1561 2311 locantur
1577 2283 1685 2322 pretio

989 2325 1137 2357 aedificia
1178 2328 1379 2360 extruenda.
1430 2331 1570 2363 Prodere
1592 2333 1685 2370 furtu

987 2381 1077 2421 solet]
1099 2381 1368 2421 Deprehendere
1384 2382 1532 2415 fraudes,

1031 2431 1136 2461 Eme..
1153 2440 1255 2462 xcni.
1281 2436 1295 2463 1
1326 2433 1395 2463 Non
1417 2437 1462 2464 est
1485 2435 1547 2465 ista
1569 2445 1683 2475 recens,

987 2480 1054 2520 Esau]
1088 2481 1158 2512 Ista
1182 2483 1301 2521 pocula
1327 2492 1391 2514 non
1415 2489 1492 2514 sunt
1513 2486 1685 2517 elaborata

989 2541 1007 2561 a
1033 2531 1136 2562 nobili
1164 2532 1274 2573 aliquo
1304 2533 1436 2564 artifice
1464 2534 1569 2565 nostri
1601 2541 1683 2567 tem-

989 2582 1092 2620 poris,
1122 2582 1181 2612 sed
1214 2583 1255 2613 ab
1287 2583 1362 2622 ipso
1394 2585 1564 2615 Mentore.
1603 2586 1683 2626 Epi-

990 2637 1174 2671 grammate
1202 2635 1253 2663 41.
1282 2633 1339 2663 lib.
1370 2636 1400 2664 3.
1430 2640 1463 2664 et
1489 2635 1605 2675 Epigr.
1629 2639 1681 2667 39.

989 2681 1049 2713 lib.
1064 2684 1094 2712 4.
1112 2692 1197 2712 vers,
1215 2686 1244 2712 5.
1271 2683 1363 2722 Coelz']
1384 2684 1459 2714 Stili
1475 2685 1659 2724 sculptorii.

1032 2732 1242 2763 Emesena
1260 2733 1335 2764 Hoc
1347 2733 1680 2775 dicit,quiacrystal-
