1866 3131
380 145 430 177 M.
464 146 574 176 VAL.
608 144 884 175 MAR'rtAms
920 145 1079 176 lesst’lcss.
1114 146 1207 176 Llss.
1243 147 1326 177 vll.

132 250 207 272 cum
223 249 306 271 vero
323 244 436 271 ostrea
452 241 592 281 proprie
616 240 714 271 cirris
739 248 833 270 carc-

133 296 204 329 ant,
229 301 304 322 cum
327 291 473 322 Brodaeo
496 291 553 323 lib.
568 294 599 322 9.
628 291 731 321 Misc.
756 300 833 330 cap.

133 344 186 372 29.
202 343 311 373 sentio
329 352 390 383 per
406 348 520 373 ostrea
542 342 701 383 intelligi,
725 346 833 372 ostra-

133 393 314 423 coderma:
341 398 462 433 utpote
490 393 652 431 locustas,
678 392 833 433 squillas,

137 453 293 482 cancrOS,
307 447 453 474 astacos.

175 496 195 523 8
219 493 332 524 Buccis
344 494 506 533 placentae,
520 492 588 533 effic]
604 493 665 533 Ut,
688 493 697 510 ‘
710 493 836 533 impro-

133 543 167 574 bi
184 544 279 584 panis
297 543 447 583 buccas‚'
463 543 717 583 Epigrammate
730 548 760 575 5.
777 544 835 575 lib.

135 596 187 624 10.
225 598 261 625 et
296 595 304 610 ‘
325 598 430 624 sectae
469 593 599 634 quadra
639 593 836 634 placenta‘‚’

138 646 258 686 Epigr.
281 648 335 677 77.
367 646 452 676 libro
469 648 500 676 3.
546 645 711 686 Mappam]
746 646 837 676 Dum

137 706 271 738 mappae
303 697 446 728 involvit
476 698 672 738 placentam
696 698 839 730 subduc-

138 753 207 779 tam
223 759 230 778 ε
256 749 310 779 vel
326 748 535 788 simpliciter,
549 748 732 780 sordidam.

179 802 199 830 9
218 800 356 840 Ollares]
371 799 456 832 Quae
474 799 507 830 in
524 799 590 830 olla
601 799 838 831 servabantur.

139 849 278 880 Platina
301 849 356 881 lib.
371 852 402 881 2.
431 854 466 880 et
493 850 583 881 Plin.
609 850 666 881 lib.
683 854 714 882 5.
741 860 771 882 c.
788 853 839 882 17.

143 900 319 932 Cotumen.
336 910 411 941 cap.
427 903 480 932 43.
498 900 585 931 libro
602 903 653 944 12.

187 953 225 981 11
248 952 429 989 Excavatoe,
444 952 513 992 ξω]
525 952 754 983 Granatorum
766 952 841 983 mal.

134 1000 308 1040 ‘Vulvae‚’
337 1003 448 1033 exesis
481 1003 653 1034 carnibus.
721 1002 842 1043 Vulvoe]

140 1052 329 1092 Ejectitiae.
374 1054 461 1084 Vide
478 1054 597 1094 Epigr.
615 1056 668 1085 56.
693 1054 718 1085 l.
738 1055 789 1085 13.
807 1059 842 1084 et

139 1102 250 1143 Apitii
268 1103 288 1134 l.
303 1113 334 1134 c.
346 1106 378 1135 7.

184 1156 221 1184 12
237 1153 444 1195 Lippaficas]
474 1155 502 1185 E
526 1164 592 1195 qua
614 1154 744 1185 lactens
768 1153 844 1185 fluit

136 1203 265 1235 humor.
310 1204 491 1244 Debilisque
508 1203 639 1245 boletus]
664 1205 741 1235 Non
756 1205 844 1245 opti-

138 1263 220 1286 muS.
265 1253 451 1286 Farnabius.
496 1254 605 1285 Immo
632 1255 773 1291 recisus,
789 1256 843 1286 vel

138 1305 231 1335 nullo
261 1309 320 1335 aut
347 1304 452 1335 debili
479 1305 586 1336 caule.
641 1305 689 1335 Ut
718 1305 844 1345 Statio,

138 1355 148 1372 ‘
165 1354 358 1396 debilisque
375 1354 507 1395 perna.'
533 1355 719 1386 Gronovius.

184 1408 224 1436 14
259 1405 430 1446 Spomlylos
455 1406 527 1436 sinu
557 1405 676 1444 condit]
720 1406 845 1437 Verte-

139 1456 263 1487 brasne
294 1456 513 1487 animalium?
545 1466 585 1486 au
616 1456 745 1496 pisces,
767 1467 842 1488 cum

141 1506 320 1537 Macrobio
341 1511 377 1537 et
392 1507 539 1538 Seneca:
564 1507 621 1547 qui
638 1507 751 1547 vulgo,
764 1507 845 1538 schi-

142 1555 230 1588 noli?
254 1567 296 1588 an
313 1558 528 1597 salsamenta,
551 1568 626 1589 cum
652 1559 845 1589 Athenaeo?

146 1608 330 1639 Salmasius
347 1617 430 1638 vero
444 1608 486 1639 de
504 1608 578 1638 aliis
593 1608 766 1649 spondylis
780 1619 846 1640 non

143 1657 206 1688 hoc
237 1657 496 1697 intelligendum
537 1658 634 1698 dicit,
663 1668 762 1699 quam
802 1659 846 1690 de

145 1714 330 1740 ostrearum
343 1709 544 1739 cervicibus.
568 1709 733 1739 Petronio
750 1711 848 1741 cocli-

144 1760 272 1790 learum
302 1759 453 1790 cervices
474 1760 645 1799 dicuntur,
669 1761 725 1801 qui
752 1761 847 1792 Grae-

146 1810 194 1841 cis
209 1808 373 1849 τράχηλοι.

190 1861 228 1889 15
251 1860 292 1890 Ec
307 1861 464 1898 devorato,
490 1860 560 1899 Era]
577 1860 721 1892 Sanctra
738 1865 846 1892 turtu-

147 1918 215 1940 rem
234 1909 347 1950 capite
365 1909 521 1941 detracto
537 1910 669 1942 furatus
687 1918 752 1942 est.

190 1962 230 1990 16
246 1959 370 2001 Longa]
385 1960 563 1992 Porrecta.

190 2012 230 2041 17
247 2009 411 2050 Analecta]
436 2011 520 2044 Quae
545 2011 606 2042 sub
626 2021 776 2043 mensam
793 2022 846 2043 ca-

147 2060 278 2091 debant
301 2061 353 2091 vel
378 2062 658 2103 projiciebantur,
683 2070 847 2104 erantque

146 2111 309 2142 ministris
339 2112 530 2152 relegenda.
590 2113 730 2145 Rectius
758 2115 847 2145 Scri-

148 2161 262 2192 verius
297 2161 494 2202 distinguit:
542 2165 666 2202 dextra,
697 2165 848 2195 Analecta

149 2211 313 2251 quicquid:
337 2222 413 2243 nam
438 2213 653 2254 ‘Analecta,'
677 2215 693 2245 ὁ
722 2214 849 2246 ἆναλέκ·

148 2272 217 2300 της,
238 2271 305 2292 non
326 2262 367 2293 τὰ
393 2261 564 2294 auctuum:
591 2265 669 2296 vide
693 2265 779 2296 libro
798 2268 849 2297 14.

151 2312 215 2352 Ep.
232 2315 284 2343 80.

196 2364 235 2392 ts
266 2363 332 2393 Nec
359 2364 525 2403 esculenta,
551 2364 621 2404 35⁰2]
649 2365 723 2397 Nec
754 2366 850 2397 cilios

153 2416 284 2443 tautum
300 2413 399 2453 rapit.
778 2441 780 2444 ,

197 2465 237 2493 19
254 2463 353 2493 Misto
369 2463 522 2503 lagenam,
546 2465 616 2506 lisa]
639 2465 740 2507 Aqua
765 2471 850 2498 tem-

152 2518 286 2554 perato,
311 2515 400 2556 quod
424 2517 514 2548 servi
546 2518 586 2548 ad
622 2519 727 2559 pedes
758 2518 850 2550 bibe-

155 2569 244 2596 rent.

195 2617 237 2645 20
266 2615 436 2656 Ducentas,
463 2616 534 2657 Era]
570 2618 698 2649 Multas
731 2617 850 2658 scalas,

153 2669 213 2696 ant
241 2665 407 2696 scalarum
438 2666 584 2706 gradus:
613 2672 648 2699 et
672 2668 848 2699 Sanco-am

154 2725 340 2757 pauperem
356 2715 416 2746 sub
432 2717 552 2756 tegulis
569 2717 643 2748 altis
659 2727 752 2749 more
769 2727 849 2758 pau-

242 2770 352 2810 Delplt.
370 2773 399 2801 et
418 2770 491 2801 Var.
505 2771 588 2801 Clas.

822 2770 908 2801 Mar!
914 2770 966 2802 iul.

1470 135 1581 177 1281

886 248 1003 279 perum
1021 239 1203 279 habitasse,
1230 246 1268 271 ut
1294 239 1413 281 Epigr.
1434 242 1505 271 115.
1521 241 1582 272 lib.

886 292 914 320 l.
932 289 984 319 vel
997 298 1058 329 per
1073 291 1196 321 multas
1213 291 1314 321 aedes.

926 342 968 369 22
993 339 1118 379 Vendit]
1133 340 1402 381 Ἀπροσδοκὴτωςε
1421 345 1584 381 expecta·

884 389 984 420 batur
1009 393 1046 420 ut
1076 400 1181 431 rapax
1211 397 1244 422 et
1274 391 1410 431 gulosus
1437 391 1586 422 Sanctra

885 446 1020 472 voraret
1033 442 1115 472 ista:
1134 442 1190 472 ille
1207 452 1286 473 vero
1299 451 1420 473 avarus
1434 446 1470 473 et
1481 442 1584 473 miser

886 490 1051 522 vendidit.

928 542 1031 574 Eme.
1049 551 1129 574 xxx.
1151 542 1312 574 Natalem
1329 543 1417 574 diem
1439 547 1474 573 et
1500 541 1587 573 fata-

885 593 952 624 lem
995 592 1125 624 Lucani
1164 593 1283 624 eodem
1328 595 1585 634 Epigrammate

887 644 978 674 canit
1004 649 1038 674 et
1068 643 1237 684 deplorat.
1283 644 1322 674 C.
1338 645 1473 676 Coesare
1500 645 1587 675 Ger-

889 695 1032 735 manico,
1054 695 1190 734 iterum,
1218 699 1253 725 et
1270 695 1309 725 L.
1327 695 1483 725 Caesiano
1498 704 1586 726 coss.

890 744 1075 784 Cordubae,
1088 754 1162 786 quae
1175 745 1351 785 Hispaniae
1363 745 1502 775 Baeticae
1515 754 1590 785 pro·

889 795 1013 834 vincia,
1029 799 1194 826 natusest
1209 795 1377 835 Lucanus,
1397 797 1430 826 4.
1456 794 1588 827 Nonar.

892 845 1076 876 Novembr.

936 898 951 926 l
972 896 1086 935 Magni
1100 897 1219 926 conscia
1231 895 1356 936 partus]
1377 896 1518 935 Lucani,
1533 905 1590 927 no-

892 945 969 976 bilis
985 945 1108 986 poetae.

935 999 954 1027 2
983 997 1087 1036 Polla,
1117 996 1216 1037 dedit]
1244 997 1340 1028 Polla
1374 996 1592 1038 Argentaria,

893 1057 978 1078 uxor
995 1048 1133 1079 Lucani.

935 1101 953 1128 3
972 1099 1072 1131 Heu!
1095 1099 1180 1129 Nero
1195 1097 1344 1138 crudelis]
1367 1098 1594 1139 Conspirave—

893 1154 945 1180 rat
962 1150 1116 1180 Lucanus
1135 1150 1169 1179 in
1186 1150 1372 1187 Neronem,
1395 1149 1482 1190 qnod
1501 1148 1592 1179 fama

893 1199 1051 1230 carminis
1067 1200 1137 1240 ejus
1159 1200 1378 1240 premebatur
1394 1210 1413 1230 a
1430 1199 1569 1230 Nerone
1584 1211 1592 1237 ς

893 1255 1014 1282 contra
1037 1259 1150 1291 quem,
1168 1255 1205 1281 ut
1227 1250 1321 1281 canit
1343 1249 1520 1290 Papinius,
1538 1255 1593 1280 est

893 1301 926 1331 in
940 1301 1073 1332 theatro
1097 1305 1290 1331 coronatus.
1336 1299 1493 1340 Nullaque
1515 1300 1594 1331 invi-

893 1352 955 1382 sior
988 1351 1109 1391 umbra]
1155 1350 1288 1382 Nullius
1325 1350 1422 1381 caede
1455 1350 1595 1382 invisior

895 1411 994 1444 quam
1011 1401 1154 1433 Lucani.
1196 1401 1252 1432 Sic
1269 1401 1311 1432 de
1334 1401 1498 1432 Cicerone
1515 1401 1594 1442 Epi-

896 1463 1045 1494 gramma
1061 1455 1114 1484 69.
1129 1452 1216 1483 libro
1232 1456 1263 1483 5.
1281 1461 1367 1483 vers.
1379 1454 1409 1483 2.

938 1506 957 1534 4
992 1504 1066 1534 Non
1095 1504 1213 1534 licuisse
1242 1503 1317 1542 tibi]
1347 1503 1512 1543 Respexit
1547 1504 1594 1543 id,

897 1553 1000 1595 quod,
1017 1554 1130 1584 multis
1144 1563 1162 1583 a
1186 1563 1221 1583 se
1239 1554 1373 1592 occisis,
1388 1554 1597 1592 (lixitNer-o,

898 1604 1077 1635 ‘Nescisse
1103 1603 1267 1634 hacteuus
1284 1604 1467 1643 Caesarem,
1491 1614 1596 1646 quan-

899 1659 969 1685 tum
986 1654 1188 1694 Imperatori
1205 1654 1362 1685 liceret.''

942 1705 1046 1735 EPIG.
1080 1713 1173 1735 xxii.
1207 1708 1221 1734 1
1255 1705 1354 1744 Vatis,
1383 1704 1449 1744 ἐξα]
1472 1704 1598 1735 Lucani

898 1755 1010 1796 poetae
1024 1754 1086 1786 sul)
1097 1754 1266 1794 Apollinis
1280 1754 1450 1794 praesidio.
1482 1755 1600 1785 Memo-

897 1806 1017 1845 rabilis,
1032 1804 1101 1846 Bym]
1118 1806 1236 1837 Clarus
1252 1811 1288 1836 et
1303 1805 1524 1836 celebrandus
1540 1815 1597 1837 na-

898 1856 991 1887 talis.

941 1911 959 1938 3
987 1908 1068 1938 Haee
1091 1907 1218 1947 meruit,
1242 1917 1309 1938 cum
1334 1910 1365 1938 te
1393 1907 1500 1947 terris,
1528 1907 1599 1947 Qu]

898 1958 986 1989 Haec
1003 1958 1075 1988 dies
1103 1958 1156 1988 vel
1180 1962 1322 1998 propter
1346 1963 1394 1997 te,
1417 1958 1600 1997 oLucane,

898 2008 1029 2038 editum
1046 2007 1180 2046 meruit,
1197 2013 1233 2038 ut
1250 2007 1370 2046 Baetis,
1387 2007 1519 2047 patrius
1534 2008 1601 2038 Lu·

898 2060 974 2089 cani
991 2057 1126 2098 fluvius,
1137 2059 1471 2090 numerareturinter
1485 2058 1599 2090 fontes

899 2112 1088 2142 Musarum.

943 2162 1044 2192 Eme.
1083 2169 1194 2192 xxm.
1224 2164 1239 2192 1
1269 2161 1393 2201 Phoebe,
1426 2160 1496 2192 ceni
1514 2170 1525 2197 ;
1546 2161 1601 2191 sed

899 2215 1042 2252 quantas,
1069 2211 1136 2252 5⁶⁶]
1159 2211 1212 2242 Ad
1242 2221 1337 2242 sacra
1363 2211 1447 2251 haec,
1477 2210 1597 2251 quibus

900 2261 1111 2292 celebramus
1137 2261 1286 2292 natalem
1315 2262 1457 2299 Lucani,
1484 2261 1538 2292 cui
1562 2266 1599 2292 tu

899 2313 972 2353 ipse
988 2311 1112 2342 dedisti
1130 2311 1313 2343 secundam
1335 2312 1492 2343 carminis
1508 2313 1600 2352 epici

901 2373 921 2394 a
935 2363 1081 2403 Virgilio
1096 2362 1247 2402 gloriam.

943 2417 963 2444 4
988 2414 1078 2454 Soepe
1108 2414 1201 2452 colas,
1226 2411 1293 2452 Cyan]
1327 2412 1398 2444 Diu
1424 2412 1533 2452 vivas,
1562 2418 1599 2444 ut

902 2465 1082 2505 quotannis
1098 2464 1189 2494 colas
1206 2463 1292 2494 hunc
1308 2463 1422 2493 mariti
1442 2463 1491 2494 tui
1508 2467 1600 2494 nata-

901 2517 978 2548 lem.

944 2567 1047 2598 Erro.
1069 2574 1171 2597 xxiv.
1197 2568 1214 2596 1
1242 2565 1320 2596 Cum
1344 2565 1506 2604 Juvenale,
1530 2566 1600 2605 ὅπη]

903 2617 988 2649 Quae
1014 2620 1124 2647 tentas
1155 2616 1383 2646 contentionis
1409 2620 1444 2646 et
1470 2616 1599 2647 dissidii

901 2667 1030 2697 semina
1043 2675 1155 2697 serere
1172 2665 1262 2697 inter
1277 2675 1331 2697 me
1348 2671 1383 2697 et
1397 2666 1600 2698 Juvenalem

901 2726 1027 2757 meum,
1050 2716 1223 2757 egregium
1241 2716 1335 2748 illum
1353 2717 1470 2758 procul
1495 2716 1598 2747 dubio

1432 2773 1449 2801 -1
1476 2771 1511 2801 Μ
