1866 3131
226 175 338 229 1250

224 280 306 311 velit
323 279 455 317 bibere,
468 280 644 311 exhauriat
663 290 782 322 aquam
795 283 927 323 clepsy-

225 330 318 369 drae3
343 331 373 361 id
393 336 456 369 est,
472 336 509 361 ut
532 331 600 361 cito
616 331 712 363 finiat
728 333 929 372 orationem,

223 392 289 422 qua
304 381 482 412 occidebat
500 382 685 414 auditores,
711 384 792 415 Raa.

268 435 283 462 l
312 432 513 472 Clepsydras]
560 434 745 474 Horologia
780 434 928 475 aquaria,

223 483 353 523 phialas
383 493 401 514 e
428 484 528 523 vitro,
548 494 667 524 cupro,
691 488 925 526 argento,&c.

224 533 378 566 ςκλέπτω
404 540 438 566 et
465 535 552 576 ὕδωρ,
578 545 639 576 per
665 546 739 575 quae
763 537 925 576 guttatim

222 584 340 616 defluit
355 595 443 626 aqua
459 585 501 616 ad
521 591 708 626 temporum
735 586 848 625 spatia
877 585 926 616 di-

223 636 407 675 metienda,
420 636 539 676 priscis
558 637 590 666 iu
610 647 682 674 usu,
700 642 735 666 ut
753 636 853 666 hodie
870 636 926 667 ho-

221 686 346 726 rologia
364 688 529 725 arenaria,
543 687 768 726 honr-glasses:
794 687 927 727 clepsy-

222 737 285 767 dra
302 744 417 768 autem
437 739 572 769 tertiam
596 736 670 767 fere
685 738 775 767 horae
793 741 926 777 partem

221 789 430 821 continebat.
475 789 563 819 Vide
588 789 678 819 Plin.
695 789 752 819 lib.
768 792 801 819 2.
819 788 928 828 Epist.

222 843 274 871 ll.
301 847 337 872 et
359 842 477 882 Epigr.
503 844 534 872 2.
562 840 620 872 lib.
644 844 675 872 6.
701 845 735 871 et
761 839 926 871 Budaeum

221 891 256 922 in
274 891 444 923 Pandect.
477 902 553 932 pag.
580 894 655 922 371.
696 891 866 921 Lucianus
892 891 926 921 in

218 941 356 972 Ἀλιεῦσι
380 943 582 982 simpliciter
609 941 684 981 ὕδωρ
711 951 771 981 pro
793 942 926 982 clepsy-

221 992 280 1022 dra
312 992 417 1033 ponit.
478 993 660 1023 Dabautur
689 993 878 1033 clepsydrae
907 1002 927 1024 a

215 1043 404 1083 judicibus,
430 1048 467 1073 ut
493 1043 570 1073 hine
589 1043 691 1074 etiam
710 1043 925 1074 manifestum

221 1099 286 1132 est,
300 1099 335 1124 et
355 1095 467 1134 plnres
492 1093 692 1124 defendenti
709 1104 807 1135 quam
827 1105 925 1125 accu-

220 1144 319 1174 santi.
370 1144 458 1174 Vide
490 1145 580 1176 Plin.
608 1145 718 1185 Epist.
745 1147 776 1177 9.
805 1146 862 1176 lib.
892 1148 923 1176 4.

220 1194 311 1225 nude
338 1193 455 1234 fiebat,
484 1200 518 1225 ut
546 1195 726 1236 aliquando
749 1195 924 1231 Oratores,

221 1245 414 1276 elaboratas
439 1255 516 1275 suas
545 1246 730 1284 orationes,
753 1253 786 1277 et
804 1247 925 1277 multa—

220 1306 292 1326 rum
317 1297 467 1327 noctium
485 1297 595 1336 pretio
620 1298 815 1336 cestiniataffi
832 1302 924 1328 totas

221 1347 368 1377 recitare
385 1357 450 1377 non
471 1352 620 1387 possent.
667 1348 716 1378 M.
733 1347 925 1378 Antoninus

220 1396 416 1437 Imperator
451 1403 487 1428 et
522 1398 749 1438 Philosophus
791 1400 925 1439 clepsy-

219 1448 297 1478 dras
341 1448 546 1479 Oratoribus
588 1449 774 1479 liberaliter
819 1449 925 1482 dedit.

220 1499 390 1529 Caeterum
409 1509 621 1540 unaquaeque
639 1500 818 1540 clepsydra
835 1499 926 1530 efflu-

220 1551 313 1587 ebat,
335 1555 372 1580 ut
401 1551 533 1591 opinor,
561 1551 670 1590 spatio
688 1551 799 1581 tertiae
820 1552 926 1591 partis

219 1600 317 1630 nnius
335 1601 439 1632 horae.
475 1601 563 1631 Vide
578 1601 666 1632 Plin.
680 1601 738 1632 lib.
751 1605 801 1633 ll.
815 1603 925 1642 Epist.

220 1654 271 1682 11.
310 1652 390 1682 Her.
453 1653 572 1691 Magna
601 1653 660 1683 tibi
695 1664 764 1684 voce
791 1654 925 1694 petenti]

218 1701 390 1742 Tanquam
421 1709 554 1741 gratnm
579 1703 639 1733 tibi
664 1702 797 1734 faceret
817 1704 925 1743 judex

219 1753 355 1794 longum
375 1754 511 1785 dicendi
529 1755 674 1795 spatium
692 1756 924 1788 concedendo.

261 1807 280 1835 2
305 1805 448 1844 Arbiter]
475 1805 602 1837 Judex.

263 1857 281 1884 3
310 1855 488 1894 Tepentem]
523 1856 622 1886 Mora
646 1856 824 1895 egelidam.
870 1857 923 1888 An

219 1914 238 1935 a
252 1905 322 1936 sole
338 1906 389 1936 vel
407 1906 484 1944 igne
501 1905 670 1936 calidam?
691 1916 788 1946 quam
804 1908 924 1947 supino

220 1965 278 1986 ore
296 1956 381 1986 bibis
409 1956 450 1987 ad
469 1966 584 1987 vocem
601 1961 636 1987 et
664 1957 752 1987 vires
770 1957 925 1988 reficien-

220 2007 292 2045 das,
319 2007 484 2048 simulque
513 2014 549 2038 ut
575 2014 708 2048 tenipus
729 2011 922 2048 protrahas:

221 2058 362 2089 bibendi
378 2064 490 2090 auteur
509 2059 780 2100 interagendum
800 2069 924 2090 morem

218 2109 307 2139 huuc
326 2120 345 2139 a
362 2119 421 2139 ¹suo
435 2114 568 2140 oratore
584 2111 702 2150 procul
719 2111 836 2141 abesse
855 2112 926 2142 vult

221 2159 344 2189 Fabius
365 2159 420 2190 lib.
443 2163 491 2192 ll.
514 2169 590 2199 cap.
609 2162 668 2192 ult.

262 2212 282 2240 4
319 2209 545 2250 Semisnpinus]
590 2212 763 2252 Exprimit
797 2218 924 2252 gestum

220 2259 378 2299 biberim,
412 2266 445 2291 et
473 2262 656 2301 ampullam
686 2262 927 2302 exhaurientis,

221 2320 321 2351 quum
341 2317 445 2350 caput
473 2313 647 2352 supinant,
673 2318 711 2342 ut
728 2313 764 2352 ii,
784 2313 840 2354 qui
858 2323 925 2343 am-

222 2362 346 2402 phoras
361 2367 447 2393 totas
467 2362 608 2393 siccant.
636 2363 717 2393 fiad.

264 2417 281 2443 5
313 2413 355 2443 Ut
371 2414 495 2443 tandem
511 2415 617 2452 saties,
633 2413 701 2453 ἱγικ]
725 2414 768 2444 Et
786 2414 924 2444 exhaus-

221 2469 256 2494 ta
274 2464 412 2493 taudem
439 2463 627 2504 clepsydra
649 2463 758 2502 finias,
788 2469 925 2505 tuaeque

222 2513 295 2544 voci
313 2523 351 2543 ac
367 2513 490 2543 nostris
507 2512 643 2543 auribus
667 2523 801 2554 parcas.
839 2515 925 2546 Vide

221 2564 371 2595 Turneb.
385 2563 442 2594 lib.
455 2566 511 2594 25.
526 2573 600 2604 cap.
614 2567 668 2595 27.

266 2615 370 2645 Eme.
396 2622 529 2644 XXXVI.
568 2614 798 2646 Tiicubitales
824 2620 858 2647 et
883 2615 925 2647 ad

222 2674 320 2695 omne
337 2664 559 2695 ministerium
575 2664 851 2697 instrumentales
869 2662 925 2697 na-

224 2724 280 2745 sos
313 2720 500 2755 emungunt
538 2716 711 2756 aliquanto
751 2717 925 2748 honestius

224 2765 533 2806 Epigrainmatistae
552 2766 681 2798 Graeci.
714 2767 851 2800 Anthol.
868 2769 925 2800 lib.

694 187 719 215 N
731 186 834 215 0¹1*AE
872 186 1091 217 VARloRt‘i
1106 188 1135 216 M
1173 187 1221 217 IN

979 284 1009 312 2.
1024 291 1099 321 cap.
1116 284 1169 312 23.

1024 333 1125 363 Eme.
1143 340 1310 364 xxxviii.
1347 333 1481 364 Laudat
1497 332 1600 364 filium
1620 332 1684 364 Re-

980 384 1048 423 guli
1066 384 1221 422 oratoris,
1237 382 1418 424 faustaque
1432 384 1544 414 eidem
1561 384 1685 415 omina-

980 439 1046 473 tur,
1062 434 1151 476 quod
1170 440 1280 466 tamen
1299 439 1410 465 votum
1429 436 1527 466 inane
1543 434 1621 466 fuit.

1022 488 1038 516 1
1066 485 1200 525 Parvus]
1237 485 1376 516 Filiolus
1391 486 1535 526 Reguli:
1560 486 1602 516 de
1621 494 1687 526 quo

979 535 1057 566 vide
1076 537 1165 568 Pliu.
1194 537 1303 577 Epist.
1328 540 1360 568 2.
1388 538 1444 568 lib.
1470 540 1502 568 4.
1548 537 1616 567 Nec
1632 538 1686 567 ad-

977 586 1035 616 Ιιιιε
1050 587 1211 618 trieteride
1235 587 1340 627 plena]
1380 587 1542 618 Nondum
1570 587 1685 618 trimu-

978 637 1051 668 lus:
1076 637 1135 668 ἀπὸ
1149 638 1206 668 τοῦ
1219 639 1356 678 τριετοῦς
1367 638 1685 678 trieteris,spatium

978 690 1008 720 3.
1022 696 1242 730 annoriin1‚et
1256 689 1379 720 festum
1394 690 1531 721 Baccho
1543 699 1687 728 sacrum,

978 745 1121 779 propter
1145 740 1403 780 expeditionem
1431 740 1472 770 ad
1498 739 1601 770 Indos
1624 739 1685 770 tri-

978 790 1080 820 ennio
1095 796 1262 822 exactam.

1021 842 1040 870 3
1067 841 1288 881 Maternosque
1318 840 1418 880 simis]
1475 840 1605 871 Avidus
1637 850 1685 871 sc.

977 891 1085 930 patris
1127 891 1299 931 audiendi,
1335 891 1482 931 negligit
1520 897 1687 930 matrem3

978 943 1071 973 velut
1093 942 1166 983 jain
1193 947 1265 974 tum
1288 947 1427 974 aetateiu
1446 942 1581 981 ingenio
1598 951 1685 982 prae-

977 1002 1128 1032 currens,
1168 992 1311 1024 nucibus
1367 992 1511 1032 relictis,
1554 992 1684 1033 majora

976 1048 1163 1084 spectaret.

1018 1097 1037 1124 4
1062 1094 1157 1133 Snus]
1192 1094 1231 1124 Iu
1249 1103 1284 1124 se
1301 1092 1470 1123 derivari:
1506 1093 1559 1122 vel
1574 1092 1682 1123 haere-

976 1144 1051 1175 dem
1069 1155 1133 1175 non
1154 1146 1333 1183 bonorum,
1348 1144 1407 1174 sed
1425 1143 1561 1174 laudum
1579 1145 1683 1175 etiam

977 1200 1011 1225 et
1029 1195 1208 1226 virtutum.
1235 1196 1316 1227 Raa.

1019 1250 1036 1277 5
1065 1247 1252 1286 Geniumque
1267 1244 1420 1285 viri,&c.]
1454 1245 1574 1275 Causae
1595 1249 1682 1275 actae

976 1306 1089 1327 coram
1108 1297 1340 1327 Centumviris
1358 1307 1365 1326 2
1393 1296 1447 1336 qni
1461 1300 1572 1326 tamen
1587 1300 1684 1326 eraut

977 1350 1050 1377 105.
1070 1357 1145 1377 curu
1165 1357 1207 1377 cx
1225 1350 1275 1377 35.
1295 1347 1443 1377 tribuum
1463 1346 1603 1385 siugulis
1618 1352 1685 1377 ter-

977 1399 1010 1428 ni
1027 1399 1236 1438 eligerentur
1257 1397 1533 1438 adjudicandum
1558 1398 1600 1428 de
1618 1398 1684 1428 hre-

978 1449 1197 1479 rcditatibns.
1243 1448 1331 1478 Vide
1357 1448 1466 1479 Tacit.
1481 1449 1622 1488 Dialog.
1642 1449 1683 1478 de

978 1500 1151 1530 Omtorib.
1170 1505 1203 1530 et
1223 1499 1310 1528 Plin.
1329 1499 1438 1538 Epist.
1459 1501 1508 1529 14.
1526 1499 1583 1530 lib.
1601 1501 1631 1529 2.
1648 1505 1685 1530 et

977 1559 1054 1579 mox
1071 1560 1160 1580 vers.
1187 1554 1218 1579 5.
1241 1549 1318 1579 vide
1347 1556 1382 1579 ct
1407 1550 1616 1589 Epigrainiu.
1632 1551 1684 1579 62.

976 1600 1034 1630 lib.
1062 1604 1092 1631 7.
1316 1601 1452 1640 Εονυιιιι]
1486 1600 1684 1631 Tribnualia

976 1651 1229 1682 circumstante.

1018 1706 1037 1733 6
1060 1704 1151 1733 dulia
1178 1701 1273 1742 tecta]
1309 1701 1399 1733 Julia
1423 1701 1581 1739 Basilica,
1599 1700 1683 1732 Julii

978 1754 1062 1785 Cas
1082 1754 1245 1794 templum
1276 1753 1307 1783 in
1335 1751 1422 1790 foro,
1448 1752 1479 1781 in
1498 1760 1564 1792 quo
1581 1760 1681 1790 coge-

977 1805 1100 1836 bantur
1132 1814 1163 1835 c.
1191 1806 1336 1835 virorum
1363 1808 1509 1843 quatuor
1540 1800 1684 1831 coucilia

975 1856 1016 1885 ad
1038 1865 1173 1884 caussas
1190 1854 1230 1884 de.
1250 1854 1460 1884 testamentis
1486 1850 1685 1886 audiendas,

975 1906 1061 1935 Yide
1098 1905 1187 1934 Ptin.
1215 1904 1324 1944 Epist.
1351 1905 1405 1933 21.
1431 1902 1487 1932 lib.
1507 1906 1539 1931 5.
1563 1908 1598 1932 et
1622 1901 1681 1933 lib.

975 1958 1005 1986 6.
1048 1955 1158 1994 Epist.
1191 1957 1243 1985 33.
1289 1953 1365 1983 vide
1407 1958 1440 1983 et
1476 1953 1557 1984 Jaui
1595 1954 1679 1983 Par-

977 2006 1074 2036 rhasii
1104 2005 1217 2045 Epist.
1244 2007 1297 2034 57.
1363 2002 1512 2042 Placent]
1560 2004 1681 2043 Reguli

976 2057 1044 2086 filio
1070 2057 1205 2096 placent
1233 2055 1386 2085 actiones
1409 2053 1499 2094 apud
1517 2054 1679 2085 Centum-

978 2108 1085 2145 viros;
1115 2108 1260 2148 quasiet
1285 2107 1357 2146 ipse
1375 2107 1445 2146 jam
1471 2110 1616 2146 cuperet
1631 2107 1679 2137 iu—

977 2158 1096 2189 sistere
1115 2158 1257 2198 vestigia
1274 2157 1392 2198 patris.

1019 2211 1036 2238 7
1061 2208 1154 2239 Acris
1168 2208 1239 2247 equi
1254 2207 1379 2243 soboles,
1394 2206 1464 2247 ἐγὼ]
1489 2206 1620 2238 Allndit
1637 2207 1679 2238 ad

979 2257 1103 2288 Horat.
1159 2258 1306 2288 ‘Fortes
1336 2261 1496 2287 creantur
1534 2256 1678 2288 fortibus

977 2316 1011 2340 et
1029 2309 1142 2340 bonis:
1168 2310 1231 2340 Est
1246 2309 1455 2348 iujuvencis,
1468 2308 1567 2339 estin
1585 2309 1680 2350 equis

976 2366 1111 2402 patrum
1130 2359 1259 2399 virtus,'
1278 2364 1341 2390 occ.

1019 2414 1038 2441 8
1074 2410 1167 2440 Molli
1190 2409 1316 2449 fronte]

977 2466 1150 2493 cornutus,

1020 2515 1060 2543 10
1094 2509 1227 2550 Natum]
1264 2510 1399 2547 Filium,
1428 2514 1580 2550 paternae
1611 2510 1679 2542 elo-

976 2562 1125 2604 quentiae
1157 2562 1326 2592 aemulum.
1374 2560 1477 2601 Duos]
1515 2561 1678 2592 Maritum

976 2622 1011 2647 et
1028 2615 1144 2647 filium.
1190 2615 1330 2645 Irrituin
1356 2619 1469 2645 autem
1496 2613 1558 2644 hoc
1586 2612 1678 2645 fece-

978 2671 1057 2697 runt
1083 2666 1205 2697 Pareae
1233 2671 1361 2696 votum.
1407 2665 1496 2695 Vide
1513 2668 1543 2695 2.
1570 2665 1678 2705 Epist.

976 2722 1007 2749 4.
1025 2718 1114 2749 Ptin.

1019 2769 1122 2799 Eme.
1138 2775 1266 2798 xxxix.
1289 2765 1469 2797 Adulteria
1481 2765 1593 2796 uxoris
1603 2766 1677 2797 Ma-

1122 1611 1209 1631 vcrs.
1235 1605 1266 1631 5.

1361 2407 1502 2449 Ἀκέρως,
1528 2409 1617 2440 nond
1623 2419 1678 2441 um
