<?xml version="1.0" encoding="UTF-8"?>
<!DOCTYPE html PUBLIC "-//W3C//DTD XHTML 1.0 Transitional//EN"
    "http://www.w3.org/TR/xhtml1/DTD/xhtml1-transitional.dtd">
<html xmlns="http://www.w3.org/1999/xhtml" xml:lang="en" lang="en">
 <head>
  <title>
</title>
<meta http-equiv="Content-Type" content="text/html;charset=utf-8" />
  <meta name='ocr-system' content='tesseract 3.04.00' />
  <meta name='ocr-capabilities' content='ocr_page ocr_carea ocr_par ocr_line ocrx_word'/>
</head>
<body>
  <div class='ocr_page' id='page_1' title='image "./epigrammataexedi03martuoft_0302.png"; bbox 0 0 1866 3131; ppageno 0'>
   <div class='ocr_carea' id='block_1_1' title="bbox 251 185 364 227">
    <p class='ocr_par' dir='ltr' id='par_1_1' title="bbox 251 185 364 227">
     <span class='ocr_line' id='line_1_1' title="bbox 251 185 364 227; baseline 0.009 -1"><span class='ocrx_word' id='word_1_1' title='bbox 251 185 364 227; x_wconf 76' lang='lat'>1362</span> 
     </span>
    </p>
   </div>
   <div class='ocr_carea' id='block_1_2' title="bbox 242 287 952 2805">
    <p class='ocr_par' dir='ltr' id='par_1_2' title="bbox 248 287 951 677">
     <span class='ocr_line' id='line_1_2' title="bbox 251 287 950 329; baseline -0.003 -9"><span class='ocrx_word' id='word_1_2' title='bbox 251 289 383 321; x_wconf 80' lang='lat' dir='ltr'><strong><em>Publica</em></strong></span> <span class='ocrx_word' id='word_1_3' title='bbox 400 288 504 329; x_wconf 82' lang='lat' dir='ltr'>quem]</span> <span class='ocrx_word' id='word_1_4' title='bbox 541 287 686 319; x_wconf 83' lang='lat' dir='ltr'><strong>Causam</strong></span> <span class='ocrx_word' id='word_1_5' title='bbox 704 288 799 319; x_wconf 81' lang='lat' dir='ltr'>addit</span> <span class='ocrx_word' id='word_1_6' title='bbox 812 289 950 326; x_wconf 82' lang='lat' dir='ltr'>Festus3</span> 
     </span>
     <span class='ocr_line' id='line_1_3' title="bbox 249 337 951 381; baseline -0.004 -10"><span class='ocrx_word' id='word_1_7' title='bbox 249 341 339 372; x_wconf 87' lang='lat' dir='ltr'>Jano</span> <span class='ocrx_word' id='word_1_8' title='bbox 350 340 492 381; x_wconf 86' lang='lat' dir='ltr'>primum</span> <span class='ocrx_word' id='word_1_9' title='bbox 503 337 605 369; x_wconf 85' lang='lat' dir='ltr'>fuisse</span> <span class='ocrx_word' id='word_1_10' title='bbox 617 339 859 379; x_wconf 85' lang='lat' dir='ltr'>supplicatum,</span> <span class='ocrx_word' id='word_1_11' title='bbox 870 348 951 379; x_wconf 83' lang='lat' dir='ltr'>qua-</span> 
     </span>
     <span class='ocr_line' id='line_1_4' title="bbox 253 390 950 431; baseline -0.004 -9"><span class='ocrx_word' id='word_1_12' title='bbox 253 392 280 422; x_wconf 85' lang='lat' dir='ltr'>si</span> <span class='ocrx_word' id='word_1_13' title='bbox 298 390 445 431; x_wconf 88' lang='lat' dir='ltr'>parenti,</span> <span class='ocrx_word' id='word_1_14' title='bbox 460 400 479 420; x_wconf 88' lang='lat' dir='ltr'>a</span> <span class='ocrx_word' id='word_1_15' title='bbox 494 399 559 431; x_wconf 89' lang='lat' dir='ltr'>quo</span> <span class='ocrx_word' id='word_1_16' title='bbox 577 399 690 420; x_wconf 90' lang='lat' dir='ltr'>rerum</span> <span class='ocrx_word' id='word_1_17' title='bbox 713 390 858 421; x_wconf 89' lang='lat' dir='ltr'>omnium</span> <span class='ocrx_word' id='word_1_18' title='bbox 883 390 950 420; x_wconf 84' lang='lat' dir='ltr'>fac-</span> 
     </span>
     <span class='ocr_line' id='line_1_5' title="bbox 251 440 951 482; baseline -0.001 -10"><span class='ocrx_word' id='word_1_19' title='bbox 251 447 322 472; x_wconf 90' lang='lat' dir='ltr'>tum</span> <span class='ocrx_word' id='word_1_20' title='bbox 348 440 516 482; x_wconf 86' lang='lat' dir='ltr'>putabant</span> <span class='ocrx_word' id='word_1_21' title='bbox 542 441 756 481; x_wconf 87' lang='lat' dir='ltr'>principium.</span> <span class='ocrx_word' id='word_1_22' title='bbox 799 441 897 473; x_wconf 79' lang='lat' dir='ltr'>Quod</span> <span class='ocrx_word' id='word_1_23' title='bbox 916 446 951 471; x_wconf 90' lang='lat' dir='ltr'>et</span> 
     </span>
     <span class='ocr_line' id='line_1_6' title="bbox 253 491 950 531; baseline -0.007 -6"><span class='ocrx_word' id='word_1_24' title='bbox 253 493 357 525; x_wconf 83' lang='lat' dir='ltr'>ovid.</span> <span class='ocrx_word' id='word_1_25' title='bbox 382 496 411 524; x_wconf 86' lang='lat' dir='ltr'>l.</span> <span class='ocrx_word' id='word_1_26' title='bbox 432 493 524 523; x_wconf 87' lang='lat' dir='ltr'>Fast.</span> <span class='ocrx_word' id='word_1_27' title='bbox 554 497 719 522; x_wconf 88' lang='lat' dir='ltr'>testatur:</span> <span class='ocrx_word' id='word_1_28' title='bbox 743 493 751 508; x_wconf 94' lang='lat'>‘</span> <span class='ocrx_word' id='word_1_29' title='bbox 772 492 816 522; x_wconf 84' lang='lat' dir='ltr'>Ut</span> <span class='ocrx_word' id='word_1_30' title='bbox 842 491 950 531; x_wconf 70' lang='lat' dir='ltr'>possis</span> 
     </span>
     <span class='ocr_line' id='line_1_7' title="bbox 249 542 950 584; baseline -0.003 -10"><span class='ocrx_word' id='word_1_31' title='bbox 249 545 379 574; x_wconf 81' lang='lat' dir='ltr'>aditum</span> <span class='ocrx_word' id='word_1_32' title='bbox 405 553 465 584; x_wconf 86' lang='lat' dir='ltr'>per</span> <span class='ocrx_word' id='word_1_33' title='bbox 487 553 539 574; x_wconf 85' lang='lat' dir='ltr'>me</span> <span class='ocrx_word' id='word_1_34' title='bbox 564 545 621 584; x_wconf 83' lang='lat' dir='ltr'>qui</span> <span class='ocrx_word' id='word_1_35' title='bbox 648 544 762 574; x_wconf 90' lang='lat' dir='ltr'>limina</span> <span class='ocrx_word' id='word_1_36' title='bbox 783 552 878 574; x_wconf 89' lang='lat' dir='ltr'>servo</span> <span class='ocrx_word' id='word_1_37' title='bbox 897 542 950 573; x_wconf 83' lang='lat' dir='ltr'>Ad</span> 
     </span>
     <span class='ocr_line' id='line_1_8' title="bbox 249 593 951 636; baseline -0.003 -11"><span class='ocrx_word' id='word_1_38' title='bbox 249 604 469 636; x_wconf 82' lang='lat' dir='ltr'>quoscunque</span> <span class='ocrx_word' id='word_1_39' title='bbox 505 595 609 634; x_wconf 88' lang='lat' dir='ltr'>voles,</span> <span class='ocrx_word' id='word_1_40' title='bbox 654 594 779 635; x_wconf 92' lang='lat' dir='ltr'>inquit,</span> <span class='ocrx_word' id='word_1_41' title='bbox 827 593 951 623; x_wconf 84' lang='lat' dir='ltr'>habere</span> 
     </span>
     <span class='ocr_line' id='line_1_9' title="bbox 248 645 365 677; baseline 0.009 -1"><span class='ocrx_word' id='word_1_42' title='bbox 248 645 365 677; x_wconf 65' lang='lat' dir='ltr'>Deos!</span> 
     </span>
    </p>

    <p class='ocr_par' dir='ltr' id='par_1_3' title="bbox 248 695 952 1395">
     <span class='ocr_line' id='line_1_10' title="bbox 293 695 949 736; baseline -0.003 -10"><span class='ocrx_word' id='word_1_43' title='bbox 293 699 311 727; x_wconf 82' lang='lat'>3</span> <span class='ocrx_word' id='word_1_44' title='bbox 337 697 471 727; x_wconf 76' lang='lat' dir='ltr'><em>Pervius</em></span> <span class='ocrx_word' id='word_1_45' title='bbox 496 697 638 736; x_wconf 77' lang='lat' dir='ltr'>exiguos,</span> <span class='ocrx_word' id='word_1_46' title='bbox 663 695 732 735; x_wconf 61' lang='lat' dir='ltr'>lisa]</span> <span class='ocrx_word' id='word_1_47' title='bbox 767 695 868 726; x_wconf 80' lang='lat' dir='ltr'>Prius</span> <span class='ocrx_word' id='word_1_48' title='bbox 892 695 949 725; x_wconf 82' lang='lat' dir='ltr'>lia-</span> 
     </span>
     <span class='ocr_line' id='line_1_11' title="bbox 250 746 950 778; baseline -0.004 0"><span class='ocrx_word' id='word_1_49' title='bbox 250 747 353 778; x_wconf 87' lang='lat' dir='ltr'>buisti</span> <span class='ocrx_word' id='word_1_50' title='bbox 385 748 546 778; x_wconf 83' lang='lat' dir='ltr'>sacellum</span> <span class='ocrx_word' id='word_1_51' title='bbox 578 748 609 777; x_wconf 93' lang='lat' dir='ltr'>in</span> <span class='ocrx_word' id='word_1_52' title='bbox 641 746 715 776; x_wconf 86' lang='lat' dir='ltr'>foro</span> <span class='ocrx_word' id='word_1_53' title='bbox 744 746 950 776; x_wconf 81' lang='lat' dir='ltr'>Transitorio</span> 
     </span>
     <span class='ocr_line' id='line_1_12' title="bbox 249 797 951 838; baseline -0.003 -10"><span class='ocrx_word' id='word_1_54' title='bbox 249 798 368 837; x_wconf 82' lang='lat' dir='ltr'>dict03</span> <span class='ocrx_word' id='word_1_55' title='bbox 394 799 458 837; x_wconf 85' lang='lat' dir='ltr'>vel,</span> <span class='ocrx_word' id='word_1_56' title='bbox 476 798 563 838; x_wconf 89' lang='lat' dir='ltr'>quod</span> <span class='ocrx_word' id='word_1_57' title='bbox 587 807 648 837; x_wconf 88' lang='lat' dir='ltr'>per</span> <span class='ocrx_word' id='word_1_58' title='bbox 670 797 702 827; x_wconf 87' lang='lat' dir='ltr'>id</span> <span class='ocrx_word' id='word_1_59' title='bbox 723 797 755 826; x_wconf 89' lang='lat' dir='ltr'>iu</span> <span class='ocrx_word' id='word_1_60' title='bbox 774 797 837 826; x_wconf 88' lang='lat' dir='ltr'>alia</span> <span class='ocrx_word' id='word_1_61' title='bbox 859 801 951 826; x_wconf 78' lang='lat' dir='ltr'>esset</span> 
     </span>
     <span class='ocr_line' id='line_1_13' title="bbox 248 847 950 888; baseline -0.003 -9"><span class='ocrx_word' id='word_1_62' title='bbox 248 849 424 886; x_wconf 81' lang='lat' dir='ltr'>transitus,</span> <span class='ocrx_word' id='word_1_63' title='bbox 440 854 561 888; x_wconf 85' lang='lat' dir='ltr'><strong>utpote</strong></span> <span class='ocrx_word' id='word_1_64' title='bbox 579 849 680 878; x_wconf 79' lang='lat' dir='ltr'>situm</span> <span class='ocrx_word' id='word_1_65' title='bbox 707 848 795 878; x_wconf 87' lang='lat' dir='ltr'>inter</span> <span class='ocrx_word' id='word_1_66' title='bbox 813 847 950 887; x_wconf 86' lang='lat' dir='ltr'>Capito—</span> 
     </span>
     <span class='ocr_line' id='line_1_14' title="bbox 249 898 951 935; baseline 0 -7"><span class='ocrx_word' id='word_1_67' title='bbox 249 899 331 929; x_wconf 82' lang='lat' dir='ltr'>lium</span> <span class='ocrx_word' id='word_1_68' title='bbox 358 904 393 930; x_wconf 88' lang='lat' dir='ltr'>et</span> <span class='ocrx_word' id='word_1_69' title='bbox 421 900 541 929; x_wconf 75' lang='lat' dir='ltr'>collem</span> <span class='ocrx_word' id='word_1_70' title='bbox 576 899 809 935; x_wconf 75' lang='lat' dir='ltr'>Quirinale1n3</span> <span class='ocrx_word' id='word_1_71' title='bbox 841 898 906 935; x_wconf 82' lang='lat' dir='ltr'>vel,</span> <span class='ocrx_word' id='word_1_72' title='bbox 933 907 951 928; x_wconf 85' lang='lat' dir='ltr'>a</span> 
     </span>
     <span class='ocr_line' id='line_1_15' title="bbox 249 948 950 989; baseline -0.003 -9"><span class='ocrx_word' id='word_1_73' title='bbox 249 955 396 989; x_wconf 80' lang='lat' dir='ltr'>quatuor</span> <span class='ocrx_word' id='word_1_74' title='bbox 426 949 684 980; x_wconf 78' lang='lat' dir='ltr'>transitionibus</span> <span class='ocrx_word' id='word_1_75' title='bbox 711 948 752 978; x_wconf 86' lang='lat' dir='ltr'>ad</span> <span class='ocrx_word' id='word_1_76' title='bbox 779 950 810 978; x_wconf 80' lang='grc'>4.</span> <span class='ocrx_word' id='word_1_77' title='bbox 834 953 950 988; x_wconf 87' lang='lat' dir='ltr'>portas</span> 
     </span>
     <span class='ocr_line' id='line_1_16' title="bbox 249 999 950 1040; baseline -0.003 -9"><span class='ocrx_word' id='word_1_78' title='bbox 249 1000 329 1031; x_wconf 89' lang='lat' dir='ltr'>Jani</span> <span class='ocrx_word' id='word_1_79' title='bbox 355 1000 485 1040; x_wconf 87' lang='lat' dir='ltr'>templi.</span> <span class='ocrx_word' id='word_1_80' title='bbox 530 1000 668 1030; x_wconf 84' lang='lat' dir='ltr'>Servius</span> <span class='ocrx_word' id='word_1_81' title='bbox 694 1004 852 1039; x_wconf 76' lang='lat' dir='ltr'>testatur,</span> <span class='ocrx_word' id='word_1_82' title='bbox 880 999 950 1030; x_wconf 83' lang='lat' dir='ltr'>Nu-</span> 
     </span>
     <span class='ocr_line' id='line_1_17' title="bbox 248 1050 950 1090; baseline 0 -10"><span class='ocrx_word' id='word_1_83' title='bbox 248 1060 336 1080; x_wconf 84' lang='lat' dir='ltr'>mam</span> <span class='ocrx_word' id='word_1_84' title='bbox 353 1051 476 1082; x_wconf 87' lang='lat' dir='ltr'>Janum</span> <span class='ocrx_word' id='word_1_85' title='bbox 492 1051 660 1090; x_wconf 86' lang='lat' dir='ltr'>geminum</span> <span class='ocrx_word' id='word_1_86' title='bbox 675 1050 875 1088; x_wconf 71' lang='lat' dir='ltr'>aedificasse,</span> <span class='ocrx_word' id='word_1_87' title='bbox 888 1051 950 1081; x_wconf 90' lang='lat' dir='ltr'>cir-</span> 
     </span>
     <span class='ocr_line' id='line_1_18' title="bbox 250 1101 951 1141; baseline 0.001 -11"><span class='ocrx_word' id='word_1_88' title='bbox 250 1110 290 1131; x_wconf 87' lang='lat' dir='ltr'>ca</span> <span class='ocrx_word' id='word_1_89' title='bbox 312 1101 412 1131; x_wconf 88' lang='lat' dir='ltr'>imum</span> <span class='ocrx_word' id='word_1_90' title='bbox 437 1101 755 1141; x_wconf 78' lang='lat' dir='ltr'>Argiletum,juxta</span> <span class='ocrx_word' id='word_1_91' title='bbox 782 1101 951 1131; x_wconf 73' lang='lat' dir='ltr'>theatrum</span> 
     </span>
     <span class='ocr_line' id='line_1_19' title="bbox 250 1150 949 1192; baseline -0.003 -10"><span class='ocrx_word' id='word_1_92' title='bbox 250 1152 425 1189; x_wconf 86' lang='lat' dir='ltr'>Marcelli;</span> <span class='ocrx_word' id='word_1_93' title='bbox 448 1151 543 1192; x_wconf 81' lang='lat' dir='ltr'>cujus</span> <span class='ocrx_word' id='word_1_94' title='bbox 566 1156 675 1191; x_wconf 77' lang='lat' dir='ltr'>portae</span> <span class='ocrx_word' id='word_1_95' title='bbox 693 1150 780 1188; x_wconf 81' lang='lat' dir='ltr'>duae,</span> <span class='ocrx_word' id='word_1_96' title='bbox 797 1160 879 1191; x_wconf 88' lang='lat' dir='ltr'>quas</span> <span class='ocrx_word' id='word_1_97' title='bbox 902 1151 949 1180; x_wconf 87' lang='lat' dir='ltr'>le-</span> 
     </span>
     <span class='ocr_line' id='line_1_20' title="bbox 249 1201 949 1242; baseline -0.003 -10"><span class='ocrx_word' id='word_1_98' title='bbox 249 1203 403 1242; x_wconf 81' lang='lat' dir='ltr'>gitimum</span> <span class='ocrx_word' id='word_1_99' title='bbox 420 1206 495 1232; x_wconf 84' lang='lat' dir='ltr'>erat</span> <span class='ocrx_word' id='word_1_100' title='bbox 512 1202 740 1241; x_wconf 83' lang='lat' dir='ltr'>aperire,cum</span> <span class='ocrx_word' id='word_1_101' title='bbox 758 1201 883 1231; x_wconf 87' lang='lat' dir='ltr'>bellum</span> <span class='ocrx_word' id='word_1_102' title='bbox 898 1210 949 1231; x_wconf 84' lang='lat' dir='ltr'>es-</span> 
     </span>
     <span class='ocr_line' id='line_1_21' title="bbox 250 1251 951 1293; baseline -0.003 -10"><span class='ocrx_word' id='word_1_103' title='bbox 250 1258 325 1291; x_wconf 81' lang='lat' dir='ltr'>set;</span> <span class='ocrx_word' id='word_1_104' title='bbox 350 1253 383 1283; x_wconf 90' lang='lat' dir='ltr'>in</span> <span class='ocrx_word' id='word_1_105' title='bbox 401 1263 486 1293; x_wconf 87' lang='lat' dir='ltr'>pace</span> <span class='ocrx_word' id='word_1_106' title='bbox 502 1262 582 1282; x_wconf 81' lang='lat' dir='ltr'>vero</span> <span class='ocrx_word' id='word_1_107' title='bbox 601 1253 727 1282; x_wconf 85' lang='lat' dir='ltr'>claudi:</span> <span class='ocrx_word' id='word_1_108' title='bbox 755 1257 791 1282; x_wconf 92' lang='lat' dir='ltr'>ut</span> <span class='ocrx_word' id='word_1_109' title='bbox 808 1251 951 1291; x_wconf 89' lang='lat' dir='ltr'>apertis,</span> 
     </span>
     <span class='ocr_line' id='line_1_22' title="bbox 249 1303 952 1342; baseline -0.001 -9"><span class='ocrx_word' id='word_1_110' title='bbox 249 1304 282 1334; x_wconf 90' lang='lat' dir='ltr'>in</span> <span class='ocrx_word' id='word_1_111' title='bbox 299 1304 399 1334; x_wconf 82' lang='lat' dir='ltr'>armis</span> <span class='ocrx_word' id='word_1_112' title='bbox 416 1314 489 1333; x_wconf 76' lang='lat' dir='ltr'>esse</span> <span class='ocrx_word' id='word_1_113' title='bbox 505 1303 698 1334; x_wconf 84' lang='lat' dir='ltr'>civitatem:</span> <span class='ocrx_word' id='word_1_114' title='bbox 723 1303 846 1334; x_wconf 86' lang='lat' dir='ltr'>clausis</span> <span class='ocrx_word' id='word_1_115' title='bbox 859 1311 952 1342; x_wconf 88' lang='lat' dir='ltr'>vero,</span> 
     </span>
     <span class='ocr_line' id='line_1_23' title="bbox 249 1352 920 1395; baseline -0.003 -11"><span class='ocrx_word' id='word_1_116' title='bbox 249 1359 389 1395; x_wconf 86' lang='lat' dir='ltr'>pacatos</span> <span class='ocrx_word' id='word_1_117' title='bbox 406 1354 532 1384; x_wconf 91' lang='lat' dir='ltr'>circum</span> <span class='ocrx_word' id='word_1_118' title='bbox 551 1363 666 1384; x_wconf 85' lang='lat' dir='ltr'>omnes</span> <span class='ocrx_word' id='word_1_119' title='bbox 680 1352 920 1393; x_wconf 79' lang='lat' dir='ltr'>significarent.</span> 
     </span>
    </p>

    <p class='ocr_par' dir='ltr' id='par_1_4' title="bbox 247 1404 951 1747">
     <span class='ocr_line' id='line_1_24' title="bbox 291 1404 950 1444; baseline -0.002 -9"><span class='ocrx_word' id='word_1_120' title='bbox 291 1409 309 1435; x_wconf 83' lang='lat'><strong>5</strong></span> <span class='ocrx_word' id='word_1_121' title='bbox 337 1405 488 1435; x_wconf 67' lang='lat' dir='ltr'>Caesareis</span> <span class='ocrx_word' id='word_1_122' title='bbox 502 1405 683 1443; x_wconf 78' lang='lat' dir='ltr'>cinguntur,</span> <span class='ocrx_word' id='word_1_123' title='bbox 707 1404 777 1444; x_wconf 61' lang='lat' dir='ltr'>lisa]</span> <span class='ocrx_word' id='word_1_124' title='bbox 817 1404 950 1436; x_wconf 78' lang='lat' dir='ltr'>Quibus</span> 
     </span>
     <span class='ocr_line' id='line_1_25' title="bbox 248 1454 950 1495; baseline -0.001 -10"><span class='ocrx_word' id='word_1_125' title='bbox 248 1461 389 1486; x_wconf 88' lang='lat' dir='ltr'>ornatur</span> <span class='ocrx_word' id='word_1_126' title='bbox 405 1456 567 1495; x_wconf 81' lang='lat' dir='ltr'>templum</span> <span class='ocrx_word' id='word_1_127' title='bbox 585 1461 679 1485; x_wconf 90' lang='lat' dir='ltr'>tuum</span> <span class='ocrx_word' id='word_1_128' title='bbox 704 1465 722 1485; x_wconf 94' lang='lat' dir='ltr'>a</span> <span class='ocrx_word' id='word_1_129' title='bbox 738 1454 950 1492; x_wconf 86' lang='lat' dir='ltr'>Domitiano,</span> 
     </span>
     <span class='ocr_line' id='line_1_26' title="bbox 250 1505 950 1546; baseline -0.003 -9"><span class='ocrx_word' id='word_1_130' title='bbox 250 1508 377 1545; x_wconf 84' lang='lat' dir='ltr'>Nerva,</span> <span class='ocrx_word' id='word_1_131' title='bbox 394 1506 555 1546; x_wconf 84' lang='lat' dir='ltr'>Trajauo.</span> <span class='ocrx_word' id='word_1_132' title='bbox 595 1505 710 1545; x_wconf 80' lang='lat' dir='ltr'>Douis]</span> <span class='ocrx_word' id='word_1_133' title='bbox 735 1505 876 1543; x_wconf 73' lang='lat' dir='ltr'>statuis,</span> <span class='ocrx_word' id='word_1_134' title='bbox 895 1514 950 1535; x_wconf 85' lang='lat' dir='ltr'>co-</span> 
     </span>
     <span class='ocr_line' id='line_1_27' title="bbox 249 1554 951 1596; baseline -0.004 -9"><span class='ocrx_word' id='word_1_135' title='bbox 249 1557 360 1596; x_wconf 86' lang='lat' dir='ltr'>lossis,</span> <span class='ocrx_word' id='word_1_136' title='bbox 392 1556 610 1596; x_wconf 78' lang='lat' dir='ltr'>pedestribus</span> <span class='ocrx_word' id='word_1_137' title='bbox 640 1557 693 1586; x_wconf 92' lang='lat' dir='ltr'>vel</span> <span class='ocrx_word' id='word_1_138' title='bbox 722 1554 951 1596; x_wconf 74' lang='lat' dir='ltr'>equestribus,</span> 
     </span>
     <span class='ocr_line' id='line_1_28' title="bbox 248 1605 951 1646; baseline -0.004 -7"><span class='ocrx_word' id='word_1_139' title='bbox 248 1609 332 1639; x_wconf 91' lang='lat' dir='ltr'>DD.</span> <span class='ocrx_word' id='word_1_140' title='bbox 363 1607 637 1646; x_wconf 81' lang='lat' dir='ltr'>Imperatoribus</span> <span class='ocrx_word' id='word_1_141' title='bbox 663 1607 783 1637; x_wconf 82' lang='lat' dir='ltr'>locatis</span> <span class='ocrx_word' id='word_1_142' title='bbox 807 1605 951 1636; x_wconf 83' lang='lat' dir='ltr'>mirifice</span> 
     </span>
     <span class='ocr_line' id='line_1_29' title="bbox 247 1657 949 1698; baseline -0.003 -9"><span class='ocrx_word' id='word_1_143' title='bbox 247 1658 314 1690; x_wconf 89' lang='lat' dir='ltr'>fuit</span> <span class='ocrx_word' id='word_1_144' title='bbox 344 1658 566 1689; x_wconf 80' lang='lat' dir='ltr'>illustratum.</span> <span class='ocrx_word' id='word_1_145' title='bbox 614 1657 702 1688; x_wconf 76' lang='lat' dir='ltr'>Vide</span> <span class='ocrx_word' id='word_1_146' title='bbox 732 1657 885 1698; x_wconf 88' lang='lat' dir='ltr'>Lipsium</span> <span class='ocrx_word' id='word_1_147' title='bbox 916 1657 949 1687; x_wconf 91' lang='lat' dir='ltr'>in</span> 
     </span>
     <span class='ocr_line' id='line_1_30' title="bbox 248 1708 821 1747; baseline -0.005 -7"><span class='ocrx_word' id='word_1_148' title='bbox 248 1708 467 1740; x_wconf 79' lang='lat' dir='ltr'>Admirandis</span> <span class='ocrx_word' id='word_1_149' title='bbox 484 1709 552 1739; x_wconf 77' lang='lat' dir='ltr'>suis</span> <span class='ocrx_word' id='word_1_150' title='bbox 570 1708 628 1738; x_wconf 84' lang='lat' dir='ltr'>lib.</span> <span class='ocrx_word' id='word_1_151' title='bbox 645 1711 676 1739; x_wconf 82' lang='lat'>3.</span> <span class='ocrx_word' id='word_1_152' title='bbox 693 1717 770 1747; x_wconf 89' lang='lat' dir='ltr'>cap.</span> <span class='ocrx_word' id='word_1_153' title='bbox 789 1710 821 1737; x_wconf 91' lang='grc'>7.</span> 
     </span>
    </p>

    <p class='ocr_par' dir='ltr' id='par_1_5' title="bbox 246 1758 951 1951">
     <span class='ocr_line' id='line_1_31' title="bbox 288 1758 951 1798; baseline -0.005 -8"><span class='ocrx_word' id='word_1_154' title='bbox 288 1763 308 1790; x_wconf 89' lang='grc'>6</span> <span class='ocrx_word' id='word_1_155' title='bbox 332 1760 389 1790; x_wconf 80' lang='lat' dir='ltr'>Tot</span> <span class='ocrx_word' id='word_1_156' title='bbox 415 1768 570 1795; x_wconf 79' lang='lat' dir='ltr'>numeras,</span> <span class='ocrx_word' id='word_1_157' title='bbox 598 1758 668 1798; x_wconf 51' lang='grc' dir='ltr'>ἃς]</span> <span class='ocrx_word' id='word_1_158' title='bbox 696 1758 843 1798; x_wconf 82' lang='lat' dir='ltr'>Nempe,</span> <span class='ocrx_word' id='word_1_159' title='bbox 871 1767 951 1798; x_wconf 89' lang='lat' dir='ltr'>qua·</span> 
     </span>
     <span class='ocr_line' id='line_1_32' title="bbox 248 1807 949 1848; baseline -0.004 -7"><span class='ocrx_word' id='word_1_160' title='bbox 248 1816 350 1848; x_wconf 89' lang='lat' dir='ltr'>tuor;</span> <span class='ocrx_word' id='word_1_161' title='bbox 375 1815 473 1840; x_wconf 90' lang='lat' dir='ltr'>vetus</span> <span class='ocrx_word' id='word_1_162' title='bbox 500 1810 700 1848; x_wconf 85' lang='lat' dir='ltr'>Romanum,</span> <span class='ocrx_word' id='word_1_163' title='bbox 721 1808 864 1846; x_wconf 84' lang='lat' dir='ltr'>Julium,</span> <span class='ocrx_word' id='word_1_164' title='bbox 881 1807 949 1838; x_wconf 87' lang='lat' dir='ltr'>Au-</span> 
     </span>
     <span class='ocr_line' id='line_1_33' title="bbox 250 1859 948 1900; baseline 0 -11"><span class='ocrx_word' id='word_1_165' title='bbox 250 1866 398 1900; x_wconf 77' lang='lat' dir='ltr'>gustum,</span> <span class='ocrx_word' id='word_1_166' title='bbox 421 1859 683 1890; x_wconf 83' lang='lat' dir='ltr'>Transitorium.</span> <span class='ocrx_word' id='word_1_167' title='bbox 712 1859 796 1893; x_wconf 77' lang='lat' dir='ltr'>Quot</span> <span class='ocrx_word' id='word_1_168' title='bbox 820 1869 874 1889; x_wconf 86' lang='lat' dir='ltr'>ora</span> <span class='ocrx_word' id='word_1_169' title='bbox 893 1869 948 1898; x_wconf 81' lang='lat' dir='ltr'>ge-</span> 
     </span>
     <span class='ocr_line' id='line_1_34' title="bbox 246 1910 768 1951; baseline -0.002 -10"><span class='ocrx_word' id='word_1_170' title='bbox 246 1911 306 1950; x_wconf 74' lang='lat' dir='ltr'>ris]</span> <span class='ocrx_word' id='word_1_171' title='bbox 332 1911 447 1951; x_wconf 85' lang='lat' dir='ltr'>Epigr.</span> <span class='ocrx_word' id='word_1_172' title='bbox 464 1914 496 1942; x_wconf 84' lang='lat'>2.</span> <span class='ocrx_word' id='word_1_173' title='bbox 513 1910 571 1940; x_wconf 87' lang='lat' dir='ltr'>lib.</span> <span class='ocrx_word' id='word_1_174' title='bbox 588 1913 619 1940; x_wconf 81' lang='lat' dir='ltr'>S.</span> <span class='ocrx_word' id='word_1_175' title='bbox 636 1919 722 1940; x_wconf 71' lang='lat' dir='ltr'>vers.</span> <span class='ocrx_word' id='word_1_176' title='bbox 737 1912 768 1940; x_wconf 86' lang='lat'>3.</span> 
     </span>
    </p>

    <p class='ocr_par' dir='ltr' id='par_1_6' title="bbox 246 1959 949 2155">
     <span class='ocr_line' id='line_1_35' title="bbox 292 1959 949 2001; baseline -0.003 -9"><span class='ocrx_word' id='word_1_177' title='bbox 292 1965 311 1992; x_wconf 90' lang='grc'>8</span> <span class='ocrx_word' id='word_1_178' title='bbox 339 1962 454 1992; x_wconf 80' lang='lat' dir='ltr'>Ferrea</span> <span class='ocrx_word' id='word_1_179' title='bbox 468 1964 630 2001; x_wconf 74' lang='lat' dir='ltr'>perpetua,</span> <span class='ocrx_word' id='word_1_180' title='bbox 647 1959 716 2000; x_wconf 50' lang='lat' dir='ltr'>Qun]</span> <span class='ocrx_word' id='word_1_181' title='bbox 742 1960 877 1990; x_wconf 86' lang='lat' dir='ltr'>Praesta</span> <span class='ocrx_word' id='word_1_182' title='bbox 894 1969 949 1999; x_wconf 86' lang='lat' dir='ltr'>pa-</span> 
     </span>
     <span class='ocr_line' id='line_1_36' title="bbox 247 2009 949 2050; baseline -0.007 -6"><span class='ocrx_word' id='word_1_183' title='bbox 247 2023 321 2044; x_wconf 83' lang='lat' dir='ltr'>cem</span> <span class='ocrx_word' id='word_1_184' title='bbox 349 2018 536 2043; x_wconf 87' lang='lat' dir='ltr'>aeternam:</span> <span class='ocrx_word' id='word_1_185' title='bbox 562 2011 658 2050; x_wconf 88' lang='lat' dir='ltr'>cujus</span> <span class='ocrx_word' id='word_1_186' title='bbox 686 2010 818 2050; x_wconf 84' lang='lat' dir='ltr'>signum</span> <span class='ocrx_word' id='word_1_187' title='bbox 842 2009 949 2041; x_wconf 84' lang='lat' dir='ltr'>Janus</span> 
     </span>
     <span class='ocr_line' id='line_1_37' title="bbox 247 2059 948 2102; baseline -0.009 -7"><span class='ocrx_word' id='word_1_188' title='bbox 247 2064 399 2102; x_wconf 83' lang='lat' dir='ltr'>clausns;</span> <span class='ocrx_word' id='word_1_189' title='bbox 440 2067 478 2093; x_wconf 90' lang='lat' dir='ltr'>ut</span> <span class='ocrx_word' id='word_1_190' title='bbox 523 2067 675 2102; x_wconf 86' lang='lat' dir='ltr'>apertus,</span> <span class='ocrx_word' id='word_1_191' title='bbox 722 2060 818 2090; x_wconf 87' lang='lat' dir='ltr'>belli:</span> <span class='ocrx_word' id='word_1_192' title='bbox 868 2059 948 2100; x_wconf 89' lang='lat' dir='ltr'>Epi-</span> 
     </span>
     <span class='ocr_line' id='line_1_38' title="bbox 246 2113 717 2155; baseline -0.011 -10"><span class='ocrx_word' id='word_1_193' title='bbox 246 2124 350 2155; x_wconf 88' lang='lat' dir='ltr'>gram.</span> <span class='ocrx_word' id='word_1_194' title='bbox 367 2117 419 2145; x_wconf 77' lang='lat'>66.</span> <span class='ocrx_word' id='word_1_195' title='bbox 436 2113 493 2144; x_wconf 87' lang='lat' dir='ltr'>lib.</span> <span class='ocrx_word' id='word_1_196' title='bbox 508 2116 540 2143; x_wconf 80' lang='lat'>8.</span> <span class='ocrx_word' id='word_1_197' title='bbox 558 2121 644 2142; x_wconf 84' lang='lat' dir='ltr'>vers.</span> <span class='ocrx_word' id='word_1_198' title='bbox 664 2114 717 2141; x_wconf 88' lang='lat' dir='ltr'>ll.</span> 
     </span>
    </p>

    <p class='ocr_par' dir='ltr' id='par_1_7' title="bbox 245 2161 949 2308">
     <span class='ocr_line' id='line_1_39' title="bbox 292 2161 948 2202; baseline -0.008 -5"><span class='ocrx_word' id='word_1_199' title='bbox 292 2167 398 2197; x_wconf 64' lang='lat' dir='ltr'>Eric.</span> <span class='ocrx_word' id='word_1_200' title='bbox 413 2173 519 2195; x_wconf 82' lang='lat' dir='ltr'>xxix.</span> <span class='ocrx_word' id='word_1_201' title='bbox 538 2167 551 2194; x_wconf 82' lang='lat'><em>1</em></span> <span class='ocrx_word' id='word_1_202' title='bbox 574 2162 717 2201; x_wconf 78' lang='lat' dir='ltr'>Saturni,</span> <span class='ocrx_word' id='word_1_203' title='bbox 733 2161 802 2202; x_wconf 69' lang='grc' dir='ltr'><strong>ᾅϊ.]</strong></span> <span class='ocrx_word' id='word_1_204' title='bbox 825 2161 865 2192; x_wconf 90' lang='lat' dir='ltr'>In</span> <span class='ocrx_word' id='word_1_205' title='bbox 890 2162 948 2193; x_wconf 90' lang='lat' dir='ltr'>Sa-</span> 
     </span>
     <span class='ocr_line' id='line_1_40' title="bbox 245 2214 949 2255; baseline -0.006 -8"><span class='ocrx_word' id='word_1_206' title='bbox 245 2216 447 2247; x_wconf 78' lang='lat' dir='ltr'>turnalibuS.</span> <span class='ocrx_word' id='word_1_207' title='bbox 465 2214 584 2255; x_wconf 82' lang='lat' dir='ltr'>Epigr.</span> <span class='ocrx_word' id='word_1_208' title='bbox 602 2216 654 2244; x_wconf 68' lang='lat'>46.</span> <span class='ocrx_word' id='word_1_209' title='bbox 682 2214 703 2244; x_wconf 95' lang='lat' dir='ltr'>l.</span> <span class='ocrx_word' id='word_1_210' title='bbox 717 2216 748 2244; x_wconf 69' lang='lat'>4.</span> <span class='ocrx_word' id='word_1_211' title='bbox 767 2222 853 2244; x_wconf 85' lang='lat' dir='ltr'>vers.</span> <span class='ocrx_word' id='word_1_212' title='bbox 870 2216 899 2243; x_wconf 91' lang='lat'>1.</span> <span class='ocrx_word' id='word_1_213' title='bbox 916 2217 949 2243; x_wconf 88' lang='lat' dir='ltr'>et</span> 
     </span>
     <span class='ocr_line' id='line_1_41' title="bbox 245 2266 660 2308; baseline -0.01 -10"><span class='ocrx_word' id='word_1_214' title='bbox 245 2267 345 2308; x_wconf 84' lang='lat' dir='ltr'>Epig.</span> <span class='ocrx_word' id='word_1_215' title='bbox 362 2266 445 2297; x_wconf 63' lang='lat' dir='ltr'>SM.</span> <span class='ocrx_word' id='word_1_216' title='bbox 458 2269 489 2296; x_wconf 89' lang='lat'>5.</span> <span class='ocrx_word' id='word_1_217' title='bbox 506 2274 592 2295; x_wconf 85' lang='lat' dir='ltr'>vers.</span> <span class='ocrx_word' id='word_1_218' title='bbox 611 2267 660 2294; x_wconf 91' lang='lat' dir='ltr'>ll.</span> 
     </span>
    </p>

    <p class='ocr_par' dir='ltr' id='par_1_8' title="bbox 243 2313 949 2663">
     <span class='ocr_line' id='line_1_42' title="bbox 288 2313 948 2355; baseline -0.009 -7"><span class='ocrx_word' id='word_1_219' title='bbox 288 2321 306 2348; x_wconf 81' lang='lat'><strong>3</strong></span> <span class='ocrx_word' id='word_1_220' title='bbox 331 2318 438 2348; x_wconf 78' lang='lat' dir='ltr'>Dictis</span> <span class='ocrx_word' id='word_1_221' title='bbox 453 2327 471 2347; x_wconf 87' lang='lat' dir='ltr'>a</span> <span class='ocrx_word' id='word_1_222' title='bbox 492 2316 597 2346; x_wconf 82' lang='lat' dir='ltr'>Marte</span> <span class='ocrx_word' id='word_1_223' title='bbox 616 2314 776 2355; x_wconf 81' lang='lat' dir='ltr'>Calendis]</span> <span class='ocrx_word' id='word_1_224' title='bbox 799 2313 865 2346; x_wconf 83' lang='lat' dir='ltr'>Qui</span> <span class='ocrx_word' id='word_1_225' title='bbox 883 2314 948 2344; x_wconf 87' lang='lat' dir='ltr'>Ve-</span> 
     </span>
     <span class='ocr_line' id='line_1_43' title="bbox 245 2365 949 2408; baseline -0.006 -10"><span class='ocrx_word' id='word_1_226' title='bbox 245 2369 333 2400; x_wconf 63' lang='lat' dir='ltr'>neris</span> <span class='ocrx_word' id='word_1_227' title='bbox 359 2368 494 2406; x_wconf 86' lang='lat' dir='ltr'>natalis,</span> <span class='ocrx_word' id='word_1_228' title='bbox 511 2377 575 2408; x_wconf 88' lang='lat' dir='ltr'>quo</span> <span class='ocrx_word' id='word_1_229' title='bbox 602 2375 740 2396; x_wconf 88' lang='lat' dir='ltr'>munera</span> <span class='ocrx_word' id='word_1_230' title='bbox 765 2365 949 2395; x_wconf 85' lang='lat' dir='ltr'>mittuntur</span> 
     </span>
     <span class='ocr_line' id='line_1_44' title="bbox 244 2416 949 2456; baseline -0.006 -6"><span class='ocrx_word' id='word_1_231' title='bbox 244 2419 394 2450; x_wconf 82' lang='lat' dir='ltr'>foeminis</span> <span class='ocrx_word' id='word_1_232' title='bbox 425 2418 467 2448; x_wconf 90' lang='lat' dir='ltr'>ab</span> <span class='ocrx_word' id='word_1_233' title='bbox 494 2417 716 2448; x_wconf 80' lang='lat' dir='ltr'>amatoribus.</span> <span class='ocrx_word' id='word_1_234' title='bbox 745 2416 862 2456; x_wconf 86' lang='lat' dir='ltr'>Epigr.</span> <span class='ocrx_word' id='word_1_235' title='bbox 893 2418 949 2446; x_wconf 81' lang='lat'>91.</span> 
     </span>
     <span class='ocr_line' id='line_1_45' title="bbox 243 2466 947 2507; baseline -0.004 -7"><span class='ocrx_word' id='word_1_236' title='bbox 243 2471 303 2500; x_wconf 91' lang='lat' dir='ltr'>lib.</span> <span class='ocrx_word' id='word_1_237' title='bbox 328 2473 357 2500; x_wconf 82' lang='lat'>9.</span> <span class='ocrx_word' id='word_1_238' title='bbox 386 2479 474 2500; x_wconf 75' lang='lat' dir='ltr'>vei-S.</span> <span class='ocrx_word' id='word_1_239' title='bbox 494 2472 545 2499; x_wconf 89' lang='lat'>15.</span> <span class='ocrx_word' id='word_1_240' title='bbox 574 2472 608 2498; x_wconf 86' lang='lat' dir='ltr'>et</span> <span class='ocrx_word' id='word_1_241' title='bbox 626 2468 744 2507; x_wconf 83' lang='lat' dir='ltr'>Epigr.</span> <span class='ocrx_word' id='word_1_242' title='bbox 761 2469 813 2497; x_wconf 77' lang='lat'>84.</span> <span class='ocrx_word' id='word_1_243' title='bbox 841 2466 898 2498; x_wconf 87' lang='lat' dir='ltr'>lib.</span> <span class='ocrx_word' id='word_1_244' title='bbox 916 2470 947 2497; x_wconf 89' lang='lat'>5.</span> 
     </span>
     <span class='ocr_line' id='line_1_46' title="bbox 246 2519 948 2558; baseline -0.004 -7"><span class='ocrx_word' id='word_1_245' title='bbox 246 2532 334 2552; x_wconf 78' lang='lat' dir='ltr'>vers.</span> <span class='ocrx_word' id='word_1_246' title='bbox 354 2524 405 2552; x_wconf 84' lang='lat' dir='ltr'>ll.</span> <span class='ocrx_word' id='word_1_247' title='bbox 436 2521 502 2553; x_wconf 80' lang='lat' dir='ltr'>Qui</span> <span class='ocrx_word' id='word_1_248' title='bbox 521 2520 610 2550; x_wconf 90' lang='lat' dir='ltr'>idem</span> <span class='ocrx_word' id='word_1_249' title='bbox 628 2520 708 2549; x_wconf 81' lang='lat' dir='ltr'>milii</span> <span class='ocrx_word' id='word_1_250' title='bbox 726 2519 863 2557; x_wconf 84' lang='lat' dir='ltr'>natalis,</span> <span class='ocrx_word' id='word_1_251' title='bbox 881 2528 948 2558; x_wconf 89' lang='lat' dir='ltr'>quo</span> 
     </span>
     <span class='ocr_line' id='line_1_47' title="bbox 243 2569 944 2610; baseline -0.003 -8"><span class='ocrx_word' id='word_1_252' title='bbox 243 2573 321 2602; x_wconf 77' lang='lat' dir='ltr'>milii</span> <span class='ocrx_word' id='word_1_253' title='bbox 340 2572 430 2602; x_wconf 86' lang='lat' dir='ltr'>mitti</span> <span class='ocrx_word' id='word_1_254' title='bbox 448 2572 558 2602; x_wconf 77' lang='lat' dir='ltr'>solent</span> <span class='ocrx_word' id='word_1_255' title='bbox 575 2580 732 2608; x_wconf 89' lang='lat' dir='ltr'>mnnera;</span> <span class='ocrx_word' id='word_1_256' title='bbox 758 2569 874 2610; x_wconf 88' lang='lat' dir='ltr'>Epigr.</span> <span class='ocrx_word' id='word_1_257' title='bbox 892 2571 944 2600; x_wconf 79' lang='lat'>24.</span> 
     </span>
     <span class='ocr_line' id='line_1_48' title="bbox 244 2633 356 2663; baseline 0 -10"><span class='ocrx_word' id='word_1_258' title='bbox 244 2633 356 2663; x_wconf 79' lang='lat' dir='ltr'>supra.</span> 
     </span>
    </p>

    <p class='ocr_par' dir='ltr' id='par_1_9' title="bbox 242 2673 947 2805">
     <span class='ocr_line' id='line_1_49' title="bbox 286 2673 947 2714; baseline -0.005 -9"><span class='ocrx_word' id='word_1_259' title='bbox 286 2677 304 2704; x_wconf 78' lang='lat'><strong>4</strong></span> <span class='ocrx_word' id='word_1_260' title='bbox 334 2675 379 2705; x_wconf 86' lang='lat' dir='ltr'>De</span> <span class='ocrx_word' id='word_1_261' title='bbox 403 2677 509 2704; x_wconf 78' lang='lat' dir='ltr'>nostra</span> <span class='ocrx_word' id='word_1_262' title='bbox 533 2675 670 2714; x_wconf 77' lang='lat' dir='ltr'>prasina,</span> <span class='ocrx_word' id='word_1_263' title='bbox 686 2673 752 2713; x_wconf 50' lang='lat' dir='ltr'>aa]</span> <span class='ocrx_word' id='word_1_264' title='bbox 781 2673 831 2703; x_wconf 92' lang='lat' dir='ltr'>De</span> <span class='ocrx_word' id='word_1_265' title='bbox 854 2677 947 2712; x_wconf 82' lang='lat' dir='ltr'>toga,</span> 
     </span>
     <span class='ocr_line' id='line_1_50' title="bbox 242 2723 945 2765; baseline -0.003 -11"><span class='ocrx_word' id='word_1_266' title='bbox 242 2735 340 2765; x_wconf 80' lang='lat' dir='ltr'>quam</span> <span class='ocrx_word' id='word_1_267' title='bbox 368 2725 446 2754; x_wconf 86' lang='lat' dir='ltr'>mihi</span> <span class='ocrx_word' id='word_1_268' title='bbox 488 2725 625 2754; x_wconf 84' lang='lat' dir='ltr'>mittere</span> <span class='ocrx_word' id='word_1_269' title='bbox 658 2724 803 2761; x_wconf 79' lang='lat' dir='ltr'>solebas,</span> <span class='ocrx_word' id='word_1_270' title='bbox 833 2723 945 2753; x_wconf 77' lang='lat' dir='ltr'>emisti</span> 
     </span>
     <span class='ocr_line' id='line_1_51' title="bbox 244 2775 945 2805; baseline -0.001 -1"><span class='ocrx_word' id='word_1_271' title='bbox 244 2775 358 2805; x_wconf 70' lang='lat' dir='ltr'>amica&lt;¹</span> <span class='ocrx_word' id='word_1_272' title='bbox 387 2780 454 2805; x_wconf 83' lang='lat' dir='ltr'>tuae</span> <span class='ocrx_word' id='word_1_273' title='bbox 479 2775 617 2804; x_wconf 80' lang='lat' dir='ltr'>viridem</span> <span class='ocrx_word' id='word_1_274' title='bbox 643 2780 773 2804; x_wconf 84' lang='lat' dir='ltr'>vestem</span> <span class='ocrx_word' id='word_1_275' title='bbox 799 2778 945 2804; x_wconf 60' lang='lat' dir='ltr'>coenato-</span> 
     </span>
    </p>
   </div>
   <div class='ocr_carea' id='block_1_3' title="bbox 718 191 1239 222">
    <p class='ocr_par' dir='ltr' id='par_1_10' title="bbox 718 191 1239 222">
     <span class='ocr_line' id='line_1_52' title="bbox 718 191 1239 222; baseline -0.002 0"><span class='ocrx_word' id='word_1_276' title='bbox 718 192 859 222; x_wconf 79' lang='lat' dir='ltr'><strong>NOTAE</strong></span> <span class='ocrx_word' id='word_1_277' title='bbox 892 191 1152 222; x_wconf 75' lang='lat' dir='ltr'>VARIORUM</span> <span class='ocrx_word' id='word_1_278' title='bbox 1191 192 1239 221; x_wconf 85' lang='lat' dir='ltr'>IN</span> 
     </span>
    </p>
   </div>
   <div class='ocr_carea' id='block_1_4' title="bbox 996 285 1707 2809">
    <p class='ocr_par' dir='ltr' id='par_1_11' title="bbox 1003 285 1585 327">
     <span class='ocr_line' id='line_1_53' title="bbox 1003 285 1585 327; baseline -0.003 -10"><span class='ocrx_word' id='word_1_279' title='bbox 1003 287 1099 317; x_wconf 77' lang='lat' dir='ltr'>riam.</span> <span class='ocrx_word' id='word_1_280' title='bbox 1124 285 1244 327; x_wconf 77' lang='lat' dir='ltr'>Epigr.</span> <span class='ocrx_word' id='word_1_281' title='bbox 1260 289 1313 317; x_wconf 82' lang='grc'><strong>46.</strong></span> <span class='ocrx_word' id='word_1_282' title='bbox 1330 285 1385 316; x_wconf 88' lang='lat' dir='ltr'>lib.</span> <span class='ocrx_word' id='word_1_283' title='bbox 1401 287 1432 316; x_wconf 85' lang='lat'>2.</span> <span class='ocrx_word' id='word_1_284' title='bbox 1446 294 1537 316; x_wconf 77' lang='lat' dir='ltr'>vers.</span> <span class='ocrx_word' id='word_1_285' title='bbox 1553 288 1585 316; x_wconf 86' lang='grc'>4.</span> 
     </span>
    </p>

    <p class='ocr_par' dir='ltr' id='par_1_12' title="bbox 1001 331 1701 530">
     <span class='ocr_line' id='line_1_54' title="bbox 1043 331 1700 376; baseline -0.006 -8"><span class='ocrx_word' id='word_1_286' title='bbox 1043 341 1064 368; x_wconf 81' lang='grc'>6</span> <span class='ocrx_word' id='word_1_287' title='bbox 1087 331 1278 368; x_wconf 68' lang='lat' dir='ltr'>‚Muneribus</span> <span class='ocrx_word' id='word_1_288' title='bbox 1293 336 1413 374; x_wconf 74' lang='lat' dir='ltr'>futuis,</span> <span class='ocrx_word' id='word_1_289' title='bbox 1441 336 1511 376; x_wconf 56' lang='grc' dir='ltr'>ἄτη]</span> <span class='ocrx_word' id='word_1_290' title='bbox 1556 335 1612 366; x_wconf 89' lang='lat' dir='ltr'>Ita</span> <span class='ocrx_word' id='word_1_291' title='bbox 1639 336 1700 366; x_wconf 79' lang='lat' dir='ltr'>alis</span> 
     </span>
     <span class='ocr_line' id='line_1_55' title="bbox 1002 387 1700 428; baseline -0.004 -9"><span class='ocrx_word' id='word_1_292' title='bbox 1002 389 1172 419; x_wconf 85' lang='lat' dir='ltr'>dominam</span> <span class='ocrx_word' id='word_1_293' title='bbox 1186 388 1267 418; x_wconf 89' lang='lat' dir='ltr'>meis</span> <span class='ocrx_word' id='word_1_294' title='bbox 1281 387 1470 428; x_wconf 84' lang='lat' dir='ltr'>sumptibus</span> <span class='ocrx_word' id='word_1_295' title='bbox 1485 397 1494 424; x_wconf 82' lang='lat'>3</span> <span class='ocrx_word' id='word_1_296' title='bbox 1518 396 1592 417; x_wconf 89' lang='lat' dir='ltr'>meo</span> <span class='ocrx_word' id='word_1_297' title='bbox 1605 392 1700 417; x_wconf 77' lang='lat' dir='ltr'>certe.</span> 
     </span>
     <span class='ocr_line' id='line_1_56' title="bbox 1001 440 1701 480; baseline -0.004 -10"><span class='ocrx_word' id='word_1_298' title='bbox 1001 441 1147 478; x_wconf 82' lang='lat' dir='ltr'>damu03</span> <span class='ocrx_word' id='word_1_299' title='bbox 1172 440 1353 480; x_wconf 72' lang='lat' dir='ltr'>dum,quae</span> <span class='ocrx_word' id='word_1_300' title='bbox 1379 448 1433 469; x_wconf 87' lang='lat' dir='ltr'>me</span> <span class='ocrx_word' id='word_1_301' title='bbox 1453 446 1575 479; x_wconf 82' lang='lat' dir='ltr'>capere</span> <span class='ocrx_word' id='word_1_302' title='bbox 1602 447 1701 478; x_wconf 89' lang='lat' dir='ltr'>opor-</span> 
     </span>
     <span class='ocr_line' id='line_1_57' title="bbox 1002 490 1355 530; baseline -0.006 -9"><span class='ocrx_word' id='word_1_303' title='bbox 1002 491 1079 530; x_wconf 84' lang='lat' dir='ltr'>tuit,</span> <span class='ocrx_word' id='word_1_304' title='bbox 1095 491 1153 521; x_wconf 88' lang='lat' dir='ltr'>illa</span> <span class='ocrx_word' id='word_1_305' title='bbox 1170 490 1355 530; x_wconf 83' lang='lat' dir='ltr'>intercipit.</span> 
     </span>
    </p>

    <p class='ocr_par' dir='ltr' id='par_1_13' title="bbox 1001 538 1707 1398">
     <span class='ocr_line' id='line_1_58' title="bbox 1045 538 1702 578; baseline -0.006 -6"><span class='ocrx_word' id='word_1_306' title='bbox 1045 543 1155 573; x_wconf 71' lang='lat' dir='ltr'>Eme.</span> <span class='ocrx_word' id='word_1_307' title='bbox 1193 549 1284 572; x_wconf 81' lang='lat' dir='ltr'>xxx.</span> <span class='ocrx_word' id='word_1_308' title='bbox 1330 539 1463 571; x_wconf 88' lang='lat' dir='ltr'>Laudat</span> <span class='ocrx_word' id='word_1_309' title='bbox 1494 538 1702 578; x_wconf 83' lang='lat' dir='ltr'>Apollinaris</span> 
     </span>
     <span class='ocr_line' id='line_1_59' title="bbox 1002 590 1703 634; baseline -0.006 -10"><span class='ocrx_word' id='word_1_310' title='bbox 1002 593 1198 634; x_wconf 61' lang='lat' dir='ltr'>praetorium</span> <span class='ocrx_word' id='word_1_311' title='bbox 1222 592 1451 629; x_wconf 87' lang='lat' dir='ltr'>Formianum,</span> <span class='ocrx_word' id='word_1_312' title='bbox 1467 590 1618 630; x_wconf 85' lang='lat' dir='ltr'>illudque</span> <span class='ocrx_word' id='word_1_313' title='bbox 1636 596 1703 620; x_wconf 89' lang='lat' dir='ltr'>tam</span> 
     </span>
     <span class='ocr_line' id='line_1_60' title="bbox 1002 642 1702 687; baseline -0.007 -10"><span class='ocrx_word' id='word_1_314' title='bbox 1002 647 1164 687; x_wconf 75' lang='lat' dir='ltr'>graphice</span> <span class='ocrx_word' id='word_1_315' title='bbox 1194 644 1368 685; x_wconf 81' lang='lat' dir='ltr'>describit,</span> <span class='ocrx_word' id='word_1_316' title='bbox 1395 649 1433 675; x_wconf 90' lang='lat' dir='ltr'>ut</span> <span class='ocrx_word' id='word_1_317' title='bbox 1463 652 1526 674; x_wconf 87' lang='lat' dir='ltr'>nec</span> <span class='ocrx_word' id='word_1_318' title='bbox 1556 642 1702 673; x_wconf 79' lang='lat' dir='ltr'>Formiae</span> 
     </span>
     <span class='ocr_line' id='line_1_61' title="bbox 1001 695 1702 733; baseline -0.007 -6"><span class='ocrx_word' id='word_1_319' title='bbox 1001 698 1068 728; x_wconf 85' lang='lat' dir='ltr'>sint</span> <span class='ocrx_word' id='word_1_320' title='bbox 1094 702 1163 728; x_wconf 85' lang='lat' dir='ltr'>tam</span> <span class='ocrx_word' id='word_1_321' title='bbox 1188 695 1343 727; x_wconf 77' lang='lat' dir='ltr'>formosae</span> <span class='ocrx_word' id='word_1_322' title='bbox 1371 699 1406 726; x_wconf 88' lang='lat' dir='ltr'>et</span> <span class='ocrx_word' id='word_1_323' title='bbox 1431 703 1581 732; x_wconf 78' lang='lat' dir='ltr'>amaenae,</span> <span class='ocrx_word' id='word_1_324' title='bbox 1603 702 1702 733; x_wconf 87' lang='lat' dir='ltr'>quarn</span> 
     </span>
     <span class='ocr_line' id='line_1_62' title="bbox 1001 743 1704 788; baseline -0.006 -10"><span class='ocrx_word' id='word_1_325' title='bbox 1001 748 1063 778; x_wconf 86' lang='lat' dir='ltr'>hoc</span> <span class='ocrx_word' id='word_1_326' title='bbox 1077 748 1316 788; x_wconf 78' lang='lat' dir='ltr'>Epigramma:</span> <span class='ocrx_word' id='word_1_327' title='bbox 1342 745 1431 787; x_wconf 81' lang='lat' dir='ltr'>quod</span> <span class='ocrx_word' id='word_1_328' title='bbox 1445 751 1481 776; x_wconf 87' lang='lat' dir='ltr'>ut</span> <span class='ocrx_word' id='word_1_329' title='bbox 1495 745 1609 786; x_wconf 83' lang='lat' dir='ltr'>capias</span> <span class='ocrx_word' id='word_1_330' title='bbox 1622 743 1704 774; x_wconf 81' lang='lat' dir='ltr'>faci-</span> 
     </span>
     <span class='ocr_line' id='line_1_63' title="bbox 1001 795 1705 838; baseline -0.004 -10"><span class='ocrx_word' id='word_1_331' title='bbox 1001 799 1078 837; x_wconf 90' lang='lat' dir='ltr'>lius,</span> <span class='ocrx_word' id='word_1_332' title='bbox 1108 798 1198 838; x_wconf 82' lang='lat' dir='ltr'>ipsas</span> <span class='ocrx_word' id='word_1_333' title='bbox 1228 798 1380 829; x_wconf 88' lang='lat' dir='ltr'>Formias</span> <span class='ocrx_word' id='word_1_334' title='bbox 1417 795 1705 834; x_wconf 79' lang='lat' dir='ltr'>adumbrabimus,</span> 
     </span>
     <span class='ocr_line' id='line_1_64' title="bbox 1001 847 1704 888; baseline -0.006 -8"><span class='ocrx_word' id='word_1_335' title='bbox 1001 859 1044 880; x_wconf 84' lang='lat' dir='ltr'>ex</span> <span class='ocrx_word' id='word_1_336' title='bbox 1061 849 1208 879; x_wconf 85' lang='lat' dir='ltr'>melioris</span> <span class='ocrx_word' id='word_1_337' title='bbox 1226 854 1315 880; x_wconf 86' lang='lat' dir='ltr'>notae</span> <span class='ocrx_word' id='word_1_338' title='bbox 1337 847 1578 888; x_wconf 76' lang='lat' dir='ltr'>scriptoribus·</span> <span class='ocrx_word' id='word_1_339' title='bbox 1622 847 1704 877; x_wconf 85' lang='lat' dir='ltr'>For·</span> 
     </span>
     <span class='ocr_line' id='line_1_65' title="bbox 1001 896 1702 940; baseline -0.006 -10"><span class='ocrx_word' id='word_1_340' title='bbox 1001 900 1090 938; x_wconf 63' lang='lat' dir='ltr'>mim,</span> <span class='ocrx_word' id='word_1_341' title='bbox 1111 899 1204 930; x_wconf 89' lang='lat' dir='ltr'>Latii</span> <span class='ocrx_word' id='word_1_342' title='bbox 1228 899 1405 940; x_wconf 90' lang='lat' dir='ltr'>oppidum,</span> <span class='ocrx_word' id='word_1_343' title='bbox 1430 898 1523 938; x_wconf 88' lang='lat' dir='ltr'>prius</span> <span class='ocrx_word' id='word_1_344' title='bbox 1551 896 1702 928; x_wconf 84' lang='lat' dir='ltr'>Hormiae</span> 
     </span>
     <span class='ocr_line' id='line_1_66' title="bbox 1002 947 1702 988; baseline -0.004 -8"><span class='ocrx_word' id='word_1_345' title='bbox 1002 950 1144 988; x_wconf 86' lang='lat' dir='ltr'>dictum,</span> <span class='ocrx_word' id='word_1_346' title='bbox 1169 961 1187 981; x_wconf 88' lang='lat' dir='ltr'>a</span> <span class='ocrx_word' id='word_1_347' title='bbox 1213 949 1408 980; x_wconf 85' lang='lat' dir='ltr'>Laconibus</span> <span class='ocrx_word' id='word_1_348' title='bbox 1433 947 1621 986; x_wconf 89' lang='lat' dir='ltr'>conditum,</span> <span class='ocrx_word' id='word_1_349' title='bbox 1645 957 1702 978; x_wconf 86' lang='lat' dir='ltr'>no-</span> 
     </span>
     <span class='ocr_line' id='line_1_67' title="bbox 1002 1001 1705 1042; baseline -0.003 -11"><span class='ocrx_word' id='word_1_350' title='bbox 1002 1011 1078 1031; x_wconf 87' lang='lat' dir='ltr'>men</span> <span class='ocrx_word' id='word_1_351' title='bbox 1097 1011 1115 1031; x_wconf 90' lang='lat' dir='ltr'>a</span> <span class='ocrx_word' id='word_1_352' title='bbox 1131 1001 1374 1042; x_wconf 77' lang='lat' dir='ltr'>commoditate</span> <span class='ocrx_word' id='word_1_353' title='bbox 1387 1004 1518 1041; x_wconf 80' lang='lat' dir='ltr'>portuS,</span> <span class='ocrx_word' id='word_1_354' title='bbox 1536 1004 1573 1030; x_wconf 92' lang='lat' dir='ltr'>ut</span> <span class='ocrx_word' id='word_1_355' title='bbox 1586 1003 1705 1030; x_wconf 83' lang='lat' dir='ltr'>auctor</span> 
     </span>
     <span class='ocr_line' id='line_1_68' title="bbox 1002 1049 1703 1092; baseline -0.001 -12"><span class='ocrx_word' id='word_1_356' title='bbox 1002 1056 1056 1083; x_wconf 82' lang='lat' dir='ltr'>est</span> <span class='ocrx_word' id='word_1_357' title='bbox 1085 1052 1220 1091; x_wconf 87' lang='lat' dir='ltr'>Strabo,</span> <span class='ocrx_word' id='word_1_358' title='bbox 1247 1051 1393 1092; x_wconf 76' lang='lat' dir='ltr'>accepit.</span> <span class='ocrx_word' id='word_1_359' title='bbox 1437 1050 1517 1082; x_wconf 89' lang='lat' dir='ltr'>Fuit</span> <span class='ocrx_word' id='word_1_360' title='bbox 1543 1049 1583 1081; x_wconf 84' lang='lat' dir='ltr'>ad</span> <span class='ocrx_word' id='word_1_361' title='bbox 1614 1050 1703 1080; x_wconf 85' lang='lat' dir='ltr'>viam</span> 
     </span>
     <span class='ocr_line' id='line_1_69' title="bbox 1002 1101 1702 1143; baseline -0.003 -11"><span class='ocrx_word' id='word_1_362' title='bbox 1002 1101 1161 1143; x_wconf 84' lang='lat' dir='ltr'>Appiam,</span> <span class='ocrx_word' id='word_1_363' title='bbox 1193 1103 1266 1133; x_wconf 91' lang='lat' dir='ltr'>loco</span> <span class='ocrx_word' id='word_1_364' title='bbox 1301 1103 1405 1133; x_wconf 81' lang='lat' dir='ltr'>Molae</span> <span class='ocrx_word' id='word_1_365' title='bbox 1437 1101 1642 1142; x_wconf 87' lang='lat' dir='ltr'>propinquo,</span> <span class='ocrx_word' id='word_1_366' title='bbox 1675 1101 1702 1131; x_wconf 84' lang='lat' dir='ltr'>si</span> 
     </span>
     <span class='ocr_line' id='line_1_70' title="bbox 1003 1151 1703 1192; baseline -0.003 -9"><span class='ocrx_word' id='word_1_367' title='bbox 1003 1163 1101 1184; x_wconf 88' lang='lat' dir='ltr'>verus</span> <span class='ocrx_word' id='word_1_368' title='bbox 1119 1153 1278 1184; x_wconf 88' lang='lat' dir='ltr'>Leander</span> <span class='ocrx_word' id='word_1_369' title='bbox 1296 1153 1328 1183; x_wconf 89' lang='lat' dir='ltr'>in</span> <span class='ocrx_word' id='word_1_370' title='bbox 1353 1152 1583 1192; x_wconf 88' lang='lat' dir='ltr'>descriptione</span> <span class='ocrx_word' id='word_1_371' title='bbox 1601 1151 1703 1182; x_wconf 81' lang='lat' dir='ltr'>Latii.</span> 
     </span>
     <span class='ocr_line' id='line_1_71' title="bbox 1003 1202 1704 1245; baseline -0.001 -10"><span class='ocrx_word' id='word_1_372' title='bbox 1003 1205 1247 1245; x_wconf 77' lang='lat' dir='ltr'>Laestrigonum</span> <span class='ocrx_word' id='word_1_373' title='bbox 1265 1204 1379 1235; x_wconf 86' lang='lat' dir='ltr'>sedem</span> <span class='ocrx_word' id='word_1_374' title='bbox 1396 1202 1500 1234; x_wconf 77' lang='lat' dir='ltr'>fuisse</span> <span class='ocrx_word' id='word_1_375' title='bbox 1513 1202 1584 1233; x_wconf 88' lang='lat' dir='ltr'>Cic.</span> <span class='ocrx_word' id='word_1_376' title='bbox 1599 1202 1659 1233; x_wconf 90' lang='lat' dir='ltr'>lib.</span> <span class='ocrx_word' id='word_1_377' title='bbox 1671 1205 1704 1234; x_wconf 81' lang='lat'>2.</span> 
     </span>
     <span class='ocr_line' id='line_1_72' title="bbox 1002 1251 1707 1296; baseline -0.006 -10"><span class='ocrx_word' id='word_1_378' title='bbox 1002 1255 1044 1286; x_wconf 89' lang='lat' dir='ltr'>ad</span> <span class='ocrx_word' id='word_1_379' title='bbox 1060 1255 1170 1286; x_wconf 86' lang='lat' dir='ltr'>Attic.</span> <span class='ocrx_word' id='word_1_380' title='bbox 1186 1255 1332 1296; x_wconf 87' lang='lat' dir='ltr'>Epistol.</span> <span class='ocrx_word' id='word_1_381' title='bbox 1351 1257 1401 1285; x_wconf 80' lang='lat'>13.</span> <span class='ocrx_word' id='word_1_382' title='bbox 1416 1259 1452 1284; x_wconf 91' lang='lat' dir='ltr'>et</span> <span class='ocrx_word' id='word_1_383' title='bbox 1468 1253 1601 1284; x_wconf 90' lang='lat' dir='ltr'>Solinus</span> <span class='ocrx_word' id='word_1_384' title='bbox 1617 1251 1707 1283; x_wconf 86' lang='lat' dir='ltr'>affir-</span> 
     </span>
     <span class='ocr_line' id='line_1_73' title="bbox 1001 1303 1704 1345; baseline -0.006 -8"><span class='ocrx_word' id='word_1_385' title='bbox 1001 1312 1113 1344; x_wconf 83' lang='lat' dir='ltr'>mant3</span> <span class='ocrx_word' id='word_1_386' title='bbox 1139 1307 1193 1337; x_wconf 90' lang='lat' dir='ltr'>ubi</span> <span class='ocrx_word' id='word_1_387' title='bbox 1208 1306 1286 1337; x_wconf 89' lang='lat' dir='ltr'>olim</span> <span class='ocrx_word' id='word_1_388' title='bbox 1311 1305 1530 1345; x_wconf 78' lang='lat' dir='ltr'>Antiphates,</span> <span class='ocrx_word' id='word_1_389' title='bbox 1544 1313 1604 1334; x_wconf 87' lang='lat' dir='ltr'>rex</span> <span class='ocrx_word' id='word_1_390' title='bbox 1628 1303 1704 1334; x_wconf 84' lang='lat' dir='ltr'>Lae-</span> 
     </span>
     <span class='ocr_line' id='line_1_74' title="bbox 1002 1355 1567 1398; baseline -0.007 -9"><span class='ocrx_word' id='word_1_391' title='bbox 1002 1356 1439 1398; x_wconf 78' lang='lat' dir='ltr'>strigonum‚imperitavit.</span> <span class='ocrx_word' id='word_1_392' title='bbox 1484 1355 1567 1386; x_wconf 74' lang='lat' dir='ltr'>Rati.</span> 
     </span>
    </p>

    <p class='ocr_par' dir='ltr' id='par_1_14' title="bbox 1000 1405 1705 1750">
     <span class='ocr_line' id='line_1_75' title="bbox 1045 1405 1703 1446; baseline -0.005 -8"><span class='ocrx_word' id='word_1_393' title='bbox 1045 1411 1061 1438; x_wconf 95' lang='grc'>1</span> <span class='ocrx_word' id='word_1_394' title='bbox 1089 1408 1224 1439; x_wconf 80' lang='lat' dir='ltr'>Formioe</span> <span class='ocrx_word' id='word_1_395' title='bbox 1247 1406 1336 1446; x_wconf 80' lang='lat' dir='ltr'>litus]</span> <span class='ocrx_word' id='word_1_396' title='bbox 1359 1405 1535 1437; x_wconf 86' lang='lat' dir='ltr'>Maritima</span> <span class='ocrx_word' id='word_1_397' title='bbox 1558 1405 1703 1445; x_wconf 88' lang='lat' dir='ltr'>Campa-</span> 
     </span>
     <span class='ocr_line' id='line_1_76' title="bbox 1001 1455 1702 1496; baseline -0.003 -9"><span class='ocrx_word' id='word_1_398' title='bbox 1001 1457 1065 1488; x_wconf 81' lang='lat' dir='ltr'>niae</span> <span class='ocrx_word' id='word_1_399' title='bbox 1087 1457 1179 1496; x_wconf 76' lang='lat' dir='ltr'>urbs,</span> <span class='ocrx_word' id='word_1_400' title='bbox 1200 1457 1257 1487; x_wconf 92' lang='lat' dir='ltr'>ubi</span> <span class='ocrx_word' id='word_1_401' title='bbox 1281 1457 1395 1487; x_wconf 89' lang='lat' dir='ltr'>villam</span> <span class='ocrx_word' id='word_1_402' title='bbox 1421 1465 1480 1486; x_wconf 91' lang='lat' dir='ltr'>seu</span> <span class='ocrx_word' id='word_1_403' title='bbox 1505 1455 1702 1495; x_wconf 77' lang='lat' dir='ltr'>praetoriuni</span> 
     </span>
     <span class='ocr_line' id='line_1_77' title="bbox 1000 1505 1703 1548; baseline 0 -11"><span class='ocrx_word' id='word_1_404' title='bbox 1000 1508 1118 1538; x_wconf 83' lang='lat' dir='ltr'>habuit</span> <span class='ocrx_word' id='word_1_405' title='bbox 1134 1507 1367 1548; x_wconf 85' lang='lat' dir='ltr'>Apollinaris:</span> <span class='ocrx_word' id='word_1_406' title='bbox 1391 1506 1434 1537; x_wconf 88' lang='lat' dir='ltr'>ad</span> <span class='ocrx_word' id='word_1_407' title='bbox 1461 1516 1559 1547; x_wconf 88' lang='lat' dir='ltr'>quem</span> <span class='ocrx_word' id='word_1_408' title='bbox 1585 1505 1703 1546; x_wconf 86' lang='lat' dir='ltr'>Epigr.</span> 
     </span>
     <span class='ocr_line' id='line_1_78' title="bbox 1001 1556 1705 1598; baseline -0.001 -10"><span class='ocrx_word' id='word_1_409' title='bbox 1001 1560 1053 1589; x_wconf 83' lang='grc'>87.</span> <span class='ocrx_word' id='word_1_410' title='bbox 1065 1558 1123 1589; x_wconf 89' lang='lat' dir='ltr'>lib.</span> <span class='ocrx_word' id='word_1_411' title='bbox 1140 1560 1170 1589; x_wconf 77' lang='lat'>4.</span> <span class='ocrx_word' id='word_1_412' title='bbox 1187 1563 1222 1589; x_wconf 89' lang='lat' dir='ltr'>et</span> <span class='ocrx_word' id='word_1_413' title='bbox 1239 1558 1357 1598; x_wconf 86' lang='lat' dir='ltr'>Epigr.</span> <span class='ocrx_word' id='word_1_414' title='bbox 1379 1560 1432 1589; x_wconf 84' lang='lat'>26.</span> <span class='ocrx_word' id='word_1_415' title='bbox 1447 1557 1505 1588; x_wconf 90' lang='lat' dir='ltr'>lib.</span> <span class='ocrx_word' id='word_1_416' title='bbox 1521 1560 1552 1587; x_wconf 85' lang='lat'>7.</span> <span class='ocrx_word' id='word_1_417' title='bbox 1597 1556 1705 1589; x_wconf 77' lang='lat' dir='ltr'>Quasi</span> 
     </span>
     <span class='ocr_line' id='line_1_79' title="bbox 1002 1607 1704 1648; baseline -0.001 -10"><span class='ocrx_word' id='word_1_418' title='bbox 1002 1608 1117 1640; x_wconf 90' lang='lat' dir='ltr'>dicat:</span> <span class='ocrx_word' id='word_1_419' title='bbox 1144 1609 1174 1640; x_wconf 94' lang='grc' dir='ltr'><strong>Ο</strong></span> <span class='ocrx_word' id='word_1_420' title='bbox 1193 1609 1351 1648; x_wconf 77' lang='lat' dir='ltr'>Formiae,</span> <span class='ocrx_word' id='word_1_421' title='bbox 1365 1612 1558 1648; x_wconf 89' lang='lat' dir='ltr'>temperato</span> <span class='ocrx_word' id='word_1_422' title='bbox 1571 1607 1704 1638; x_wconf 79' lang='lat' dir='ltr'>caelilo·</span> 
     </span>
     <span class='ocr_line' id='line_1_80' title="bbox 1001 1659 1704 1700; baseline -0.001 -10"><span class='ocrx_word' id='word_1_423' title='bbox 1001 1669 1041 1690; x_wconf 86' lang='lat' dir='ltr'>co</span> <span class='ocrx_word' id='word_1_424' title='bbox 1071 1660 1160 1698; x_wconf 80' lang='lat' dir='ltr'>sitae,</span> <span class='ocrx_word' id='word_1_425' title='bbox 1192 1659 1383 1700; x_wconf 84' lang='lat' dir='ltr'>Apollinari</span> <span class='ocrx_word' id='word_1_426' title='bbox 1411 1659 1592 1691; x_wconf 87' lang='lat' dir='ltr'>rusticanti</span> <span class='ocrx_word' id='word_1_427' title='bbox 1623 1659 1704 1690; x_wconf 81' lang='lat' dir='ltr'>estis</span> 
     </span>
     <span class='ocr_line' id='line_1_81' title="bbox 1001 1710 1217 1750; baseline 0 -10"><span class='ocrx_word' id='word_1_428' title='bbox 1001 1710 1217 1750; x_wconf 64' lang='lat' dir='ltr'>gratissimae.</span> 
     </span>
    </p>

    <p class='ocr_par' dir='ltr' id='par_1_15' title="bbox 1000 1759 1704 1901">
     <span class='ocr_line' id='line_1_82' title="bbox 1043 1759 1704 1801; baseline 0 -11"><span class='ocrx_word' id='word_1_429' title='bbox 1043 1763 1062 1790; x_wconf 84' lang='lat'><strong>2</strong></span> <span class='ocrx_word' id='word_1_430' title='bbox 1089 1760 1167 1791; x_wconf 82' lang='lat' dir='ltr'>Cum</span> <span class='ocrx_word' id='word_1_431' title='bbox 1190 1761 1302 1800; x_wconf 79' lang='lat' dir='ltr'>severi,</span> <span class='ocrx_word' id='word_1_432' title='bbox 1317 1759 1388 1800; x_wconf 46' lang='grc' dir='ltr'>δῖα]</span> <span class='ocrx_word' id='word_1_433' title='bbox 1424 1759 1507 1791; x_wconf 90' lang='lat' dir='ltr'>Cum</span> <span class='ocrx_word' id='word_1_434' title='bbox 1524 1768 1560 1790; x_wconf 89' lang='lat' dir='ltr'>se</span> <span class='ocrx_word' id='word_1_435' title='bbox 1578 1760 1704 1801; x_wconf 87' lang='lat' dir='ltr'>recipit</span> 
     </span>
     <span class='ocr_line' id='line_1_83' title="bbox 1000 1810 1704 1850; baseline 0.001 -10"><span class='ocrx_word' id='word_1_436' title='bbox 1000 1820 1043 1841; x_wconf 81' lang='lat' dir='ltr'>ex</span> <span class='ocrx_word' id='word_1_437' title='bbox 1060 1810 1154 1842; x_wconf 82' lang='lat' dir='ltr'>urbis</span> <span class='ocrx_word' id='word_1_438' title='bbox 1173 1811 1333 1842; x_wconf 84' lang='lat' dir='ltr'>Romanae</span> <span class='ocrx_word' id='word_1_439' title='bbox 1361 1810 1642 1850; x_wconf 87' lang='lat' dir='ltr'>occupationibus</span> <span class='ocrx_word' id='word_1_440' title='bbox 1668 1816 1704 1841; x_wconf 91' lang='lat' dir='ltr'>et</span> 
     </span>
     <span class='ocr_line' id='line_1_84' title="bbox 1000 1862 1157 1901; baseline 0.013 -10"><span class='ocrx_word' id='word_1_441' title='bbox 1000 1862 1157 1901; x_wconf 83' lang='lat' dir='ltr'>negotiis.</span> 
     </span>
    </p>

    <p class='ocr_par' dir='ltr' id='par_1_16' title="bbox 998 1911 1704 2354">
     <span class='ocr_line' id='line_1_85' title="bbox 1042 1911 1704 1952; baseline 0 -10"><span class='ocrx_word' id='word_1_442' title='bbox 1042 1916 1059 1942; x_wconf 89' lang='lat'>5</span> <span class='ocrx_word' id='word_1_443' title='bbox 1087 1913 1159 1943; x_wconf 80' lang='lat' dir='ltr'>Non</span> <span class='ocrx_word' id='word_1_444' title='bbox 1177 1912 1239 1952; x_wconf 79' lang='lat' dir='ltr'>ille,</span> <span class='ocrx_word' id='word_1_445' title='bbox 1250 1911 1320 1952; x_wconf 58' lang='lat' dir='ltr'>Esau]</span> <span class='ocrx_word' id='word_1_446' title='bbox 1341 1911 1550 1952; x_wconf 83' lang='lat' dir='ltr'>Temperato</span> <span class='ocrx_word' id='word_1_447' title='bbox 1565 1911 1651 1942; x_wconf 88' lang='lat' dir='ltr'>coelo</span> <span class='ocrx_word' id='word_1_448' title='bbox 1668 1916 1704 1942; x_wconf 91' lang='lat' dir='ltr'>et</span> 
     </span>
     <span class='ocr_line' id='line_1_86' title="bbox 999 1960 1703 2001; baseline -0.001 -9"><span class='ocrx_word' id='word_1_449' title='bbox 999 1962 1188 1992; x_wconf 86' lang='lat' dir='ltr'>amoenitati</span> <span class='ocrx_word' id='word_1_450' title='bbox 1220 1961 1429 1992; x_wconf 87' lang='lat' dir='ltr'>Formiarum</span> <span class='ocrx_word' id='word_1_451' title='bbox 1463 1970 1529 1992; x_wconf 84' lang='lat' dir='ltr'>non</span> <span class='ocrx_word' id='word_1_452' title='bbox 1559 1960 1703 2001; x_wconf 86' lang='lat' dir='ltr'>praefert</span> 
     </span>
     <span class='ocr_line' id='line_1_87' title="bbox 998 2012 1701 2053; baseline -0.001 -10"><span class='ocrx_word' id='word_1_453' title='bbox 998 2013 1118 2051; x_wconf 88' lang='lat' dir='ltr'>Tibur,</span> <span class='ocrx_word' id='word_1_454' title='bbox 1135 2012 1266 2053; x_wconf 83' lang='lat' dir='ltr'>pudicae</span> <span class='ocrx_word' id='word_1_455' title='bbox 1284 2022 1354 2043; x_wconf 84' lang='lat' dir='ltr'>suae</span> <span class='ocrx_word' id='word_1_456' title='bbox 1377 2012 1491 2043; x_wconf 83' lang='lat' dir='ltr'>uxoris</span> <span class='ocrx_word' id='word_1_457' title='bbox 1513 2012 1620 2043; x_wconf 90' lang='lat' dir='ltr'>solum</span> <span class='ocrx_word' id='word_1_458' title='bbox 1644 2022 1701 2042; x_wconf 89' lang='lat' dir='ltr'>na-</span> 
     </span>
     <span class='ocr_line' id='line_1_88' title="bbox 1000 2061 1701 2103; baseline -0.001 -9"><span class='ocrx_word' id='word_1_459' title='bbox 1000 2064 1068 2094; x_wconf 83' lang='lat' dir='ltr'>tale</span> <span class='ocrx_word' id='word_1_460' title='bbox 1092 2073 1151 2093; x_wconf 85' lang='lat' dir='ltr'>seu</span> <span class='ocrx_word' id='word_1_461' title='bbox 1175 2063 1310 2093; x_wconf 88' lang='lat' dir='ltr'>villam:</span> <span class='ocrx_word' id='word_1_462' title='bbox 1337 2072 1405 2093; x_wconf 87' lang='lat' dir='ltr'>non</span> <span class='ocrx_word' id='word_1_463' title='bbox 1431 2062 1533 2093; x_wconf 89' lang='lat' dir='ltr'>Tusc.</span> <span class='ocrx_word' id='word_1_464' title='bbox 1557 2061 1701 2103; x_wconf 81' lang='lat' dir='ltr'>Algidos</span> 
     </span>
     <span class='ocr_line' id='line_1_89' title="bbox 999 2112 1702 2151; baseline -0.001 -7"><span class='ocrx_word' id='word_1_465' title='bbox 999 2123 1163 2151; x_wconf 87' lang='lat' dir='ltr'>recessus,</span> <span class='ocrx_word' id='word_1_466' title='bbox 1180 2114 1359 2144; x_wconf 84' lang='lat' dir='ltr'>Praeneste</span> <span class='ocrx_word' id='word_1_467' title='bbox 1380 2122 1443 2143; x_wconf 86' lang='lat' dir='ltr'>nec</span> <span class='ocrx_word' id='word_1_468' title='bbox 1456 2112 1589 2144; x_wconf 84' lang='lat' dir='ltr'>Anxur.</span> <span class='ocrx_word' id='word_1_469' title='bbox 1607 2112 1702 2143; x_wconf 75' lang='lat' dir='ltr'>Sanc-</span> 
     </span>
     <span class='ocr_line' id='line_1_90' title="bbox 998 2163 1700 2204; baseline -0.004 -9"><span class='ocrx_word' id='word_1_470' title='bbox 998 2169 1039 2196; x_wconf 76' lang='lat' dir='ltr'>toe</span> <span class='ocrx_word' id='word_1_471' title='bbox 1054 2164 1175 2204; x_wconf 77' lang='lat' dir='ltr'>uxoris]</span> <span class='ocrx_word' id='word_1_472' title='bbox 1201 2163 1354 2194; x_wconf 86' lang='lat' dir='ltr'>Pudicae.</span> <span class='ocrx_word' id='word_1_473' title='bbox 1377 2163 1546 2194; x_wconf 87' lang='lat' dir='ltr'>Dicamne</span> <span class='ocrx_word' id='word_1_474' title='bbox 1562 2172 1700 2193; x_wconf 84' lang='lat' dir='ltr'>uxorem</span> 
     </span>
     <span class='ocr_line' id='line_1_91' title="bbox 998 2213 1703 2253; baseline -0.004 -7"><span class='ocrx_word' id='word_1_475' title='bbox 998 2215 1228 2253; x_wconf 86' lang='lat' dir='ltr'>Tiburtinam,</span> <span class='ocrx_word' id='word_1_476' title='bbox 1253 2223 1294 2244; x_wconf 89' lang='lat' dir='ltr'>au</span> <span class='ocrx_word' id='word_1_477' title='bbox 1319 2223 1436 2253; x_wconf 80' lang='lat' dir='ltr'>agrum</span> <span class='ocrx_word' id='word_1_478' title='bbox 1464 2213 1621 2244; x_wconf 86' lang='lat' dir='ltr'>habuisse</span> <span class='ocrx_word' id='word_1_479' title='bbox 1648 2214 1703 2244; x_wconf 86' lang='lat' dir='ltr'>Ti-</span> 
     </span>
     <span class='ocr_line' id='line_1_92' title="bbox 998 2264 1701 2305; baseline -0.003 -8"><span class='ocrx_word' id='word_1_480' title='bbox 998 2265 1180 2303; x_wconf 89' lang='lat' dir='ltr'>burtinum,</span> <span class='ocrx_word' id='word_1_481' title='bbox 1193 2275 1235 2295; x_wconf 89' lang='lat' dir='ltr'>an</span> <span class='ocrx_word' id='word_1_482' title='bbox 1250 2264 1452 2305; x_wconf 88' lang='lat' dir='ltr'>utrumque?</span> <span class='ocrx_word' id='word_1_483' title='bbox 1476 2264 1614 2303; x_wconf 83' lang='lat' dir='ltr'>Uxoris,</span> <span class='ocrx_word' id='word_1_484' title='bbox 1629 2274 1701 2296; x_wconf 90' lang='lat' dir='ltr'>cre-</span> 
     </span>
     <span class='ocr_line' id='line_1_93' title="bbox 999 2313 1511 2354; baseline -0.002 -8"><span class='ocrx_word' id='word_1_485' title='bbox 999 2316 1055 2354; x_wconf 91' lang='lat' dir='ltr'>do,</span> <span class='ocrx_word' id='word_1_486' title='bbox 1073 2316 1151 2346; x_wconf 86' lang='lat' dir='ltr'>villa</span> <span class='ocrx_word' id='word_1_487' title='bbox 1164 2315 1290 2346; x_wconf 85' lang='lat' dir='ltr'>Tibure</span> <span class='ocrx_word' id='word_1_488' title='bbox 1305 2313 1381 2345; x_wconf 83' lang='lat' dir='ltr'>fuit.</span> <span class='ocrx_word' id='word_1_489' title='bbox 1430 2314 1511 2345; x_wconf 84' lang='lat' dir='ltr'>Rad.</span> 
     </span>
    </p>

    <p class='ocr_par' dir='ltr' id='par_1_17' title="bbox 997 2365 1702 2711">
     <span class='ocr_line' id='line_1_94' title="bbox 1040 2365 1701 2407; baseline -0.002 -10"><span class='ocrx_word' id='word_1_490' title='bbox 1040 2370 1059 2398; x_wconf 90' lang='grc'><strong>7</strong></span> <span class='ocrx_word' id='word_1_491' title='bbox 1085 2367 1258 2407; x_wconf 72' lang='lat' dir='ltr'>Proeveste]</span> <span class='ocrx_word' id='word_1_492' title='bbox 1284 2365 1608 2407; x_wconf 87' lang='lat' dir='ltr'>Latiioppidum,in</span> <span class='ocrx_word' id='word_1_493' title='bbox 1626 2375 1701 2406; x_wconf 87' lang='lat' dir='ltr'>pro-</span> 
     </span>
     <span class='ocr_line' id='line_1_95' title="bbox 997 2417 1701 2458; baseline -0.003 -10"><span class='ocrx_word' id='word_1_494' title='bbox 997 2423 1120 2458; x_wconf 85' lang='lat' dir='ltr'>spectu</span> <span class='ocrx_word' id='word_1_495' title='bbox 1138 2418 1250 2456; x_wconf 77' lang='lat' dir='ltr'>urbis3</span> <span class='ocrx_word' id='word_1_496' title='bbox 1276 2423 1313 2448; x_wconf 89' lang='lat' dir='ltr'>ut</span> <span class='ocrx_word' id='word_1_497' title='bbox 1337 2422 1373 2448; x_wconf 87' lang='lat' dir='ltr'>et</span> <span class='ocrx_word' id='word_1_498' title='bbox 1397 2417 1578 2448; x_wconf 78' lang='lat' dir='ltr'>Tusculum</span> <span class='ocrx_word' id='word_1_499' title='bbox 1597 2422 1632 2447; x_wconf 84' lang='lat' dir='ltr'>et</span> <span class='ocrx_word' id='word_1_500' title='bbox 1646 2417 1701 2446; x_wconf 88' lang='lat' dir='ltr'>Ti-</span> 
     </span>
     <span class='ocr_line' id='line_1_96' title="bbox 998 2467 1701 2509; baseline -0.003 -10"><span class='ocrx_word' id='word_1_501' title='bbox 998 2468 1073 2499; x_wconf 88' lang='lat' dir='ltr'>bur.</span> <span class='ocrx_word' id='word_1_502' title='bbox 1124 2467 1270 2509; x_wconf 76' lang='lat' dir='ltr'>Antz&#39;um]</span> <span class='ocrx_word' id='word_1_503' title='bbox 1323 2469 1413 2499; x_wconf 85' lang='lat' dir='ltr'>Urbs</span> <span class='ocrx_word' id='word_1_504' title='bbox 1451 2468 1554 2499; x_wconf 86' lang='lat' dir='ltr'>etiam</span> <span class='ocrx_word' id='word_1_505' title='bbox 1598 2467 1701 2506; x_wconf 88' lang='lat' dir='ltr'>Latii,</span> 
     </span>
     <span class='ocr_line' id='line_1_97' title="bbox 997 2516 1702 2558; baseline -0.003 -9"><span class='ocrx_word' id='word_1_506' title='bbox 997 2524 1133 2550; x_wconf 90' lang='lat' dir='ltr'>centum</span> <span class='ocrx_word' id='word_1_507' title='bbox 1151 2519 1328 2558; x_wconf 85' lang='lat' dir='ltr'>octoginta</span> <span class='ocrx_word' id='word_1_508' title='bbox 1344 2524 1423 2550; x_wconf 81' lang='lat' dir='ltr'>octo</span> <span class='ocrx_word' id='word_1_509' title='bbox 1443 2518 1562 2549; x_wconf 84' lang='lat' dir='ltr'>stadiis</span> <span class='ocrx_word' id='word_1_510' title='bbox 1579 2516 1622 2548; x_wconf 85' lang='lat' dir='ltr'>ab</span> <span class='ocrx_word' id='word_1_511' title='bbox 1639 2518 1702 2548; x_wconf 83' lang='lat' dir='ltr'>Ur-</span> 
     </span>
     <span class='ocr_line' id='line_1_98' title="bbox 997 2567 1699 2605; baseline -0.004 -5"><span class='ocrx_word' id='word_1_512' title='bbox 997 2569 1058 2600; x_wconf 92' lang='lat' dir='ltr'>be:</span> <span class='ocrx_word' id='word_1_513' title='bbox 1085 2569 1205 2599; x_wconf 88' lang='lat' dir='ltr'>nobilis</span> <span class='ocrx_word' id='word_1_514' title='bbox 1222 2568 1288 2600; x_wconf 90' lang='lat' dir='ltr'>fuit</span> <span class='ocrx_word' id='word_1_515' title='bbox 1311 2569 1448 2599; x_wconf 87' lang='lat' dir='ltr'>oraculo</span> <span class='ocrx_word' id='word_1_516' title='bbox 1465 2569 1639 2605; x_wconf 57' lang='lat' dir='ltr'>Fortunae,</span> <span class='ocrx_word' id='word_1_517' title='bbox 1655 2567 1699 2597; x_wconf 90' lang='lat' dir='ltr'>de</span> 
     </span>
     <span class='ocr_line' id='line_1_99' title="bbox 998 2618 1697 2661; baseline -0.004 -11"><span class='ocrx_word' id='word_1_518' title='bbox 998 2630 1063 2661; x_wconf 91' lang='lat' dir='ltr'>quo</span> <span class='ocrx_word' id='word_1_519' title='bbox 1081 2620 1204 2650; x_wconf 87' lang='lat' dir='ltr'>Horat.</span> <span class='ocrx_word' id='word_1_520' title='bbox 1223 2619 1279 2650; x_wconf 91' lang='lat' dir='ltr'>lib.</span> <span class='ocrx_word' id='word_1_521' title='bbox 1298 2622 1326 2651; x_wconf 92' lang='lat' dir='ltr'>l.</span> <span class='ocrx_word' id='word_1_522' title='bbox 1351 2618 1418 2650; x_wconf 89' lang='lat' dir='ltr'>Od.</span> <span class='ocrx_word' id='word_1_523' title='bbox 1435 2621 1489 2651; x_wconf 88' lang='lat'>35.</span> <span class='ocrx_word' id='word_1_524' title='bbox 1514 2620 1523 2634; x_wconf 88' lang='lat'>‘</span> <span class='ocrx_word' id='word_1_525' title='bbox 1543 2619 1573 2650; x_wconf 92' lang='lat' dir='ltr'>O</span> <span class='ocrx_word' id='word_1_526' title='bbox 1595 2619 1697 2655; x_wconf 89' lang='lat' dir='ltr'>Diva,</span> 
     </span>
     <span class='ocr_line' id='line_1_100' title="bbox 997 2669 1513 2711; baseline -0.004 -10"><span class='ocrx_word' id='word_1_527' title='bbox 997 2676 1130 2711; x_wconf 83' lang='lat' dir='ltr'>gratum</span> <span class='ocrx_word' id='word_1_528' title='bbox 1149 2680 1224 2711; x_wconf 84' lang='lat' dir='ltr'>quae</span> <span class='ocrx_word' id='word_1_529' title='bbox 1242 2671 1332 2710; x_wconf 84' lang='lat' dir='ltr'>regis</span> <span class='ocrx_word' id='word_1_530' title='bbox 1351 2669 1513 2700; x_wconf 85' lang='lat' dir='ltr'>Antium.’</span> 
     </span>
    </p>

    <p class='ocr_par' dir='ltr' id='par_1_18' title="bbox 996 2718 1697 2809">
     <span class='ocr_line' id='line_1_101' title="bbox 1039 2718 1697 2759; baseline -0.006 -8"><span class='ocrx_word' id='word_1_531' title='bbox 1039 2723 1058 2752; x_wconf 83' lang='lat'>8</span> <span class='ocrx_word' id='word_1_532' title='bbox 1084 2721 1156 2752; x_wconf 83' lang='lat' dir='ltr'>Non</span> <span class='ocrx_word' id='word_1_533' title='bbox 1172 2720 1282 2751; x_wconf 78' lang='lat' dir='ltr'>blanda</span> <span class='ocrx_word' id='word_1_534' title='bbox 1302 2721 1404 2759; x_wconf 83' lang='lat' dir='ltr'>Circe,</span> <span class='ocrx_word' id='word_1_535' title='bbox 1418 2718 1487 2759; x_wconf 54' lang='lat' dir='ltr'>Sym]</span> <span class='ocrx_word' id='word_1_536' title='bbox 1512 2719 1589 2749; x_wconf 80' lang='lat' dir='ltr'>Prae</span> <span class='ocrx_word' id='word_1_537' title='bbox 1615 2718 1697 2748; x_wconf 86' lang='lat' dir='ltr'>For·</span> 
     </span>
     <span class='ocr_line' id='line_1_102' title="bbox 996 2771 1697 2809; baseline -0.004 -7"><span class='ocrx_word' id='word_1_538' title='bbox 996 2772 1069 2802; x_wconf 90' lang='lat' dir='ltr'>miis</span> <span class='ocrx_word' id='word_1_539' title='bbox 1085 2781 1150 2802; x_wconf 90' lang='lat' dir='ltr'>non</span> <span class='ocrx_word' id='word_1_540' title='bbox 1168 2771 1339 2802; x_wconf 85' lang='lat' dir='ltr'>desiderat</span> <span class='ocrx_word' id='word_1_541' title='bbox 1356 2771 1523 2801; x_wconf 87' lang='lat' dir='ltr'>Circaeum</span> <span class='ocrx_word' id='word_1_542' title='bbox 1541 2779 1697 2809; x_wconf 85' lang='lat' dir='ltr'>promon-</span> 
     </span>
    </p>
   </div>
  </div>
 </body>
</html>
