1866 3131
257 196 370 237 1316

299 300 406 330 EPIG.
440 307 515 330 Lxr.
561 301 576 329 1
601 298 692 330 Livet
722 300 867 337 Carinus,
890 298 958 339 ἔξω]

256 349 398 381 Invidia.
424 350 511 380 Vide
527 349 647 391 Epigr.
663 353 716 381 77.
731 350 787 382 lib.
803 354 834 382 4.
851 356 886 382 et
899 351 956 382 lib.

257 405 286 433 6.
302 402 419 442 Epigr.
436 404 489 432 61.

296 455 317 483 4
345 451 518 487 Umbiltcis,
533 453 600 493 ἅμ]
624 453 741 493 Epigr.
766 456 821 484 67.
845 453 900 484 lib.
927 456 956 484 1.

255 510 344 532 vers.
378 504 428 533 12.
476 502 593 543 Cedro]
630 503 750 544 Epigr.
781 507 812 536 2.
840 505 899 535 lib.
927 508 958 535 3.

255 562 344 583 vers.
360 556 391 584 ὃ.

297 607 316 636 7
342 606 416 635 Νοη
430 607 466 635 ut
481 604 567 645 ante]
593 605 661 637 Sed
679 607 774 638 meis.

297 658 318 686 9
341 655 447 686 Malas
469 656 588 695 habeat,
608 656 678 696 &eff
703 658 894 698 Redigatnr
915 659 957 689 ad

254 715 325 737 rem
347 706 537 746 olitoriam3
556 708 715 748 quaeritet
739 708 804 739 sibi
831 709 958 740 victum

254 766 297 788 ex
323 757 422 789 horto
448 758 549 789 unico
566 759 784 798 suburban03
810 764 959 801 agatque

253 809 374 848 mulas,
400 809 491 839 olere
517 810 626 839 venali
653 814 801 848 onustas,
822 819 884 849 per
904 819 958 840 ur-

254 859 342 890 bem.
379 859 464 890 Vel:
484 860 577 899 Opto
589 864 626 891 ut
639 860 683 891 sit
696 865 763 891 tam
779 870 959 900 pauperae

255 918 332 949 ego,
370 909 521 950 nihilque
549 910 673 941 habeat
706 915 835 951 praeter
866 921 958 942 meas

255 960 376 997 mulas,
393 969 475 1000 quas
489 960 579 990 alere
595 961 649 990 vix
663 961 782 1001 possit,
797 965 833 992 et
848 970 959 992 meum

254 1009 484 1040 suburbanum
511 1010 627 1040 sterile
655 1016 690 1042 et
715 1012 801 1042 male
822 1016 959 1043 extruc-

255 1064 326 1091 tum
341 1070 350 1090 ε
374 1064 412 1091 ut
428 1060 488 1091 lib.
502 1064 533 1091 5.
551 1061 762 1101 Epigramm.
779 1065 831 1094 63.

299 1110 506 1142 Emomxu.
552 1111 678 1142 Picens
704 1113 960 1152 Epigrammata

258 1160 299 1191 ad
327 1171 487 1192 nauseam
511 1162 611 1202 longa
638 1163 834 1202 scripserat,
858 1164 958 1194 etiam

255 1212 289 1242 in
321 1221 441 1242 aversa
468 1213 588 1243 charta
615 1212 669 1253 (on
693 1213 744 1244 the
764 1214 851 1244 other
865 1213 960 1254 side),

257 1262 345 1302 quod
361 1263 486 1294 Juven.
502 1262 591 1293 dixit
604 1263 612 1279 ‘
629 1273 647 1293 a
663 1263 783 1303 tergo,'
801 1273 876 1294 cum
892 1264 960 1294 Ve-

256 1318 345 1343 teres
359 1322 423 1342 una
440 1317 571 1342 tantum
589 1313 714 1344 chartae
731 1313 818 1344 facie
835 1314 958 1344 scribe-

255 1363 354 1401 bant,
392 1362 482 1403 quod
519 1363 634 1394 bibula
670 1364 804 1394 illorum
842 1364 960 1394 charta

256 1413 508 1445 transmitteret
530 1419 768 1445 atramentum.
813 1414 959 1446 Jocatur

258 1463 382 1502 Poeta,
409 1473 475 1493 nou
505 1464 622 1494 mirum
655 1473 741 1504 esse,
770 1464 810 1502 si,
840 1473 959 1494 averso

257 1513 344 1551 Deo,
368 1512 431 1543 hoc
448 1517 513 1550 est,
540 1513 647 1543 invita
663 1513 832 1552 Minerva,
850 1514 959 1544 Musis

256 1563 376 1594 invitis
407 1568 442 1594 et
468 1563 639 1603 Apolline,
665 1564 755 1594 nulla
781 1568 963 1604 componat

259 1613 431 1651 Carmina,
449 1613 505 1654 qui
521 1613 554 1643 in
566 1623 683 1644 aversa
694 1614 813 1644 charta
825 1618 860 1644 et
875 1612 962 1654 opis-

258 1663 461 1703 thographio
476 1663 623 1694 scribat:
639 1663 794 1704 luditque
807 1664 842 1694 in
856 1664 962 1695 varia-

260 1715 353 1745 tione
370 1715 379 1730 ‘
391 1714 525 1744 aversa'
543 1720 578 1745 et
592 1715 601 1731 ‘
615 1713 756 1746 averso!

306 1766 412 1796 EPm.
426 1774 533 1796 Lxru.
581 1768 595 1795 1
616 1767 792 1806 leestylon‚
806 1765 875 1806 &ej
891 1767 962 1797 De-

260 1816 381 1847 licatos
398 1826 532 1855 pueros,
548 1816 726 1856 poetarum
744 1817 881 1848 amasia.

305 1867 410 1897 Eme.
429 1874 529 1896 inv.
575 1868 707 1906 clytus,
724 1867 846 1907 saepius
864 1872 901 1897 ut
921 1867 963 1898 ab

262 1915 382 1946 amicis
416 1915 572 1946 natalitia
605 1925 743 1946 munera
778 1916 963 1957 reciperet,

260 1964 334 1996 fere
360 1970 443 2006 quot
467 1965 617 1995 calendis
641 1966 842 1997 celebrabat
868 1973 964 1996 nata-

261 2017 326 2046 lem
344 2025 453 2046 suum.
498 2016 609 2047 Poeta
634 2016 879 2057 impudentiam
906 2017 962 2047 lio-

261 2065 360 2096 minis
378 2066 500 2106 arguit,
526 2070 561 2096 et
578 2071 693 2096 monet
709 2070 746 2096 ut
762 2066 865 2096 semel
883 2073 963 2106 agat

262 2115 502 2156 genethliaca3
533 2116 657 2157 alioqui
681 2125 717 2146 se
743 2117 824 2147 nihil
848 2117 963 2147 missu-

264 2177 349 2205 rum,
374 2167 434 2198 sed
459 2168 694 2207 neglecturum
720 2166 861 2207 perinde
876 2177 916 2199 ac
937 2169 963 2198 si

263 2222 362 2249 natus
380 2227 446 2248 non
462 2216 580 2248 fuisset
596 2226 754 2258 unquam.
778 2217 862 2248 Rad.

308 2272 324 2300 1
354 2269 399 2300 Ut
419 2277 537 2308 poscaS,
562 2267 631 2307 ξω]
664 2267 711 2298 Ut
728 2267 840 2298 amicis
855 2272 890 2299 et
904 2267 963 2298 cli-

264 2319 398 2350 entibus
414 2318 574 2359 frequens
589 2317 691 2348 detur
702 2319 835 2349 occasio
849 2328 964 2349 mune-

264 2379 339 2400 rum
355 2368 585 2400 natalitiorum
602 2368 664 2399 tibi
680 2368 853 2399 mittendi.

307 2422 328 2451 2
356 2420 424 2450 Uno
448 2419 596 2458 nasceris,
621 2418 689 2459 Sym]
712 2419 872 2451 Celebras
900 2429 966 2450 me·

265 2472 407 2502 moriam
423 2471 544 2501 natalis
562 2470 611 2502 tui
632 2471 737 2502 octies
754 2479 816 2511 per
832 2480 965 2511 annum,

265 2522 436 2553 noviesve.

310 2575 329 2604 3
353 2572 442 2604 Solas
464 2575 552 2612 pulv,
577 2572 645 2612 ᾃσ]
672 2573 818 2612 Singulis
843 2573 965 2604 mensi-

267 2622 343 2661 bus,
363 2622 516 2663 exceptis
537 2628 667 2653 tantum
684 2623 795 2654 tribus
811 2628 870 2655 aut
885 2634 965 2665 qua-

267 2677 359 2712 tuor,
372 2673 475 2703 habes
488 2671 645 2703 fictitium
661 2674 822 2704 natalem.

311 2727 330 2753 5
355 2722 405 2754 Sit
421 2726 533 2761 vultus,
547 2723 617 2763 Gya]
640 2725 690 2755 Sis
700 2725 782 2756 lieet
795 2725 966 2765 imberbis,

269 2772 364 2804 crine
391 2773 498 2813 niger,
522 2779 631 2814 tener,
656 2780 690 2806 et
713 2776 846 2815 mollis;
870 2777 966 2808 Pria-

726 204 864 235 NOTAE
900 205 959 234 VA
970 205 1121 235 moRU
1132 205 1162 233 M
1198 206 1247 234 IN

1006 309 1094 330 mum
1112 303 1224 329 tamen
1252 301 1288 329 et
1315 299 1462 330 Nestora
1484 299 1579 330 annis
1607 309 1704 341 supe-

1007 360 1081 380 rare
1101 350 1237 389 videris,
1254 349 1309 391 qui
1325 349 1428 381 toties
1447 350 1632 381 celebraris
1648 360 1705 382 na-

1007 401 1122 431 talem.

1049 455 1068 482 7
1095 451 1234 492 Caelum]
1273 452 1413 483 Maturo
1440 451 1574 482 scilicet
1597 456 1632 482 et
1657 452 1706 483 ni-

1008 512 1088 542 gro:
1114 503 1230 542 Epigr.
1245 505 1296 533 73.
1312 502 1370 533 lib.
1387 505 1418 533 1.
1436 512 1524 533 vers,
1538 507 1570 534 5.

1050 558 1070 585 9
1094 555 1234 585 ..Massam
1259 555 1360 592 modo,
1384 554 1453 594 ἔγω]
1493 554 1621 584 Metam
1643 554 1707 584 lac-

1008 605 1050 636 tis
1067 606 1248 646 coagulati.
1294 605 1383 636 Vide
1399 606 1519 646 Epigr.
1535 607 1589 636 44.
1607 604 1662 635 lib.
1680 608 1708 636 l.

1008 665 1098 686 vers.
1114 658 1145 686 7.

1053 709 1089 736 ll
1117 706 1234 745 Cruda,
1250 706 1317 746 ἐξα]
1343 706 1504 747 Innupta.

1053 759 1091 787 18
1116 757 1236 787 Natum
1263 762 1304 794 te,
1333 757 1402 797 ἐγὼ]
1442 758 1496 788 Ne
1520 766 1620 787 unum
1637 757 1710 798 qui-

1008 805 1085 836 dem
1103 807 1191 837 diem
1215 817 1288 838 esse
1305 813 1398 838 tuum
1412 808 1558 837 natalem
1576 807 1707 847 putabi-

1009 866 1094 895 mus,
1111 858 1224 888 necin
1240 868 1280 888 eo
1295 858 1356 888 tibi
1371 868 1510 888 munera
1527 859 1709 888 mittemus.

1008 906 1062 937 An
1075 912 1167 938 tecte
1185 908 1335 948 spurium
1354 914 1464 947 notat,
1480 908 1523 938 de
1539 908 1633 948 cujus
1652 917 1709 938 na-

1010 957 1069 988 tali
1086 968 1151 989 non
1166 959 1320 989 constet?

1052 1009 1156 1039 EP1G.
1191 1017 1274 1040 LXV.
1319 1008 1404 1040 Post
1430 1009 1606 1040 victoriam
1634 1009 1711 1040 Sar-

1009 1059 1179 1097 maticam,
1199 1069 1314 1090 arcum
1331 1060 1512 1091 maximum
1526 1059 1711 1099 triumpha-

1009 1110 1075 1140 lem
1091 1109 1155 1140 sibi
1168 1110 1356 1150 ponijussit
1368 1111 1598 1149 Domitianus,
1611 1119 1710 1151 quem

1010 1165 1137 1200 praeter
1161 1161 1225 1191 alia
1246 1162 1332 1192 illius
1356 1171 1463 1202 opera
1479 1161 1632 1192 celebrat
1649 1160 1712 1192 hoc

1010 1211 1126 1250 Epigr.
1142 1211 1325 1242 Martialis,
1349 1212 1456 1243 Arcus
1470 1212 1611 1243 statima
1627 1221 1713 1242 mor-

1010 1265 1045 1290 te
1071 1260 1146 1300 ejus
1174 1266 1252 1291 sunt
1275 1262 1471 1292 disturbati.
1514 1262 1597 1292 'ram
1613 1263 1710 1292 multi

1011 1316 1107 1341 erant
1132 1320 1192 1350 per
1215 1311 1331 1341 urbem
1355 1313 1498 1351 conditi,
1522 1317 1558 1342 nt
1576 1312 1709 1342 cuidam

1012 1362 1135 1392 Graece
1151 1361 1257 1393 fuerit
1280 1363 1496 1404 inscriptum,
1510 1364 1621 1404 Ἀρκεῖ,
1636 1363 1710 1400 Sus-

1000 1412 1088 1453 ficit.

1055 1465 1071 1492 1
1096 1463 1396 1503 Redzccz'sfulgentz‘a
1409 1464 1484 1504 late]
1499 1464 1656 1506 Augusto
1669 1465 1711 1496 ob

1010 1511 1158 1542 reditum
1184 1522 1242 1544 ara
1267 1514 1427 1545 Fortnnae
1453 1515 1600 1545 Reducis
1631 1525 1709 1546 con-

1010 1566 1165 1594 secrata:
1195 1563 1261 1593 Dio
1286 1564 1343 1595 lib.
1372 1567 1424 1596 54.
1447 1565 1661 1603 Domitiano,
1693 1576 1712 1596 a

1012 1611 1099 1642 bello
1116 1613 1300 1645 Sarmatico
1316 1614 1445 1655 reduci,
1457 1616 1619 1655 templum
1631 1616 1713 1646 For-

1013 1670 1102 1694 tunae
1119 1665 1269 1697 Reducis
1283 1666 1502 1698 aedificatum.
1525 1667 1631 1707 Τύχην
1640 1668 1713 1698 ἐπα-

1012 1712 1152 1752 νάγωγον
1185 1717 1337 1756 appellat
1374 1718 1442 1748 Dio
1479 1718 1552 1755 loco
1591 1719 1712 1750 citato.

1013 1764 1171 1797 Meminit
1198 1767 1296 1806 hujus
1323 1768 1484 1799 Fortunae
1502 1774 1536 1800 et
1553 1769 1714 1800 Claudia-

1012 1824 1074 1845 nus
1091 1826 1098 1845 :
1123 1818 1132 1833 ‘
1150 1816 1260 1847 Aurea
1273 1818 1430 1849 Fortunae
1446 1819 1575 1850 Reduci
1588 1820 1614 1849 si
1630 1826 1712 1850 tem-

1012 1866 1068 1905 pla
1096 1867 1222 1906 priores
1251 1868 1306 1898 Ob
1333 1869 1477 1900 reditum
1504 1879 1626 1900 vovere
1652 1869 1711 1900 du-

1012 1915 1114 1946 cum.'

1054 1969 1073 1997 2
1099 1967 1194 1998 Felix
1210 1978 1283 1999 area
1303 1979 1400 2008 nuper
1423 1968 1506 2009 erat]
1544 1970 1627 2000 Viso
1646 1971 1713 2009 pri-

1011 2029 1099 2049 mum
1118 2023 1154 2048 et
1170 2019 1317 2050 salutato
1334 2019 1379 2050 ibi
1393 2019 1563 2060 principe:
1590 2025 1626 2050 ut
1641 2029 1712 2062 seq.

1012 2077 1123 2098 versu.

1054 2120 1072 2148 3
1097 2117 1221 2157 Arctoi]
1244 2117 1435 2150 Sarmatici.
1455 2119 1664 2160 Epigramm.
1680 2124 1711 2152 5.

1010 2168 1106 2199 lib.⁷.
1119 2177 1204 2198 vers.
1223 2171 1253 2199 1.
1274 2169 1528 2210 Formosus,‹3,·c.]
1546 2171 1711 2203 Pulveru-

1010 2219 1102 2250 lenta
1116 2218 1198 2250 belli
1215 2219 1322 2260 gloria
1334 2220 1485 2260 insignis.

1053 2273 1073 2301 4
1099 2270 1294 2310 Purpureum
1312 2270 1424 2312 jubar]
1462 2272 1570 2313 Purp.
1588 2272 1711 2308 radios,

1013 2321 1185 2352 ruborem.

1053 2374 1071 2401 5
1095 2371 1198 2401 Lauro
1227 2371 1385 2410 redimita,
1407 2371 1478 2412 ξω]
1515 2372 1668 2414 Principi
1692 2383 1712 2404 e

1011 2421 1100 2453 bello
1116 2421 1234 2452 reduci
1252 2428 1496 2463 processerunt
1518 2423 1651 2454 obviam
1667 2424 1713 2454 ci-

1015 2483 1070 2503 ves
1083 2473 1248 2504 laureati:
1273 2474 1390 2514 Epigr.
1407 2476 1438 2504 7.
1455 2473 1514 2504 lib.
1531 2477 1562 2505 7.
1575 2483 1662 2506 vers.
1680 2477 1710 2505 8.

1011 2525 1058 2555 Et
1073 2522 1247 2564 quoslibet
1273 2523 1353 2554 laeta
1377 2524 1572 2554 nuntiantes
1589 2525 1629 2554 ad
1644 2524 1711 2555 hoc

1012 2574 1201 2613 exemplum
1230 2573 1461 2614 excipiebant,
1488 2579 1525 2605 et
1547 2583 1588 2604 eo
1612 2574 1710 2606 modo

1013 2624 1165 2654 laetitiam
1183 2633 1277 2654 suam
1294 2624 1518 2655 testabantur.
1564 2624 1663 2656 Unde
1676 2630 1711 2654 et

1014 2674 1128 2705 domos
1147 2675 1240 2705 lauro
1256 2680 1291 2706 et
1308 2675 1442 2706 caeteris
1460 2674 1632 2706 frondibus
1657 2685 1710 2706 or-

1013 2725 1141 2756 nabant
1154 2725 1187 2755 in
1203 2725 1324 2756 laetitia
1336 2725 1480 2765 publica,
1495 2730 1530 2756 et
1543 2726 1710 2766 ejusmodi

1015 2776 1218 2808 solemnibus
1235 2777 1408 2815 ὑποδοχαῖς.
1453 2777 1520 2809 Sed
1537 2783 1572 2808 et
1593 2778 1625 2808 in
1643 2779 1707 2818 pri-
