1866 3131
250 177 361 218 1400

253 282 302 312 cit
330 281 371 312 ab
392 281 450 312 illo
470 288 619 320 operam.
668 278 839 319 Epigram.
861 282 893 308 (3.
912 275 947 308 lin

250 332 310 362 bro
325 335 356 363 5.

291 385 310 412 7
337 383 491 417 Quattuor
506 380 616 417 verbis,
629 378 697 419 Qu]
733 379 817 410 Quae
836 378 948 408 subse-

250 438 419 473 quuntur:
442 440 588 471 nempe;
610 432 618 446 ‘
638 429 740 461 Hunc
761 435 819 460 tua
843 430 948 460 Roma

248 483 356 522 legul

291 534 394 563 Eme.
413 541 480 563 xu.
503 535 522 562 2
550 531 645 562 Mane
661 530 742 571 bibe]
766 531 814 561 Ut
830 530 948 561 eodem

249 583 303 614 die
320 588 475 624 praestes,
491 589 599 623 neque
617 582 781 612 excidant
794 580 857 611 tibi
873 590 947 621 quae

249 634 431 674 promisisti
446 633 557 664 sobrio
575 637 652 673 post
669 641 832 662 somnum.

291 685 397 715 EP1G.
431 692 515 715 xm.
549 686 565 713 1
598 683 713 722 Genus,
744 681 814 721 εγω]
859 679 947 710 Vide

248 736 326 766 huic
357 735 540 776 geminum,
570 733 689 773 Epigr.
715 735 769 764 37.
790 733 812 762 l.
836 734 869 762 3.
895 731 948 762 Ne

249 786 418 817 donarent
433 785 608 826 fingebant
622 784 699 814 iras.

291 838 396 868 Eme.
413 845 489 867 xlv.
516 836 632 866 Monet
666 833 822 864 Priscum
849 840 949 862 vena-

249 888 343 919 tione
368 887 546 927 plurimum
570 895 604 916 se
628 885 872 921 oblectantem,
896 881 948 911 vel

248 944 359 975 caute,
374 947 437 968 nec
451 942 523 967 toto
538 936 614 977 equi
628 935 756 974 impetu
770 932 860 963 feras
874 940 948 972 per-

249 994 424 1029 sequatur,
440 989 467 1018 si
483 987 581 1018 obvia
607 984 762 1026 pericula
783 991 949 1022 casusque

249 1039 422 1070 declinare
440 1038 534 1068 velit.

293 1093 309 1121 1
336 1087 504 1130 Rapiente]
531 1086 655 1125 Celeri,
669 1085 817 1115 volante.
857 1082 949 1113 Vere·

248 1140 301 1180 110]
326 1140 452 1180 Opinio
468 1138 656 1178 est(inquit
670 1135 846 1166 Turnebus
859 1134 880 1164 l.
897 1136 948 1164 18.

248 1201 324 1232 cap.
341 1191 383 1230 l.)
405 1189 563 1220 veredum
582 1197 703 1228 equum
728 1195 800 1216 esse
818 1183 875 1224 qui
893 1192 947 1213 ve-

248 1243 318 1281 hat,
334 1242 367 1272 id
393 1245 455 1279 est,
478 1239 591 1270 trahat
614 1237 764 1274 rhedam,
788 1234 835 1264 sic
860 1233 948 1263 enim

248 1292 369 1323 Isidor.
385 1291 443 1321 lib.
462 1292 514 1320 12.
527 1298 602 1327 cap.
620 1285 718 1318 Lsed
733 1280 948 1324 eg0(inquit)

250 1343 411 1374 veredum
427 1350 548 1381 equum
566 1338 751 1378 simplicem
775 1345 848 1366 esse
865 1340 948 1375 puto

250 1395 306 1435 qui
334 1402 401 1423 non
426 1390 540 1422 trahat
571 1387 708 1418 rhedam
733 1390 789 1416 aut
816 1385 947 1422 cisium,

248 1453 359 1485 neque
381 1442 469 1473 enim
487 1439 667 1470 verisimile
685 1442 748 1471 est,
768 1435 824 1475 qui
848 1444 949 1464 vena-

248 1495 359 1533 batur,
374 1491 478 1523 rheda
494 1489 623 1520 vectari
638 1498 646 1525 3
671 1486 730 1517 sed
746 1485 819 1516 vice
837 1491 948 1515 tamen

253 1545 367 1576 rhedae
397 1554 481 1575 esse.
541 1541 712 1573 Ausonius
743 1539 861 1578 Epigr.
887 1546 948 1568 xx.

251 1598 258 1613 ‘
279 1596 356 1627 Non
373 1595 502 1632 cisium,
519 1599 576 1624 aut
593 1592 724 1632 pigrum
736 1594 855 1620 cautus
872 1598 949 1619 con-

250 1645 375 1677 scende
390 1644 568 1681 veredum3
594 1642 671 1672 Nec
688 1639 751 1671 tibi
774 1640 816 1670 sit
833 1638 950 1677 rheda,

250 1707 316 1728 non
335 1705 430 1726 amor
445 1694 530 1725 acris
544 1691 645 1733 equi.'

292 1751 310 1778 3
335 1745 512 1785 Satisfecit,
542 1743 610 1784 Qun]
639 1742 732 1782 Ipse,
762 1740 840 1771 dum
867 1749 950 1780 prae-

249 1799 325 1829 dam
339 1800 512 1836 captaret,
525 1794 642 1835 praeda
658 1792 781 1823 factus.

291 1852 308 1878 5
335 1847 483 1885 Insidias,
501 1844 566 1884 θα]
597 1844 661 1874 Vel
684 1843 717 1872 in
741 1842 841 1881 plano
858 1841 949 1871 locus

252 1903 305 1929 est
322 1898 427 1928 ruinae
444 1901 480 1926 et
496 1895 607 1925 morti.

294 1951 312 1979 8
338 1947 462 1978 Invidia
478 1945 557 1984 fati,
579 1943 649 1984 ᾃ·ε.]
673 1941 796 1973 Levior
820 1939 949 1970 invidia

247 2000 281 2029 in
310 1999 423 2028 Deos:
449 1995 555 2026 levior
584 1993 722 2034 querela
752 1997 787 2021 et
812 1991 949 2029 jactura

251 2047 391 2080 alterius
403 2055 502 2087 quam
515 2044 574 2075 tui.
605 2044 668 2082 Ep.
686 2044 734 2073 13.
745 2041 804 2071 lib.
818 2043 847 2071 1.
861 2048 948 2070 νει-5.

252 2102 301 2130 10.

293 2151 313 2179 9
340 2146 460 2186 Tuscis]
483 2142 737 2186 Syuecdochice
752 2149 811 2181 pro
827 2140 837 2157 ‘
854 2149 948 2179 gran-

252 2200 349 2232 dibus
365 2198 372 2211 '
383 2203 419 2229 et
432 2199 440 2216 ‘
454 2193 702 2234 ferocioribus,'
715 2193 830 2234 quales
844 2190 949 2222 habet

250 2250 408 2280 Thuscia.

297 2303 333 2330 ll
358 2298 480 2338 Soepz'us
492 2296 570 2335 illis]
595 2295 724 2335 Saepius
736 2292 883 2334 equitem
894 2301 949 2322 ve·

252 2354 405 2380 natorem
429 2347 588 2378 occidere
610 2354 710 2386 quam
729 2344 879 2383 leporem
897 2351 949 2372 so-

252 2403 336 2440 lent,
370 2399 584 2440 provolantes
622 2397 706 2428 laxis
734 2395 836 2426 frenis
861 2394 948 2435 equi.

255 2452 374 2492 Epigr.
389 2453 443 2481 50.
459 2450 519 2480 lib.
537 2452 568 2479 1.
583 2458 672 2479 vers.
688 2450 740 2478 25.

295 2503 399 2533 Epio.
418 2510 477 2531 xv.
497 2499 722 2530 Raderushoc
736 2497 950 2538 Epigramma

254 2553 296 2583 ad
325 2552 511 2592 Trajanum
542 2549 670 2587 refert;
705 2558 768 2579 nec
800 2547 949 2578 adulato-

255 2604 339 2633 rium
367 2610 441 2633 esse
471 2601 569 2640 dicit,
598 2599 657 2631 sed
686 2599 884 2630 historicum
914 2603 949 2629 et

255 2662 385 2683 verum.

300 2705 314 2732 l
341 2702 523 2742 Parrhasia,
545 2701 615 2742 ἔξω]
637 2700 804 2732 Palatina.
833 2698 949 2740 Epigr.

255 2758 307 2785 55.
321 2753 378 2785 lib.
391 2756 423 2785 7.
437 2763 524 2784 vers-
537 2757 566 2785 2.

715 182 853 214 NOTAE
888 183 947 212 ΨΑ
958 182 1038 212 Rlo
1048 181 1110 211 RU
1120 181 1150 209 M
1188 180 1236 209 IN

1041 279 1060 307 2
1098 276 1268 311 Donatum,
1302 271 1370 312 lya]
1424 270 1696 302 Consecrabatur

1000 327 1076 357 Diis
1115 332 1150 357 et
1182 325 1328 365 tempiis,
1366 322 1602 364 spectandum,
1629 332 1696 353 non

1000 377 1171 408 utendum.

1041 431 1060 458 3
1080 424 1400 465 Miratm·...stupet]
1420 424 1498 455 Non
1509 423 1582 454 sine
1594 422 1697 453 admi-

999 478 1130 509 ratione
1146 483 1181 508 et
1197 483 1334 517 stupore
1354 475 1493 505 videtse
1509 483 1589 504 auro
1607 472 1699 503 effic·

999 534 1071 559 tum
1096 527 1304 569 gemmisque
1326 525 1513 556 radiantem
1536 524 1618 563 Jup.
1635 523 1698 562 Ep.

999 582 1029 609 5.
1052 580 1073 610 l.
1090 582 1139 609 11.
1156 587 1241 608 vers.
1259 580 1290 608 3.
1336 576 1418 613 Alii,
1439 574 1569 615 Superbi
1586 574 1698 613 Regis.

1000 629 1176 671 Scythicus]
1235 628 1378 660 Referas
1414 628 1455 658 ad
1487 637 1616 663 aurum,
1647 626 1699 655 vel

1000 683 1215 723 smaragdos:
1239 691 1314 712 nam
1331 687 1474 721 utroque
1491 680 1621 711 clarent
1637 678 1698 709 Ri-

1000 734 1078 774 phei
1103 738 1246 764 montes.
1289 732 1427 763 Virentis
1451 730 1536 770 auri]
1568 730 1701 769 Reper-

999 793 1099 814 cussu
1131 782 1381 821 smaragdorum
1407 782 1516 812 aureis
1547 779 1699 820 imagini-

1001 833 1062 864 bus
1080 839 1113 864 et
1130 833 1258 873 poculis
1276 833 1489 863 insertorum.
1530 829 1700 869 Intelligit

1001 894 1082 923 ergo
1098 885 1106 900 ‘
1120 893 1236 914 aurum
1262 881 1489 923 gemmatum,'
1507 880 1595 921 quod
1614 879 1700 910 vire-

1003 934 1061 965 bat
1077 934 1247 975 Scythicis
1272 932 1470 972 smaragdis,
1487 931 1608 973 quibus
1629 936 1701 962 tex-

1001 991 1072 1015 tum
1103 989 1190 1015 erat.
1236 983 1337 1014 Aliud
1374 992 1453 1013 vero
1468 984 1476 999 ‘
1491 982 1701 1022 gemmeum'

1001 1036 1172 1075 poculum,
1209 1034 1297 1065 aliud
1324 1035 1333 1050 ⁶
1357 1038 1560 1073 gemmatum
1574 1032 1593 1070 ς’
1624 1042 1700 1062 nam

1001 1088 1010 1103 ‘
1029 1083 1239 1123 gemmeum,'
1255 1094 1296 1114 ex
1314 1093 1381 1114 una
1402 1093 1534 1123 gemma
1550 1083 1582 1112 iu
1601 1092 1702 1123 pocu-

1001 1137 1067 1167 lum
1088 1141 1232 1173 cavata3
1257 1141 1294 1166 ut
1312 1135 1401 1176 apud
1426 1134 1584 1173 poetam,
1619 1138 1626 1152 ‘
1645 1135 1699 1164 hic

1000 1196 1131 1227 gemma
1161 1187 1256 1217 bibat
1270 1186 1291 1225 ;'
1337 1185 1396 1216 sed
1439 1186 1448 1202 ‘
1469 1184 1700 1225 gennuatum,’

1000 1237 1174 1276 κατάλιθον,
1195 1246 1332 1266 aureum
1359 1240 1467 1266 totum
1496 1240 1532 1265 et
1560 1235 1698 1275 gemmis

1001 1290 1182 1320 intextum.
1221 1287 1352 1318 Salmas.

1044 1344 1061 1370 5
1088 1338 1186 1377 Regis
1199 1338 1338 1378 delicias]
1363 1338 1550 1369 Domitiani
1574 1337 1700 1377 Imper.

1003 1391 1181 1429 Gravesque
1209 1388 1313 1428 luxus]
1340 1389 1512 1428 Principis
1539 1388 1700 1419 immode-

1001 1446 1110 1471 ratum
1136 1440 1169 1470 in
1186 1441 1319 1480 templis
1334 1439 1535 1470 exornandis
1552 1438 1699 1469 studium

1001 1501 1077 1521 cum
1108 1490 1231 1521 damno
1255 1490 1372 1530 populi
1404 1501 1423 1521 a
1447 1500 1512 1531 quo
1539 1489 1700 1530 exigebat

1002 1551 1117 1571 aurum
1134 1542 1166 1571 in
1187 1541 1274 1571 hunc
1291 1551 1399 1571 usum.

1045 1594 1063 1622 7
1088 1592 1266 1632 Phrygium
1293 1591 1484 1631 ministrum]
1529 1591 1702 1631 Ganyme-

1002 1641 1093 1672 dem.

1045 1694 1064 1721 S
1088 1692 1180 1722 Nunc
1206 1701 1309 1721 sumus
1333 1690 1429 1730 beati]
1455 1691 1606 1731 Trajano
1632 1700 1699 1720 non

1002 1742 1159 1783 exigente
1178 1752 1196 1772 a
1213 1742 1308 1772 nobis
1325 1747 1361 1772 et
1383 1742 1586 1772 corradente
1604 1741 1700 1772 undi-

1002 1802 1067 1833 que
1086 1802 1201 1822 aurum
1220 1793 1252 1822 iu
1269 1801 1382 1822 sacros
1400 1792 1475 1823 illos
1494 1793 1603 1822 luxus.

1044 1845 1083 1873 10
1106 1842 1198 1882 Jove]
1224 1842 1373 1872 Nerone.

1044 1894 1147 1923 Epm.
1166 1901 1258 1923 xvu.
1276 1893 1471 1923 Insectatur
1487 1892 1602 1922 luxum
1620 1893 1700 1932 ‘aegri

1002 1949 1036 1975 et
1066 1944 1247 1974 febrientis
1275 1942 1437 1973 Lentiui:
1475 1943 1530 1983 qui
1560 1948 1699 1983 questus

1001 1995 1043 2025 de
1060 1994 1219 2024 diuturna
1238 1992 1340 2029 febri,
1355 1992 1457 2023 febris
1479 2002 1643 2030 caussam,
1661 1998 1699 2022 ut

1000 2044 1175 2084 sunt,viua
1185 2043 1389 2082 etcupedias
1402 2052 1466 2073 nou
1479 2042 1674 2073 abstinebat
1688 2054 1697 2080 ;

999 2105 1064 2125 uon
1092 2095 1210 2124 mirum
1235 2103 1326 2133 ergo,
1353 2092 1483 2123 febrem
1512 2098 1580 2122 tam
1606 2093 1697 2122 laute

998 2144 1087 2185 apud
1108 2144 1285 2174 Lentiuum
1302 2143 1519 2183 delicateque
1541 2142 1698 2173 habitan-

1000 2201 1068 2226 tem
1085 2204 1151 2225 non
1169 2193 1357 2224 discedere.

1043 2249 1058 2276 1
1088 2246 1191 2280 Quare
1217 2247 1280 2274 tum
1311 2244 1428 2280 multis,
1450 2243 1517 2282 estu]
1542 2243 1624 2274 Cum
1648 2242 1696 2273 fe-

1000 2297 1069 2328 bris
1087 2306 1106 2326 a
1124 2302 1156 2326 te
1173 2295 1367 2335 excipiatur
1384 2295 1477 2325 molli
1494 2294 1697 2334 gestatione,

999 2347 1193 2378 balnearum
1220 2345 1406 2384 blanditiis,
1422 2345 1622 2385 optimarum
1641 2344 1699 2375 da-

1000 2407 1079 2438 pum
1115 2397 1334 2437 vinorumque
1375 2395 1519 2433 deliciis,
1554 2394 1697 2426 omnium

1001 2447 1158 2487 denique,
1173 2457 1245 2487 quae
1263 2446 1410 2477 humoris
1426 2447 1477 2477 sui
1494 2445 1646 2476 fomitem
1664 2449 1699 2475 et

1000 2498 1244 2528 nutrimentum
1266 2496 1369 2527 febris
1392 2497 1538 2536 appetit,
1562 2495 1696 2526 lautitie

1001 2552 1035 2578 et
1056 2548 1158 2584 lnxu3
1182 2547 1362 2578 inhumana
1388 2552 1481 2578 certe
1505 2551 1541 2577 et
1569 2546 1697 2576 insulsa

1000 2596 1102 2637 foret,
1119 2597 1144 2627 si
1161 2607 1178 2627 a
1196 2602 1261 2627 tam
1283 2597 1374 2628 felici
1399 2602 1434 2628 et
1459 2597 1604 2635 benigno
1620 2596 1695 2626 hos-

1001 2649 1072 2690 pite
1098 2649 1138 2679 ad
1164 2657 1345 2688 pauperem
1373 2647 1598 2686 miserumque
1615 2645 1696 2676 defi-

1001 2704 1097 2730 ceret
1127 2708 1166 2729 ac
1195 2698 1400 2729 discederet.
1449 2696 1693 2737 Lepidissimus

1001 2755 1053 2781 est
1070 2748 1221 2789 ejusdem
1236 2748 1362 2788 ingenii
1377 2748 1536 2788 apologus
1552 2746 1595 2778 N.
1613 2747 1695 2777 Ger-
