1866 3131
417 179 464 207 M.
499 179 609 208 VAL-
642 177 916 208 MAR'rtAbts
954 180 1111 210 i'IPlGR-
1147 181 1238 211 12113.
1275 182 1314 211 V.

143 281 203 303 nus
223 282 263 303 an
292 273 458 313 Appulus,
475 282 620 313 anceps;
646 272 837 303 Venusinus

141 323 212 352 scil.
229 323 394 354 Calabriae
419 324 559 363 vicium,
584 323 655 353 Sat.
673 325 702 353 1.
718 322 774 353 lib.
790 321 838 362 2.)

140 373 173 403 iu
201 374 349 404 carmine
369 374 487 414 lyrico,
512 383 610 414 quam
627 372 782 413 Sophocli
803 372 836 402 in

141 425 282 464 tragica

184 478 201 505 3
229 477 324 515 Opus,
342 475 411 515 ἔξω]
435 475 529 505 Seria
542 479 599 506 tua
614 479 648 505 et
666 474 837 504 severiora

140 525 251 556 studia
264 536 322 565 per
340 527 440 557 hosce
456 526 528 557 dies
541 535 679 566 sepone.
735 525 835 556 Sceua

144 577 274 616 Catulli]
314 578 439 608 Catulli
469 578 744 617 Epigrammatou
769 577 836 606 ele-

141 630 255 667 gantia
279 633 495 664 etvenustas,
514 638 587 668 quae
605 636 712 658 scenae
728 628 836 657 omnis

139 681 350 720 voluptatem
363 683 514 719 superat.
541 679 643 710 Forte
657 678 772 708 mimos
789 678 838 708 iu-

139 731 262 770 telligit
279 740 297 760 a
314 730 448 761 Catullo
480 729 709 769 mimographo
732 729 836 769 scrip-

140 786 213 819 tos3
238 782 280 812 (le
295 782 388 822 cujus
413 781 594 812 Phasmate
618 781 740 813 Juven.
765 781 837 811 Sat.

138 834 169 862 S.
190 835 365 864 vers.186.
417 833 601 873 Utriusque
626 836 740 872 potest
768 840 837 862 me-

138 883 288 923 minisse,
306 894 380 915 cum
400 884 505 915 addat
537 882 730 923 ‘elegimus

180 937 198 965 ιι
225 935 326 965 Cultis
340 934 447 974 comis]
470 934 607 965 Cultum
632 933 767 974 proprie
786 942 836 963 re-

136 985 238 1025 quirit
266 985 395 1025 Elegia,
422 985 501 1025 quia
518 990 636 1015 tenera
659 988 694 1014 et
712 983 837 1014 teneris

137 1034 237 1065 rebus
248 1040 349 1074 apta:
375 1035 452 1065 hinc
472 1035 606 1065 ‘cultus
624 1033 806 1064 Tibullus!

179 1089 196 1115 5
225 1085 371 1125 Fumoso]
411 1086 509 1116 Calet
529 1085 619 1115 enim
646 1084 698 1115 hic
715 1084 838 1115 mensis

134 1135 230 1172 foc0;
257 1136 336 1167 hinc
364 1135 485 1166 fumus.
547 1134 621 1165 Non
646 1137 838 1174 aspernanda

138 1186 300 1222 Carmina,
322 1185 390 1225 Qu]
422 1186 502 1216 Mea
528 1185 613 1216 haec.
658 1185 838 1225 Decembri]

133 1236 230 1267 Laeto
254 1235 487 1266 Saturnalibus
519 1238 554 1265 et
579 1235 741 1266 libertate
769 1235 839 1265 De-

134 1288 283 1318 cembri:
311 1286 551 1327 proindejocis
566 1287 616 1317 his
631 1286 714 1317 meis
744 1291 838 1327 apto.

178 1341 197 1369 7
224 1338 434 1376 Commodius,
455 1337 526 1378 ssa]
554 1337 629 1369 Nisi
656 1336 745 1368 forte
768 1348 837 1368 ma-

132 1387 173 1419 lis
203 1388 254 1419 his
284 1388 524 1419 Saturnalibus
553 1388 670 1419 ludere
700 1389 777 1419 talis
801 1393 837 1419 et

132 1438 279 1478 perdere
293 1448 407 1479 nuces,
423 1448 520 1479 quam
534 1448 611 1469 mea
624 1439 696 1470 haec
710 1440 838 1479 legere,

134 1498 210 1527 quae
228 1488 379 1527 ipsorum
405 1494 456 1519 est
484 1488 627 1529 ineptia.
674 1488 834 1521 modeste

136 1538 201 1569 hoc
227 1538 268 1569 de
294 1538 376 1569 suis.

179 1590 284 1620 Eme.
322 1598 431 1621 xxxi.
469 1589 667 1621 ,Iucundum
696 1595 837 1630 specta-

134 1641 246 1670 culum
265 1640 352 1670 inter
367 1648 490 1679 pueros
508 1644 542 1669 et
561 1645 686 1670 tauros.

179 1693 192 1721 1
221 1690 373 1728 Placidis,
388 1689 457 1729 Sym]
481 1689 590 1721 Quam
615 1689 786 1729 intrepide
803 1689 837 1723 in

133 1741 341 1781 spectaculis
373 1740 468 1780 pueri
486 1739 673 1771 desultoria
690 1740 837 1781 quadam

133 1797 208 1823 arte
237 1792 429 1822 discurrant
468 1790 745 1830 inambulentque
777 1800 838 1830 per

134 1848 232 1883 terga
250 1842 349 1872 boum
375 1840 553 1871 ludibundi
587 1845 621 1870 et
646 1840 839 1870 velitantes.

136 1899 291 1939 Placidis]
320 1897 597 1938 Vox‘placidis'
624 1908 691 1929 non
724 1902 839 1938 potest

134 1951 195 1981 nisi
210 1950 252 1981 ad
263 1954 456 1981 mansuetos
468 1948 602 1981 referri.
617 1950 732 1991 Turba]
748 1950 837 1981 Pue-

131 2012 257 2032 rorum.

177 2056 196 2083 2
223 2053 266 2083 Et
282 2052 354 2092 sua]
393 2053 438 2084 Et
454 2052 534 2083 hinc
552 2055 649 2093 patet
667 2052 837 2083 cicuratos

134 2102 251 2133 fuisse.
295 2103 451 2141 pondera,
479 2102 548 2142 θα]
572 2103 617 2133 Et
649 2112 746 2143 quam
780 2112 838 2143 pa-

135 2154 261 2184 tienter
287 2153 491 2185 submittant
510 2163 544 2184 se
561 2154 838 2194 percurrentibus

133 2203 246 2244 pueris
265 2203 380 2234 boves.
407 2204 569 2244 Ponderu]
602 2205 803 2236 Puerorum.

175 2257 194 2284 4
219 2253 256 2283 Ιιι
275 2256 356 2292 toto,
373 2254 445 2294 ξω]
467 2255 548 2285 Tela
574 2255 697 2295 vibrat,
715 2256 838 2297 batuit‚

135 2302 307 2344 praeludit,
323 2303 364 2333 ab
380 2304 470 2334 omni
488 2309 587 2344 parte
608 2310 795 2336 taurorum.

178 2358 195 2384 5
222 2354 348 2385 Feritas
378 2354 517 2393 immota,
545 2355 613 2395 δῖα]
637 2356 752 2395 Tauri,
777 2355 839 2387 du-

135 2405 215 2434 dum
232 2403 376 2443 feroces,
393 2408 486 2435 stant
502 2405 644 2445 immoti,
661 2412 694 2436 et
726 2407 837 2447 pueris

137 2455 193 2485 ubi
227 2455 370 2494 vestigia
399 2455 530 2494 sistant,
559 2455 648 2486 unde
678 2456 838 2497 batuant,

139 2505 295 2546 praebent
311 2510 406 2545 terga
421 2515 480 2535 sua
496 2506 726 2546 pavimentum
740 2517 837 2548 aeque

135 2557 268 2588 firmum
285 2566 325 2588 ac
343 2556 484 2588 solidum
498 2562 600 2598 atque
613 2559 748 2599 planam
764 2568 836 2589 are-

137 2618 228 2639 nam.

177 2661 196 2689 7
224 2658 290 2689 Nec
307 2660 463 2698 trepidant
477 2668 615 2700 gressus,
626 2660 695 2700 ὅπη]
719 2661 771 2692 Ne
788 2661 835 2691 in-

137 2708 334 2739 terturbent
361 2719 541 2748 puerorum
568 2710 835 2752 ludos,impedi-

140 2763 241 2790 antve
258 2759 446 2791 victoriam.

1478 171 1591 212 1235

930 272 1036 303 Eplss.
1071 282 1191 305 xxxii.
1232 279 1245 305 l
1280 275 1403 307 Tabulis
1429 277 1591 318 supremis]

887 322 1102 355 Testamenti
1116 325 1290 358 codicillis.

930 376 948 404 2
973 374 1058 415 Sibi]
1092 376 1213 406 Ventri
1237 387 1318 408 suo:
1344 378 1416 418 ipse
1434 379 1524 409 enim
1541 378 1588 409 vi-

888 434 947 454 vus
963 425 1072 455 omnia
1100 425 1299 465 decoxerat,
1327 437 1388 464 nnc
1407 429 1587 469 quicquam

885 475 1031 505 moriens
1054 476 1187 515 habuit,
1207 478 1293 517 quod
1310 479 1404 509 uxori
1419 479 1588 520 relinque-

886 530 950 556 ret.
995 526 1047 556 De
1062 526 1298 569 Hermocrate,
1314 529 1371 569 qui
1387 530 1532 561 moriens
1551 540 1586 562 se

887 576 949 607 sibi
987 577 1146 607 heredem
1188 583 1395 610 testamento
1440 582 1588 622 scripsit,

886 627 964 658 vide
995 629 1103 669 Epist.
1132 629 1265 670 Lucilii,
1294 631 1353 662 lib.
1377 634 1410 661 2.
1445 631 1587 665 Anthol.

888 682 1031 718 cap.50.

930 728 1035 760 Epio.
1049 737 1181 762 xxxiv.
1205 730 1352 772 Utrique
1370 733 1502 772 parenti
1516 733 1589 773 jam

888 778 1051 811 defuncto
1069 781 1283 813 commendat
1300 792 1481 813 sexennem
1496 784 1589 824 puel-

887 830 951 860 lam
970 831 1125 871 Erotion,
1140 834 1326 872 vernulam,
1342 834 1521 865 immaturo
1539 835 1588 866 fa-

887 886 920 911 to
948 882 1159 922 extinctam3
1196 888 1232 914 ut
1250 884 1415 916 insontem
1430 886 1502 926 ejus
1517 886 1587 917 aui-

887 942 976 963 mam
997 934 1087 974 apud
1119 934 1240 966 Manes
1268 935 1456 976 excipiant,
1483 941 1519 967 et
1547 946 1590 968 ne

888 984 989 1013 tellus
1020 986 1221 1025 corpusculo
1258 986 1370 1023 gravis
1405 986 1461 1018 sit.
1507 987 1594 1019 lead.

889 1035 981 1064 Male
1015 1035 1169 1066 Raderus
1194 1037 1332 1077 utrique
1368 1038 1504 1077 parenti
1542 1038 1591 1068 ait

888 1085 1117 1116 commendari
1134 1088 1299 1118 Erotium.
1344 1087 1454 1119 Immo
1482 1093 1592 1118 mater

887 1140 1062 1174 superstes
1089 1135 1250 1168 defuncto
1270 1137 1472 1176 jamdudum
1500 1138 1590 1178 patri

888 1193 998 1224 nuper
1013 1184 1211 1217 defunctam
1235 1187 1338 1217 filiam
1361 1189 1590 1219 commendat.

889 1234 993 1266 Error
1009 1245 1050 1266 ex
1068 1245 1175 1275 pravov
1188 1237 1359 1275 lemmate,
1383 1237 1470 1278 quod
1488 1239 1519 1268 in
1535 1248 1590 1269 co-

888 1286 965 1317 dice
980 1287 1137 1318 Leidensi
1156 1293 1287 1319 tanturn
1305 1294 1370 1327 est,
1393 1291 1444 1320 Ad
1460 1290 1592 1321 Fronto-

886 1344 1014 1378 nem,et
1036 1345 1115 1380 post
1129 1341 1273 1380 primum
1297 1340 1488 1373 distichon=
1511 1343 1590 1383 Epi.

887 1391 1027 1430 taphium
1060 1392 1238 1423 Erotionis:
1284 1392 1360 1428 (sed
1394 1392 1588 1424 faciendum

887 1445 961 1471 est:
989 1442 1193 1481 Epitaphium
1214 1443 1320 1473 Erotiz·
1348 1444 1389 1473 ad
1404 1444 1592 1475 Frontonem

885 1490 1036 1531 putrem,)
1047 1491 1171 1522 deinde
1187 1502 1228 1522 ex
1247 1492 1524 1533 interpunctione
1543 1496 1590 1524 iu-

888 1547 941 1572 ter
964 1544 972 1560 ‘
987 1543 1145 1574 Flacilla'
1161 1549 1196 1575 et
1220 1545 1228 1560 ‘
1242 1545 1412 1585 puellam‚'
1438 1555 1513 1586 quae
1530 1548 1592 1577 tol-

887 1595 987 1625 lenda
1017 1600 1080 1627 est.
1127 1596 1228 1636 Nam,
1255 1598 1404 1637 genitrix
1431 1599 1592 1631 Flaccilla

888 1646 1089 1676 commendo
1106 1648 1267 1686 puellam,
1292 1650 1410 1680 oscula
1433 1649 1588 1681 delicias-

888 1705 952 1736 que
968 1706 1072 1736 meas,
1088 1697 1163 1735 tibi,
1180 1703 1280 1737 pater
1298 1699 1444 1738 Front03
1468 1704 1522 1731 est
1539 1711 1590 1731 er-

889 1757 930 1788 go
954 1748 1099 1787 genitrix
1128 1749 1312 1780 Flaccilla:
1344 1759 1422 1781 nam
1439 1751 1512 1791 ipsa
1529 1750 1590 1782 fin-

888 1800 978 1840 gitur
994 1801 1146 1840 loquens,
1171 1801 1307 1832 Gronov.

934 1853 949 1880 1
977 1850 1069 1881 Hanc
1083 1850 1151 1889 tihi,
1183 1851 1252 1892 Qun]
1278 1852 1419 1884 Erotion
1441 1853 1588 1894 puellam

889 1911 1071 1932 sexennem
1092 1903 1271 1933 immaturo
1298 1903 1487 1937 extinctam
1506 1903 1591 1946 fato,

888 1952 991 1983 filiam
1005 1958 1164 1992 vestram,
1180 1963 1199 1984 o
1213 1954 1341 1985 Fronto
1361 1959 1396 1986 et
1414 1955 1588 1994 Flaccilla,

888 2002 988 2041 servi,
1007 2002 1084 2033 dum
1114 2002 1286 2045 viveretis,
1317 2005 1395 2045 mei,
1412 2006 1588 2036 vernulam

888 2058 924 2083 et
950 2052 1089 2083 delicias
1105 2062 1196 2083 meas
1211 2053 1304 2085 vobis
1317 2054 1530 2094 commendo,
1550 2060 1590 2087 ut

887 2102 1069 2142 excipiatis
1086 2103 1264 2133 animulam
1287 2103 1375 2143 ejus,
1391 2104 1589 2136 deductam-

888 2162 953 2193 que
967 2151 1160 2183 defendatis
1177 2163 1196 2183 a
1211 2154 1313 2184 larvis
1329 2154 1405 2195 illis,
1417 2155 1588 2196 monstris,

888 2203 1140 2243 terroribusque
1157 2203 1296 2244 Stygiis-

931 2257 948 2284 3
975 2253 1113 2292 Pallida,
1141 2253 1211 2294 ἐγὼ]
1237 2254 1288 2285 ΑΙ.
1318 2254 1481 2287 Parvula:
1504 2255 1589 2296 aliis,

888 2304 1035 2336 Paulula.
1081 2306 1166 2336 Nam
1188 2306 1344 2345 exiguam
1376 2305 1477 2337 fuisse
1505 2306 1589 2337 Ero-

889 2356 973 2394 tion,
1002 2355 1129 2385 nullum
1157 2360 1209 2385 est
1239 2355 1398 2386 dubium:
1438 2356 1587 2387 nondum

888 2407 977 2436 enim
993 2407 1244 2437 eratsexennis.
1271 2405 1358 2436 Vide
1371 2405 1586 2439 Scriverium.

890 2456 940 2486 Ix'e
965 2455 1089 2494 nigras]
1129 2455 1176 2485 Ut
1195 2464 1213 2484 a
1231 2454 1324 2485 vobis
1345 2455 1434 2494 apud
1458 2455 1585 2487 inferos

888 2511 1035 2546 excepta
1051 2515 1116 2535 non
1145 2505 1265 2536 timeat
1287 2510 1437 2536 monstra
1464 2507 1586 2539 larvas-

886 2567 950 2598 que
961 2556 1108 2596 Stygias.

929 2609 948 2637 4
976 2606 1118 2637 Tartarei
1134 2606 1233 2647 canis]
1253 2607 1393 2638 Cerberi
1411 2607 1580 2640 trifaucis.

930 2662 948 2688 5
974 2659 1144 2698 Impletura
1166 2657 1248 2697 fuit,
1270 2658 1337 2698 Esau]
1371 2660 1447 2691 Quo
1472 2660 1583 2690 minus

887 2712 1020 2738 sextum
1047 2709 1160 2738 aetatis
1192 2718 1313 2740 annum
1337 2710 1507 2750 expleret,
1528 2709 1585 2741 (16.ς

887 2760 981 2792 fuere
1005 2760 1050 2792 illi
1068 2769 1126 2791 sex
1140 2759 1223 2791 diez.
