1866 3131
396 208 444 239 M.
469 209 578 238 VAL.
611 207 880 238 MARTIAMS
909 209 1065 240 EPIGR.
1098 210 1188 239 LIB.
1222 211 1292 240 IX.

127 307 192 334 ma,
207 297 261 338 qui
276 301 343 327 tum
360 297 618 338 testesjubebat
633 297 816 337 obsignare,

128 358 226 387 quum
250 348 401 387 judicare
429 348 470 378 de
498 353 701 378 testamento
732 347 817 378 ebrii

127 408 190 427 nou
205 404 352 437 possent,
365 404 457 429 recte
471 408 510 428 an
525 407 702 438 perperam
713 397 817 437 scrip-

130 454 197 477 tum
216 453 315 477 essct.
343 448 507 478 Martialis
525 457 605 487 ergo
619 447 733 477 sobriis
749 452 816 477 tes—

130 503 276 527 tamenta
290 497 451 536 signanda
465 497 576 528 docet.
602 498 682 527 Rau.

173 550 185 576 l
204 547 375 586 Opimiani]
391 547 506 587 Epigr.
518 550 570 577 27.
583 547 640 577 lib.
656 551 683 577 l.
694 549 817 578 vers.7.

170 599 188 626 2
213 597 312 627 Denso
342 598 466 638 triente]
514 597 650 627 Crebris
676 597 816 637 poculis.

126 648 241 678 'l‘riens
269 648 418 678 continet
448 651 479 679 4.
508 648 659 687 cyathos.
701 648 816 687 Epigr-

127 700 177 727 28.
204 698 259 728 lib.
279 700 305 728 l.
330 707 416 729 vers.
441 701 471 730 2.
518 698 650 738 Blaesus]
675 697 820 738 Τραυλὸς,

130 747 184 787 qui
200 748 331 778 litteras
348 757 411 777 nou
429 752 538 787 potest
555 757 668 778 omnes
683 748 747 778 rite
761 757 818 778 ex-

131 799 285 836 primere.
322 797 415 828 Ebrii
431 798 518 828 enim
531 803 567 828 ut
581 798 713 836 mentis,
723 798 770 828 sic
783 802 819 828 et

128 847 248 887 linguae
265 852 438 887 compotes
453 858 516 878 nou
530 854 618 880 sunt.
664 849 751 879 Nam
767 858 819 879 ca·

130 902 189 936 put
207 907 360 927 sensuum
378 898 523 929 omnium
545 908 656 929 arcem
676 903 819 938 occupat

128 948 286 986 gravedo,
302 957 412 988 sopor,
428 947 518 987 κάρος
538 949 568 988 ἐξ
582 948 672 989 οἴνου,
687 951 820 989 καρηβα-

130 996 187 1026 οία.
215 998 337 1035 Rigalt.

171 1051 188 1077 3
209 1048 333 1087 Nescio,
345 1048 415 1087 ἓςα]
429 1049 666 1089 Supposititias
680 1054 714 1080 et
726 1050 819 1080 adul-

130 1098 254 1128 terinas
273 1099 543 1130 testamentarias
563 1100 616 1131 vel
632 1101 726 1138 alias,
740 1110 820 1141 quas

129 1149 207 1178 mihi
223 1149 307 1179 bene
324 1154 404 1189 poto
421 1149 503 1180 dicis
519 1158 591 1180 esse
608 1150 820 1180 manumisso-

131 1200 192 1229 rias
207 1199 359 1230 tabellas.

172 1253 189 1279 5
216 1249 380 1286 Paternus,
405 1248 473 1288 lisa]
504 1249 630 1289 Bonus,
658 1249 758 1288 fidus,
785 1256 821 1283 et

130 1299 234 1337 frugi,
261 1303 298 1329 ut
324 1299 379 1339 qni
404 1299 461 1329 diu
485 1299 688 1330 serviet-itin
704 1301 819 1332 eadem

130 1349 266 1379 familia.
312 1349 359 1379 Ut
376 1353 507 1389 contra,
522 1349 577 1390 qui
594 1349 746 1382 dominos
760 1361 820 1382 sae-

131 1410 173 1440 pe
185 1404 430 1440 permutarunt.

183 1454 202 1482 6
225 1450 340 1490 Signa]
374 1450 460 1480 Nam
492 1450 525 1480 in
553 1451 823 1492 manumissione,

133 1510 205 1541 quae
222 1500 260 1530 fit
276 1501 364 1530 inter
378 1500 516 1539 amicos,
541 1501 646 1541 qualis
670 1501 741 1532 haec
758 1507 822 1540 est,

133 1550 278 1590 quinque
295 1554 399 1580 testes
425 1555 520 1579 eraut
545 1550 738 1582 adhibendi.
755 1552 775 1581 1.
794 1554 822 1582 1.

135 1603 162 1633 5,.
185 1600 252 1631 Sed
267 1601 390 1639 etsi,C.
402 1600 443 1630 de
455 1600 564 1632 Latin.
578 1601 634 1631 lib.
648 1602 720 1632 toll.
747 1603 824 1632 Cras

133 1650 254 1690 melius]
273 1649 320 1681 Εἷς
336 1650 433 1690 αὔριον
445 1650 485 1680 τὰ
496 1652 652 1690 σπουδαῖα,
668 1653 676 1668 ‘
688 1652 720 1681 in
734 1661 823 1682 cras—

135 1702 241 1731 tinum
268 1702 378 1739 scria,’
405 1701 511 1741 inquit
531 1700 686 1731 Archias.
731 1702 824 1731 Plut.

135 1750 328 1791 Pelopidas,
345 1760 418 1781 cras
436 1751 565 1780 sobrius
581 1751 699 1780 melius
717 1752 825 1788 signa-

136 1801 177 1830 bo
195 1800 347 1838 tabffllas,
363 1807 450 1828 nuuc
468 1799 600 1837 lagenas
617 1799 710 1838 signo
728 1804 761 1829 et
774 1808 826 1829 re-

134 1851 250 1889 signo:
274 1858 355 1879 vasa
376 1857 455 1878 vero
480 1848 655 1888 signabant
671 1849 827 1889 Veteres,

138 1908 306 1930 servorum
321 1897 436 1936 λίχνων
451 1896 541 1927 furta
557 1903 727 1929 caventes.

188 1950 291 1980 Eme.
324 1956 475 1979 Lxxxlx.
512 1946 703 1978 Amicitiam
734 1947 827 1978 donis

138 2004 281 2040 partam,
301 1998 395 2029 donis
410 1997 559 2028 alendam
576 2002 611 2029 et
628 2007 827 2028 conservan-

139 2051 214 2081 dam
231 2050 341 2080 docet.

179 2104 195 2131 1
222 2100 277 2130 Me
295 2101 445 2139 captares,
460 2098 529 2138 ἔξω]
554 2098 744 2130 Amicitiam
760 2108 827 2130 me·

140 2160 203 2189 am,
217 2150 268 2180 vel
285 2149 533 2179 haereditatem.

182 2203 199 2231 3
229 2199 271 2229 Ut
283 2202 416 2238 captum,
428 2198 494 2238 isc]
512 2199 637 2229 Eadem
653 2199 741 2229 enim
757 2202 828 2229 arte

140 2253 315 2281 servantur
332 2258 396 2285 res,
410 2258 473 2289 qua
487 2249 714 2289 acquiruntur.

184 2301 202 2329 4
227 2299 276 2329 De
292 2307 394 2335 cavea,
407 2297 476 2336 ἔξω]
499 2296 529 2327 A
551 2297 649 2328 simili
664 2307 672 2327 :
702 2306 776 2327 nam
791 2301 830 2328 ut

144 2358 234 2389 aper.
250 2352 307 2377 ant
322 2345 393 2377 fera
407 2347 555 2376 esuriens
570 2346 674 2387 fugit:
690 2347 737 2377 sic
753 2356 830 2385 ego,

143 2398 234 2428 nullo
258 2396 315 2427 abs
341 2402 375 2426 tc
400 2397 510 2427 cultus
535 2406 685 2433 munere,
709 2397 831 2428 subdu-

146 2458 217 2479 cam
233 2457 284 2478 me
301 2456 320 2477 a
336 2452 394 2477 tua
407 2446 563 2477 amicitia.

188 2499 289 2529 Eric.
302 2506 355 2528 xc.
372 2497 492 2537 Neque
509 2497 595 2527 enim
612 2505 653 2527 ex
667 2501 832 2538 tempore,

146 2558 254 2590 neque
280 2549 368 2578 inter
396 2548 515 2587 pocula
541 2546 731 2579 scribuntur
754 2548 833 2579 boni

149 2610 274 2638 versus,
305 2598 468 2639 Euripide
499 2603 532 2628 et
558 2598 700 2638 Virgilio
730 2599 833 2639 digni.

147 2651 224 2682 Aut.
239 2650 328 2682 Gell.
345 2649 400 2680 lib.
416 2652 465 2679 Π.
480 2648 593 2678 Valer.
604 2649 696 2680 Max.
711 2648 768 2680 lib.
782 2652 834 2681 10.

190 2703 294 2732 Eme.
319 2710 391 2732 xci.
420 2701 577 2731 Flaccum
602 2700 742 2731 amicum
766 2709 835 2730 mo-

150 2756 218 2791 net,
231 2751 335 2792 quiin
352 2752 464 2791 Cypro
479 2749 637 2789 degebat,
659 2754 695 2781 ut
711 2759 771 2790 per
788 2759 836 2780 ar-

1447 199 1557 240 1347

870 296 966 327 dores
995 297 1126 328 aestivos
1159 303 1294 329 tueatur
1321 298 1559 339 valetudinem,

870 357 935 387 qno
951 348 1058 378 salvus
1072 353 1106 378 et
1123 349 1294 379 incolumis
1319 349 1425 389 possit
1449 349 1558 379 redire

868 398 900 427 in
918 398 1048 429 urbem.
1074 399 1154 428 Rari.

909 450 927 478 2
953 448 1022 483 Qua
1045 449 1283 488 gemmantibus,
1307 448 1376 488 θα]
1404 447 1456 479 Ad
1481 448 1557 478 lene

867 507 1013 528 murmur
1044 498 1171 537 limpidi
1202 499 1262 529 rivi
1299 499 1430 540 lapillos
1460 499 1557 539 lapsu

869 548 1014 578 molliter
1029 548 1221 580 excitantis.

910 601 928 628 5
956 598 1141 636 Perfundus,
1157 598 1225 638 ἔξω]
1240 599 1349 639 Supra
1371 600 1487 640 Epigr.
1505 602 1558 630 23.

870 657 954 679 vers.
978 651 1008 679 8.
1032 652 1068 679 et
1089 649 1204 688 Epigr.
1219 652 1271 679 65.
1298 650 1354 680 lib.
1369 653 1399 680 5.
1423 660 1510 680 vers.
1528 653 1560 680 2.

870 700 879 716 ⁴
894 699 1034 729 Videbis
1058 699 1091 729 in
1112 699 1274 730 calicibus
1291 704 1431 740 repente
1448 699 1546 739 perfu

869 749 913 780 sis
929 749 1085 780 nivalium
1107 750 1254 780 maculas
1279 754 1313 780 et
1337 749 1444 780 frusta
1459 749 1561 779 nebu-

868 800 1009 840 larium‚'
1034 801 1094 831 διο.
1139 800 1296 831 Sidonius
1321 800 1422 840 Apol.
1452 800 1560 839 Epist.

869 854 899 882 2.
914 850 972 881 lib.
988 853 1019 882 2.
1049 850 1128 889 Alii,
1146 851 1332 888 Pertundas,
1344 849 1378 880 id
1396 854 1459 888 est,
1472 848 1561 880 fran-

870 911 947 942 gas:
971 905 1084 932 recte:
1116 901 1242 932 Eodem
1269 901 1341 932 scil.
1368 900 1467 930 modo
1495 909 1561 940 quo

869 955 975 990 guttae
1004 960 1084 981 saxa
1110 950 1329 990 pertundunt.
1382 948 1561 980 Sciendum

870 1000 1047 1040 aliquando
1074 1000 1287 1030 delicatiores
1306 999 1381 1029 vino
1399 997 1564 1038 superad-

868 1051 993 1081 didisse
1002 1050 1328 1090 nives,dequomore
1337 1047 1563 1088 supraEpigr.

868 1104 921 1132 64.
936 1101 995 1132 lib.
1008 1105 1039 1132 5.
1053 1101 1229 1142 aliquando
1241 1110 1320 1131 vero
1338 1100 1493 1139 implesse
1508 1108 1564 1129 ca-

868 1151 967 1181 licem
987 1151 1076 1189 nive,
1104 1160 1243 1190 eamque
1268 1150 1343 1180 vino
1368 1149 1486 1179 sensim
1511 1158 1564 1179 su-

870 1199 1005 1240 perfuso
1040 1201 1191 1239 solvisse,
1226 1210 1324 1240 quem
1355 1209 1480 1230 morem
1510 1199 1564 1229 hic

870 1251 961 1291 tangi
982 1255 1074 1291 puto.
1120 1251 1305 1290 Fiebatque
1328 1251 1389 1280 lioc
1415 1260 1456 1280 ex
1482 1250 1564 1288 alto,

870 1310 909 1331 ac
925 1301 1090 1340 stillatim,
1107 1301 1190 1331 adeo
1206 1305 1242 1331 ut
1260 1301 1366 1340 primo
1394 1300 1486 1340 quasi
1509 1309 1564 1329 ca-

872 1356 1008 1382 varetur
1022 1351 1078 1381 nix
1095 1352 1273 1391 glaciesve.
1292 1352 1388 1382 Grnt.
1426 1348 1566 1388 Triente]

870 1403 989 1432 Triens
1006 1407 1150 1441 quatuor
1165 1402 1257 1441 capit
1273 1402 1423 1441 cyatlioS.

913 1454 933 1482 6
960 1452 1116 1489 Frontem,
1129 1451 1197 1491 sisa]
1221 1451 1382 1482 Coronati
1399 1450 1564 1491 potabant

872 1501 1029 1539 Veteres,
1041 1500 1130 1541 quod
1144 1510 1235 1540 saepe
1252 1500 1390 1531 dictum.
1436 1499 1563 1531 Eodem

874 1551 989 1590 Epigr.
1005 1554 1056 1581 65.
1073 1550 1128 1580 lib.
1142 1554 1173 1581 5.
1189 1559 1275 1581 vem.
1291 1553 1322 1581 4.

913 1603 934 1630 9
957 1600 1120 1638 Infamem,
1140 1599 1208 1639 &⁶ss
1230 1599 1279 1630 Ut
1302 1608 1414 1630 curam
1438 1597 1564 1629 habeas

875 1649 1075 1680 valetudinis
1096 1654 1162 1681 tuae
1186 1649 1218 1679 in
1236 1650 1349 1689 Cypro
1373 1650 1494 1687 insula,
1511 1658 1566 1678 ea-

874 1700 941 1730 lore
959 1699 1075 1730 aestivo
1092 1698 1221 1730 infami.
1249 1700 1421 1739 Epigram.
1436 1702 1490 1730 45.
1506 1699 1566 1730 lib.

873 1752 902 1780 8.
919 1758 1003 1779 vers.
1018 1751 1049 1780 7.

918 1802 953 1828 11
975 1798 1157 1838 Crepantes]
1173 1796 1292 1827 Aridas
1308 1797 1439 1829 scilicet
1456 1801 1489 1828 et
1506 1797 1568 1829 sic-

874 1858 943 1886 cas,
958 1847 990 1877 id
1007 1852 1071 1886 est,
1086 1847 1202 1877 messis
1217 1851 1380 1886 tempore.

918 1900 956 1928 12
972 1896 1205 1936 Etfulvijuba]
1216 1897 1346 1927 Seneca
1360 1895 1466 1927 Herc..
1489 1897 1567 1927 Fnr.

875 1949 883 1965 ‘
899 1948 982 1978 Coeli
999 1946 1143 1986 refulget
1159 1951 1256 1986 parte
1270 1956 1335 1976 non
1349 1946 1485 1976 minima
1501 1946 1568 1985 leo,

875 1999 995 2038 Itaque
1013 2002 1104 2028 totus
1119 1996 1250 2027 fervet?
1284 1997 1449 2036 Thyeste:
1474 1998 1482 2012 ‘
1497 1996 1567 2026 Leo

875 2046 1079 2078 flammiferis
1097 2045 1233 2076 aestibus
1246 2044 1391 2076 ardens?
1420 2045 1570 2075 Hercule

877 2098 1008 2129 OEtaeo:
1027 2096 1093 2127 ‘At
1108 2097 1309 2136 illejactans
1325 2095 1488 2126 fervidam
1502 2105 1569 2126 coe-

875 2150 908 2179 lo
929 2146 1069 2188 jubam?
1101 2146 1175 2177 Lib.
1202 2149 1253 2177 10.
1281 2147 1345 2186 Ep.
1373 2148 1426 2176 62.
1447 2147 1456 2161 ‘
1472 2143 1568 2175 Albae

876 2200 989 2230 Leone
1005 2196 1158 2227 flammeo
1174 2197 1286 2226 calent
1302 2196 1404 2233 luces,
1418 2196 1569 2225 Tostam-

877 2257 942 2288 que
969 2246 1100 2277 fervens
1126 2245 1235 2277 Julius
1260 2246 1377 2286 coquit
1402 2244 1571 2275 messem!

881 2299 1015 2328 Gronov.
1042 2295 1186 2335 Etsulvi,
1196 2295 1265 2334 ἐξα]
1278 2295 1433 2335 Augusto
1446 2303 1572 2331 mense,

880 2357 945 2389 quo
962 2347 1019 2378 Sol
1035 2346 1095 2377 snb
1110 2346 1224 2376 Leone
1246 2349 1337 2375 ortus
1360 2343 1469 2382 ardet,
1492 2343 1571 2383 Epi-

880 2408 983 2439 gram.
999 2400 1052 2428 57.
1069 2396 1127 2427 lib.
1143 2399 1173 2427 4.
1190 2405 1274 2426 verS.
1290 2399 1323 2427 5.
1338 2398 1374 2425 et
1386 2393 1501 2433 Epigr.
1517 2395 1570 2423 72.

881 2450 937 2481 lib.
952 2453 983 2481 6.
996 2457 1081 2479 vers.
1098 2450 1128 2477 2.

923 2502 962 2532 13
986 2499 1070 2530 Diva
1090 2495 1209 2537 Paphi]
1232 2496 1360 2527 Venus.

924 2552 963 2580 14
985 2548 1133 2578 Juvenem
1150 2546 1273 2577 remitte
1293 2545 1387 2585 votis]
1416 2544 1573 2575 Flaccum

882 2599 1060 2639 degentem
1076 2598 1107 2627 in
1123 2597 1247 2637 Cypro.
1272 2595 1387 2635 Epigr.
1402 2597 1453 2625 45.
1470 2593 1527 2624 lib.
1541 2595 1571 2624 8.

883 2659 971 2680 vers.
993 2651 1024 2679 7.

927 2701 964 2728 15
983 2696 1101 2727 Martis
1117 2695 1281 2735 Kalendoe]
1296 2694 1334 2725 In
1350 2693 1469 2735 quibus
1484 2692 1571 2723 cele-

885 2748 1000 2779 bratur
1022 2746 1141 2778 natalis
1157 2747 1313 2785 Veneri&
1337 2750 1372 2776 et
1394 2744 1574 2775 mittuntur
