1866 3131
211 183 325 226 1212

213 289 325 329 gratia
337 293 373 320 et
388 288 428 319 ob
446 288 637 328 plantarum
652 295 778 318 curam.
811 286 912 318 Unde

212 344 249 370 et
263 349 324 380 per
341 339 452 379 ignem
467 343 503 369 et
520 348 581 378 per
598 347 717 379 aquam
736 337 912 377 jurabant.

215 390 381 421 Heralczus.
425 388 532 426 Sacra,
558 387 671 427 valete]
695 387 914 427 Nereidibus,

213 446 250 470 ut
264 439 418 480 sequenti
430 449 541 469 versu.
567 438 707 469 Gruter.
724 443 759 468 et
775 438 915 468 Salmas.

213 490 467 522 rescribendum
482 490 691 522 contendunt
710 490 823 520 Graia.
846 489 914 520 Alii

213 545 328 581 grata:
345 541 403 573 sed
416 551 480 572 non
493 541 590 572 video
604 541 661 582 qui
679 540 916 581 possetPoe'ta

214 603 254 623 eo
276 597 442 632 tempore,
459 602 526 633 quo
554 598 657 622 aestus
678 592 750 631 ejus
776 590 843 621 loci
865 589 916 620 fu-

213 643 342 683 giebat,
367 646 464 682 grata
493 643 669 683 appellare
697 643 808 672 litora.
872 641 917 670 Et

212 694 307 723 litora
332 703 422 723 sacra
451 692 564 732 valete]
596 692 695 723 Sacra
719 691 830 731 palam
865 694 918 720 est

214 744 380 784 ineptum.
428 743 529 774 Graia
571 742 742 782 displicet,
779 740 858 782 quia
883 744 918 770 et

213 794 318 825 Tibur
371 794 527 832 Graium,
574 799 696 832 nempe
739 790 919 830 Argivum.

223 846 328 876 Grata
354 851 468 876 autem
493 848 607 882 vocat,
631 842 710 883 quia
735 842 743 857 ‘
759 841 920 879 omnium,

217 905 284 926 nou
300 896 399 926 modo
416 895 539 933 haliae,
557 893 615 924 sed
633 898 707 924 toto
720 891 801 923 orbe
813 897 919 922 terra-

214 957 300 986 rum,
339 946 542 987 pulcerrima
584 944 778 984 Campaniae
818 942 921 982 plaga

217 997 289 1037 est,'
306 1002 344 1028 ut
361 997 480 1027 Florus
497 995 631 1026 scribit.
680 994 754 1025 Nec
776 993 920 1024 miretur

216 1048 438 1084 Ramireshrs,
459 1050 554 1085 gruta
577 1045 658 1084 dici,
681 1054 746 1086 quo
765 1048 920 1083 tempore

217 1103 320 1129 aestus
346 1099 476 1128 illorum
501 1095 708 1137 fugiebatur.
755 1093 921 1134 Loquitur

216 1149 305 1179 enim
323 1149 364 1179 (le
378 1149 454 1185 illis,
482 1153 520 1177 ut
538 1151 658 1177 natura
674 1155 734 1175 sua
750 1150 841 1182 sunt,
855 1142 919 1174 etsi

216 1209 304 1230 nunc
317 1209 358 1230 ex
375 1199 545 1230 accidenti
563 1197 634 1236 fiat,
647 1201 682 1226 ut
697 1206 750 1235 ea,
768 1194 919 1236 quamvis

218 1255 327 1290 grata,
345 1251 475 1281 Tibure
492 1254 623 1280 mutare
642 1248 748 1278 malit.
797 1246 917 1277 Grono-

220 1303 296 1332 vius.

260 1354 280 1381 9
305 1350 473 1381 Herculeos
482 1347 665 1388 collegere]
680 1347 762 1385 Vos,
779 1356 797 1376 ο
813 1346 922 1385 Baiae,

218 1404 330 1433 calore
348 1407 462 1432 vestro
487 1401 605 1431 melius
631 1399 769 1429 solvetis
793 1397 920 1427 brumae

217 1453 323 1493 frigus
343 1463 441 1493 quam
457 1451 586 1482 Tibur:
614 1449 672 1479 lib.
695 1452 721 1479 1.
736 1448 853 1487 Epigr.
871 1449 921 1477 13.

220 1513 306 1534 vers.
324 1506 351 1533 1.
375 1502 453 1533 Jam
483 1507 596 1532 autem
619 1509 679 1539 per
703 1498 832 1528 aestatis
856 1496 923 1527 fer-

223 1564 336 1585 vorem
353 1553 459 1593 magis
478 1553 591 1593 placet
611 1550 727 1587 Tibur,
745 1548 863 1588 frigori
888 1554 923 1578 et

218 1605 329 1635 ventis
344 1604 548 1643 expositum.
594 1601 669 1638 Vel,
686 1600 825 1630 hiberno
839 1604 921 1629 tem-

221 1664 302 1695 pore
329 1655 431 1684 cedat
449 1653 544 1683 vobis
570 1652 695 1682 Tibur:
721 1650 783 1680 hoc
809 1655 923 1680 autem

222 1706 352 1743 zesfivo,
370 1715 427 1735 vos
441 1704 469 1734 ei
487 1702 614 1734 cedite.

266 1758 486 1788 ΕΡιῦ.ι.ιίιι.
509 1757 528 1784 2
555 1754 641 1783 Num
655 1751 793 1792 plorare]
817 1751 924 1781 Recte

222 1807 427 1844 Scriverius,
443 1806 544 1835 Nam:
561 1813 669 1844 neque
687 1802 777 1833 aliud
794 1803 927 1842 patitur

221 1860 256 1888 τὸ
270 1862 355 1899 puto.
387 1857 452 1886 sed
469 1865 530 1885 cur
547 1855 737 1894 appingunt
755 1854 924 1892 interpre-

225 1909 387 1940 tationem
406 1907 447 1937 de
475 1905 593 1936 infami
611 1905 652 1935 ob
678 1904 924 1944 impudentiam

224 1960 348 1991 Galla?
372 1958 543 1998 Equidem
574 1956 656 1986 nihil
687 1956 742 1987 hic
769 1961 927 1996 apparet,

223 2020 327 2052 quare
344 2010 445 2041 Galla
467 2009 572 2048 magis
600 2008 644 2037 sit
667 2005 800 2037 infamis
827 2016 925 2046 quam

222 2062 375 2093 maritus.
420 2060 485 2091 Illa
496 2060 617 2090 marito
630 2058 753 2088 amisso
768 2056 928 2089 tenebras

226 2119 260 2144 et
275 2112 493 2143 solitudinem
512 2110 688 2151 captabat,
715 2115 752 2140 ut
772 2109 928 2139 solebant

225 2166 258 2196 in
284 2166 390 2194 luctu.
435 2164 565 2193 Seneca
593 2161 635 2192 ad
668 2161 833 2191 Marciam
851 2170 924 2200 cap.

228 2219 279 2246 11.
307 2215 348 2245 de
375 2213 522 2245 Octavia
545 2213 683 2252 lugente
701 2211 925 2242 Marcellum:

227 2269 235 2283 ‘
261 2265 424 2297 Tenebris
454 2270 488 2295 et
524 2264 698 2295 solitudini
738 2263 929 2294 familiaris-

227 2318 333 2349 sima.'
380 2317 490 2347 Tacit.
515 2319 547 2346 4.
575 2315 698 2346 Annal.
742 2314 830 2344 ‘Vix
854 2323 929 2354 pro-

228 2369 429 2410 pinquorum
445 2365 604 2407 alloquia,
626 2366 682 2395 vix
712 2364 799 2394 diem
824 2363 930 2404 aspici

230 2429 250 2449 a
282 2419 453 2459 plerisque
482 2416 696 2457 lugentium.’
741 2415 780 2446 Id
807 2415 931 2446 calum-

231 2470 343 2499 niatus
370 2474 405 2498 et
434 2467 578 2498 illudens
609 2466 794 2504 Martialis,
825 2464 931 2497 Quasi

232 2529 322 2558 vero,
333 2519 456 2559 inquit,
468 2527 583 2558 parum
597 2517 756 2548 decorum
769 2522 931 2547 matronae

232 2573 338 2603 virum
353 2571 464 2611 palam
482 2570 609 2609 lugere.
639 2569 823 2600 Gronovius.
850 2569 933 2599 Num

231 2623 366 2662 plorare,
380 2620 448 2660 tm]
474 2619 643 2650 Gruterus
660 2619 841 2660 legendum
855 2628 931 2648 cen-

235 2678 307 2703 set:
336 2672 407 2702 Non
431 2672 553 2711 plorare
581 2671 675 2710 pudet
701 2672 810 2709 testrc.
855 2669 932 2700 Hoc

233 2731 356 2752 sensu:
394 2720 500 2752 Vides
540 2720 740 2761 plorandum
779 2729 851 2750 esse
890 2719 933 2750 ob

234 2778 378 2804 mortem
396 2774 469 2810 ejus
486 2782 494 2809 ;
519 2771 624 2812 pudet
641 2776 754 2802 tamen
770 2771 804 2801 id
818 2769 932 2801 facere

678 191 818 222 1³:0¹1*AE
855 192 1073 223 x'ARioRU
1084 193 1115 221 M
1152 193 1201 222 ΙΝ

964 292 1095 328 aperte.
1124 286 1236 327 Euge!
1252 284 1392 316 faemina
1402 293 1439 316 es
1453 283 1553 315 animi
1565 284 1662 324 plane

965 339 1079 370 virilis.
1125 338 1187 368 Yir
1215 338 1302 368 enim
1333 336 1359 366 si
1390 336 1515 376 plorat,
1551 336 1665 376 plorat

962 389 1034 419 sine
1062 392 1164 428 teste,
1192 393 1229 418 ut
1246 393 1295 418 tu.
1341 386 1423 426 Aut,
1446 386 1558 424 Galla,
1582 390 1664 426 puto

964 449 1029 470 non
1041 441 1174 480 plorare
1190 445 1222 471 te
1234 440 1358 477 virum3
1375 437 1462 480 quod
1476 438 1554 479 quia
1564 442 1665 476 turpe

965 496 1030 531 est,
1047 493 1159 532 ploras
1177 492 1209 521 in
1227 490 1386 521 tenebris.
1431 489 1465 519 si
1482 488 1571 519 enim
1595 488 1667 528 plo-

966 551 1070 581 rares,
1095 541 1249 572 tenebras
1268 550 1333 570 non
1359 544 1541 570 sectarere.
1588 536 1669 575 Alii,

967 592 1052 622 Nam
1080 592 1202 632 plorare
1237 592 1331 631 pudet
1362 594 1404 629 te,
1441 592 1528 630 pulo,
1562 589 1669 627 Galla,

965 642 1087 673 virum.-
1111 642 1171 672 hac
1189 647 1301 672 mente
1318 653 1324 671 :
1343 640 1430 671 adeo
1446 639 1607 670 infamem
1625 639 1668 669 ob

967 691 1215 732 impudicitiam
1242 690 1344 721 fuisse
1361 690 1510 728 Gallam,
1531 689 1669 719 vivente

966 744 1102 782 marito,
1114 748 1150 773 ut
1163 749 1263 784 turpe
1280 744 1324 773 sit
1337 743 1508 782 illumjam
1524 739 1666 772 deflere.

968 795 1056 825 Vide
1074 795 1177 824 etiam
1194 804 1235 824 an
1249 795 1313 824 huc
1331 793 1437 824 faciat
1452 793 1538 834 qnod
1555 795 1671 823 narrat

969 846 1156 885 Eumolpus
1184 845 1225 876 de
1253 851 1407 875 matrona
1436 845 1493 875 illa
1521 843 1672 884 Ephesia

970 895 1060 936 apud
1078 895 1292 926 Petronium.

1015 947 1120 977 EPIG.
1153 954 1227 977 th.
1265 945 1378 986 HuJus
1406 945 1671 985 Epigrammatis

970 1002 1208 1037 argumentum
1240 997 1451 1036 explicatum
1484 1001 1537 1026 est
1570 1005 1673 1036 supra

972 1048 1089 1087 Epigr.
1119 1050 1170 1077 32.
1196 1047 1229 1077 in
1255 1047 1355 1077 simili
1380 1056 1472 1084 casu,
1488 1047 1528 1076 de
1547 1055 1610 1086 ape
1626 1047 1674 1076 in-

972 1098 1065 1128 clusa
1083 1099 1225 1128 electro.
1274 1097 1355 1136 Hic,
1378 1097 1496 1128 eadem
1525 1097 1673 1134 ratione,

971 1149 1088 1188 vipera
1099 1148 1225 1179 succini
1237 1148 1326 1178 visco
1335 1147 1509 1188 implicata
1522 1147 1666 1178 interiit.

973 1199 1129 1230 Ramires.

1029 1253 1044 1280 1
1089 1248 1258 1288 Flentibus,
1285 1247 1356 1288 ἔξω]
1401 1247 1516 1278 Ramis
1556 1247 1674 1288 populi

972 1298 1191 1338 electriferae,
1227 1304 1262 1328 ut
1289 1308 1393 1337 supra
1420 1297 1595 1338 Epigram.
1623 1299 1675 1327 32.

972 1360 1062 1380 vers.
1091 1353 1122 1380 2.
1150 1355 1185 1380 et
1208 1349 1266 1379 lib.
1284 1352 1315 1379 ὕ.
1331 1349 1448 1388 Epigr.
1465 1351 1515 1378 15.
1564 1348 1675 1378 Heliu-

972 1401 1060 1441 dum]
1086 1400 1266 1440 Heliades,
1287 1409 1417 1430 sorores
1436 1399 1676 1437 Phaethontis,

973 1462 1061 1494 quae,
1077 1452 1150 1491 ejus
1163 1450 1469 1489 casumdeflentes,
1487 1451 1518 1481 in
1538 1450 1678 1480 arbores

975 1505 1117 1544 populos
1135 1514 1308 1535 conversa>
1336 1503 1491 1540 fuerunt,
1517 1512 1536 1532 a
1553 1502 1676 1542 quibus

976 1554 1093 1585 defluit
1128 1555 1314 1586 succinum.
1370 1553 1493 1593 Serpit]
1526 1553 1675 1593 Serpere

967 1605 1065 1638 enim
1083 1605 1245 1635 dicuntur
1270 1604 1387 1635 ἅποδα;
1414 1613 1535 1644 repere
1555 1607 1681 1642 autem,

977 1666 1053 1697 quae
1083 1657 1188 1696 pedes
1213 1656 1342 1687 habent
1373 1656 1579 1686 brevissimis
1606 1665 1682 1686 cru-

976 1708 1079 1745 ribus,
1095 1713 1129 1737 ut
1148 1708 1300 1737 lacertae.

1020 1761 1039 1788 '2
1073 1757 1194 1795 fluxit,
1224 1757 1292 1796 tm]
1333 1755 1527 1787 Artificium
1571 1754 1682 1786 refert

978 1808 1115 1848 poetice
1133 1807 1173 1837 ad
1193 1818 1320 1838 casnm.

1019 1862 1037 1888 4
1066 1860 1217 1888 Com-reto
1237 1859 1324 1898 gelu]
1347 1858 1505 1889 Succina.
1554 1858 1683 1898 Rignit]

977 1909 1054 1939 Non
1076 1908 1164 1948 quod
1183 1907 1322 1947 frigore,
1341 1908 1398 1937 sed
1417 1907 1506 1947 quod
1524 1907 1633 1947 rigore
1648 1913 1682 1937 et

977 1958 1114 1995 duritie,
1129 1959 1204 1998 gelu
1222 1959 1389 1988 imitetur.
1441 1958 1568 1998 Vincta]
1581 1957 1679 1987 Com-

977 2010 1083 2050 pedes
1096 2011 1234 2050 viperae,
1251 2010 1374 2049 gummi
1393 2014 1428 2040 et
1440 2009 1550 2040 viscus
1563 2009 1683 2039 electri

976 2066 1085 2091 erant.

1021 2116 1037 2142 5
1068 2112 1114 2142 Ne
1132 2110 1190 2141 tibi
1206 2110 1318 2149 regali,
1342 2109 1408 2150 fisa]
1433 2110 1461 2140 E
1479 2109 1597 2150 proelio
1616 2109 1682 2140 Ac-

979 2162 1070 2192 tiaco
1088 2161 1221 2202 fugiens
1240 2161 1422 2201 Cleopatra
1450 2161 1481 2190 in
1500 2161 1682 2200 ffigyptum

978 2222 1012 2242 se
1027 2212 1164 2243 inclusit
1179 2211 1372 2251 sepulchro,
1383 2210 1471 2251 quod
1485 2211 1556 2251 ipsa
1570 2210 1682 2250 splen-

979 2262 1093 2292 didum
1125 2267 1366 2298 exstruxerat3
1403 2262 1490 2292 unde
1522 2265 1683 2291 extracta

979 2313 1104 2353 aspidis
1140 2323 1253 2344 morsu
1298 2313 1437 2353 periisse
1480 2312 1681 2353 putabatur:

983 2364 1071 2405 quod
1101 2364 1212 2394 Poeta
1240 2364 1413 2403 respicere
1438 2362 1584 2401 videtur,
1607 2371 1684 2392 cum

982 2415 1109 2455 viperae
1153 2415 1318 2445 tumulum
1358 2413 1516 2446 conferat
1556 2413 1684 2444 tumulo

981 2466 1069 2496 illius
1086 2475 1159 2505 quae
1175 2465 1300 2506 aspidis
1316 2475 1426 2496 morsu
1440 2464 1556 2505 periit.

1022 2516 1128 2547 EP1G.
1148 2525 1204 2547 Lx.
1225 2516 1391 2556 Exemplo
1409 2514 1567 2553 Curiatii,
1584 2514 1617 2544 in
1629 2512 1685 2544 Ti-

981 2566 1118 2597 burtino
1135 2567 1208 2597 loco
1222 2566 1371 2605 salutari,
1387 2569 1496 2596 morte
1513 2563 1688 2603 exstincti,

983 2617 1086 2648 docet
1112 2626 1207 2657 aeque
1245 2626 1306 2657 per
1335 2626 1433 2647 omne
1461 2617 1596 2655 coelmn,
1625 2624 1682 2644 seu

983 2668 1118 2698 salubre
1147 2678 1204 2698 seu
1230 2667 1407 2708 pestilens,
1435 2666 1580 2707 grassari
1597 2674 1684 2695 mor·

983 2725 1066 2758 tem,
1082 2719 1233 2760 adeoque
1256 2718 1328 2750 fata
1350 2718 1440 2750 nullo
1457 2717 1590 2749 excludi
1607 2716 1684 2747 loco

983 2781 1093 2812 posse.
