1866 3131
378 223 424 251 M.
460 222 568 251 VAL.
603 218 877 250 MAR'PIALIS
913 218 1071 248 EPlGR.
1111 219 1197 247 [ΑΒ.
1235 219 1316 247 x'll.

172 312 191 338 (3
215 307 385 346 Luletanoe,
408 306 476 345 tra]
502 307 638 345 Lagona
653 303 822 345 ignobilis,

130 357 302 390 foeculenti
327 363 363 388 et
385 356 512 388 turbidi
531 356 597 387 vini
625 365 667 386 ex
693 355 826 386 Laleta-

131 408 186 437 nia
216 408 247 438 in
281 407 379 447 Hisp.
408 405 668 437 Tarraconensi.
714 404 824 435 Gloss.

133 459 141 473 ⁴
160 458 262 498 Sapa,
286 456 409 497 ἕψημα.’
431 457 542 497 ‘Sapa
559 455 743 487 Laletana'
762 455 826 485 hoc

133 508 218 545 loct),
236 508 314 548 qnia
338 507 400 538 hoc
417 508 528 538 vinnm
545 507 688 538 crassius
705 517 712 538 :
738 506 827 537 unde

138 563 171 588 ct
195 558 274 588 alibi
301 556 389 588 ‘faex
414 557 599 589 Laletana)
644 558 726 588 Tum
744 557 828 588 (licit

139 609 259 649 ‘nigra
283 607 425 649 lagena,’
453 608 542 649 quod
569 607 611 638 ad
638 607 749 638 vinum
779 617 829 638 re-

137 658 217 697 sero,
231 659 318 700 quod
337 668 542 699 purpureum
559 663 659 689 vocat
675 658 778 690 Ovid.

178 713 195 740 7
223 711 385 750 Part-aque
410 710 550 750 coctana]
584 709 683 740 Ficus
714 719 829 750 parvm

141 770 178 791 ex
190 760 299 800 Syria.
326 760 496 800 Epigram.
514 763 565 791 28.
582 760 643 791 lib.
660 762 710 791 13.
738 760 833 790 Canis

146 813 289 841 fenerant
313 810 436 851 prunis]
460 812 545 844 Quae
577 812 751 852 Epigram.
782 814 830 843 18.

139 860 192 891 lib.
210 865 240 892 5.
256 870 351 892 senes
366 861 451 892 dixit
471 862 715 894 Damascenos.
745 861 834 893 Vide

145 911 315 951 Epigram.
333 914 385 942 29.
399 911 456 944 lib.
475 915 525 944 13.

182 965 200 992 8
225 963 269 993 Et
285 962 426 1003 Libycoe]
459 964 501 994 Et
530 973 587 994 vas
614 972 718 999 grave
743 961 835 993 Afri-

142 1013 230 1043 canis
243 1017 278 1044 et
301 1014 449 1045 hibernis
466 1014 549 1045 ficis.
594 1015 837 1055 EpigramAtL

141 1062 200 1093 lib.
218 1065 249 1093 4.

182 1116 202 1144 9
230 1113 294 1145 Vix
306 1118 393 1154 puto,
415 1115 485 1155 ἐγὼ]
508 1115 600 1146 Puto
619 1115 673 1146 vix
692 1116 841 1149 valuisse

145 1166 196 1194 30.
214 1164 284 1195 HS.
301 1168 426 1195 nostrae
445 1172 589 1196 monetae
606 1168 637 1196 4.
654 1176 700 1197 55.
717 1169 748 1198 8.
765 1167 798 1198 d.

186 1218 225 1245 10
248 1215 341 1256 Syri]
373 1215 470 1246 Servi
508 1226 526 1246 e
561 1217 673 1257 Syria,
715 1217 844 1257 Synce-

143 1264 242 1296 doch.

186 1318 226 1346 12
250 1316 396 1348 Pondera
421 1317 566 1358 quinque]
599 1316 720 1348 Libras
748 1317 843 1359 quin-

145 1376 222 1408 que.

186 1419 290 1450 ΕΡιῦ.
304 1428 375 1450 Liv.
400 1418 503 1450 Artes
519 1419 682 1460 captandi
704 1419 844 1451 damnat

144 1470 178 1500 in
196 1470 395 1509 Nasidieno‚
412 1469 467 1510 qui
485 1470 576 1510 prius
595 1470 715 1501 Poetae
729 1470 845 1502 adula-

146 1520 259 1559 batur,
297 1525 336 1551 nt
368 1520 493 1561 aliquid
533 1521 574 1552 ab
606 1531 647 1552 eo
678 1523 843 1561 muneris;

147 1570 271 1602 deinde
287 1571 494 1602 somniorum
517 1572 682 1612 religione
699 1573 847 1614 objecta,

150 1620 339 1652 conabatur
352 1631 547 1662 emungere.
593 1623 709 1654 Ruder.

191 1675 209 1702 3
233 1673 308 1703 Jam
324 1672 424 1712 prior,
445 1673 516 1713 Era]
541 1673 595 1704 Ad
612 1673 783 1714 expianda
800 1673 848 1705 in-

150 1722 263 1754 fausta
280 1728 339 1754 tua
352 1722 393 1753 de
411 1732 463 1753 me
477 1724 615 1763 somnia,
626 1724 660 1754 in
676 1724 851 1755 sacrificiis

150 1773 320 1814 absumpsi
336 1774 447 1804 vinum
460 1783 557 1805 omne
574 1784 682 1805 meum
701 1775 852 1815 superio-

152 1824 195 1854 ris
211 1830 246 1855 et
261 1825 374 1855 hornae
392 1824 581 1856 vindemiae.
626 1826 770 1856 Tantum
783 1826 851 1856 vini

153 1875 218 1906 mei
241 1875 427 1906 exhausisti
449 1875 492 1906 ad
509 1876 720 1916 peragendas
733 1877 852 1916 expia-

153 1925 260 1956 tiones
276 1929 362 1964 tuas,
380 1932 415 1956 ut
433 1935 543 1967 neque
556 1936 598 1957 ex
611 1927 727 1967 priori,
743 1937 854 1969 neque

151 1984 193 2006 ex
209 1976 271 2006 hac
289 1976 462 2007 vindemia
488 1976 670 2018 quidquam
696 1978 777 2009 mihi
801 1988 856 2009 sn-

153 2027 273 2068 persit.
320 2027 470 2059 Martial.
494 2027 611 2068 Epigr.
633 2031 685 2061 50.
714 2029 773 2060 lib.
802 2032 855 2062 11.

157 2079 166 2094 ‘
182 2077 355 2119 Amphora
369 2087 458 2109 nunc
476 2079 607 2119 petitur
619 2079 708 2120 nigri
725 2079 858 2111 cariosa

154 2128 305 2168 Falerni,
336 2129 464 2170 Expiet
493 2134 530 2160 ut
560 2139 695 2161 somnos
720 2131 856 2170 garrula

157 2190 241 2221 saga
268 2181 365 2212 tuos.’
409 2182 498 2213 Nam
518 2182 587 2214 vini
616 2193 695 2214 usus
723 2189 798 2215 erat
822 2183 856 2214 in

158 2230 343 2272 sacrificiis,
358 2237 393 2263 et
405 2237 482 2273 post
493 2233 614 2264 molam
631 2233 754 2266 salsam
765 2244 857 2275 saepe

158 2282 379 2315 fundebatur.
422 2283 534 2316 Quum
563 2284 678 2316 vinum
708 2294 776 2316 non
804 2285 858 2317 ha·

161 2333 295 2371 herent,
309 2343 394 2374 aqua
411 2333 610 2365 utebantur.

203 2386 223 2414 4
246 2384 369 2414 Exorat
400 2383 517 2423 noctes]
556 2384 698 2424 Expiat,
733 2385 861 2416 avertit

163 2443 275 2465 omen.
318 2434 327 2450 ‘
347 2433 519 2464 Exorare'
542 2434 617 2466 heic
634 2433 860 2476 ἐξιλάσκεσθαι,

165 2490 201 2515 ut
229 2490 323 2515 recte
347 2485 383 2514 in
409 2484 521 2516 Gloss.
550 2485 698 2517 Oramus
725 2486 767 2517 τὰ
793 2486 861 2517 εὐκ-

162 2537 236 2566 ταῖα
249 2547 256 2565 :
286 2536 335 2566 Ex
342 2544 487 2574 oramus,
497 2535 559 2566 hoc
573 2536 685 2576 modo,
700 2536 740 2568 τὰ
751 2537 861 2568 ἀπευκ-

164 2588 248 2617 vata.
295 2587 352 2617 Sic
395 2587 404 2603 ‘
429 2585 700 2627 Exsacrificare‚'
735 2587 862 2620 sacrifi-

165 2647 242 2669 care
260 2647 303 2668 ne
328 2636 409 2678 quid
425 2637 570 2668 accidat.
587 2637 719 2670 Herald.
761 2637 864 2678 Saga]

163 2689 375 2720 Somniorum
411 2688 583 2728 interpres
606 2692 642 2720 et
672 2688 863 2730 expiatrix.

168 2739 286 2780 Epigr.
301 2742 354 2769 50.
370 2737 429 2769 111).
443 2740 495 2769 11.

207 2793 225 2821 5
252 2790 411 2831 Salsasque
423 2788 532 2831 molas]
555 2789 622 2820 Far
633 2789 701 2821 sale
713 2789 866 2821 mistum.

1461 206 1571 246 1259

879 303 1020 334 Festus:
1058 303 1067 319 ‘
1097 303 1191 333 Mola
1222 307 1363 334 vocatur
1390 301 1493 332 etiam
1521 300 1573 332 far

878 356 1018 390 tostum,
1033 357 1068 383 et
1085 353 1153 382 sale
1166 362 1332 392 sparsum,
1344 351 1433 393 quod
1447 361 1487 381 eo
1503 360 1574 381 nio-

876 403 938 434 11ῖο
951 403 1070 434 hostiae
1084 404 1334 443 aspergantur.’
1370 404 1477 433 Recte
1491 402 1576 442 glos-

878 454 1016 493 sarium,
1040 456 1048 471 ‘
1065 454 1167 484 Molae
1196 454 1307 493 salsae,
1322 453 1416 493 κριθαὶ
1438 458 1573 493 πεφρυγ-

877 504 983 544 μέναι.’
1031 506 1152 543 Recte,
1169 505 1315 546 inquam,
1327 505 1351 534 si
1365 506 1465 536 ritum
1481 504 1578 535 Grae-

879 556 1032 587 canicum
1057 555 1270 595 respexeris:
1295 566 1372 586 nam
1395 556 1427 586 in
1442 555 1580 586 Graecia

879 607 968 638 mola
985 607 1071 638 salsa
1083 606 1275 638 hordeacea
1291 612 1388 644 erat;
1415 612 1450 637 ut
1466 606 1578 636 farrea

880 658 914 688 in
931 657 1049 688 Latio:
1075 667 1151 688 nam
1177 661 1255 698 post
1285 657 1418 688 tristius
1444 657 1579 698 aliquod

882 709 1046 740 somnium
1074 708 1165 738 mola
1195 708 1280 738 salsa
1309 713 1345 739 et
1372 707 1470 738 thure
1500 707 1583 740 „lovi

883 759 1065 801 prodigiali
1080 759 1400 800 comprecabantur.

925 813 946 841 6
968 810 1152 848 Decrevere,
1173 809 1242 850 tra]
1269 811 1484 841 Decrescunt
1501 809 1583 840 mihi

884 870 1006 902 greges
1023 861 1144 892 crebra
1160 861 1403 892 immolatione.

928 916 946 943 7
973 913 1080 944 Cortis
1105 913 1191 953 aves]
1225 913 1342 954 Epigr.
1377 915 1430 944 30.
1465 921 1583 952 supra,

886 974 976 995 vers.
995 967 1023 995 1.
1037 966 1102 996 διο.
1148 965 1284 996 Novam-a
1296 963 1475 1004 supersunt]
1501 964 1586 994 Haec

889 1017 984 1055 dicit,
1012 1017 1089 1058 quia
1111 1027 1175 1047 ova
1199 1017 1448 1048 adhibebantur
1469 1016 1511 1046 ad
1528 1025 1586 1046 ex-

890 1068 1070 1108 piationes.
1115 1068 1204 1099 Vide
1222 1067 1411 1100 Alexandr.
1428 1066 1469 1097 ab
1486 1065 1589 1096 Alex—

893 1119 997 1149 andro
1014 1119 1071 1150 lib.
1089 1123 1119 1149 5.
1136 1122 1279 1159 cap.·27.

935 1173 954 1201 8
976 1169 1041 1200 Aut
1067 1170 1178 1208 vigila,
1206 1170 1277 1209 δρα]
1316 1168 1385 1200 Aut
1420 1177 1590 1208 nunquam

894 1219 1040 1249 dormias
1067 1229 1201 1260 precor,
1224 1225 1282 1250 aut
1304 1219 1347 1250 de
1372 1224 1406 1250 te
1431 1218 1592 1256 somnies,

894 1275 954 1301 tuo
967 1269 1101 1300 damno.

938 1320 1042 1350 Eme.
1057 1328 1128 1350 Lvr.
1151 1318 1392 1350 Architectum
1405 1317 1598 1349 Domitiani

896 1370 1072 1402 Rabirium
1088 1370 1219 1409 laudat,
1236 1370 1293 1411 qui
1310 1369 1513 1401 Domitiano
1536 1377 1594 1399 no-

895 1420 964 1451 bile
982 1421 1144 1461 palatium
1160 1421 1324 1452 extruxit.

938 1474 955 1502 1
979 1472 1077 1502 Astra
1096 1470 1270 1511 polumque]
1295 1470 1345 1502 Ut
1366 1469 1518 1507 Phidias,
1535 1468 1594 1501 Jo-

895 1521 944 1552 vis
954 1521 1129 1561 Olympici
1147 1520 1387 1551 simulachrum
1403 1518 1595 1555 efficturus,

897 1573 1022 1604 dicitnr
1050 1571 1217 1603 direxisse
1247 1576 1398 1602 mentem
1427 1580 1520 1601 suam
1552 1568 1596 1599 ad

898 1624 1026 1654 vultum
1042 1622 1139 1654 Jovis
1164 1623 1206 1652 ab
1224 1622 1376 1653 Homero
1401 1630 1600 1661 expressum

898 1675 938 1706 1¹.
952 1673 1056 1713 ΑΓΗ,
1071 1674 1121 1704 καὶ
1137 1672 1298 1714 κυανέῃσιν
1314 1673 1359 1702 ἐπ’
1375 1670 1486 1711 ὀφρύσι
1510 1670 1597 1701 νεῦσε

900 1724 1042 1765 Κρονίων,
1057 1727 1124 1755 &c.
1154 1724 1272 1754 Valer.
1289 1723 1383 1753 Max.
1398 1722 1457 1753 lib.
1474 1724 1506 1753 3.
1524 1731 1600 1761 cap.

900 1779 931 1807 7.
989 1776 1042 1806 lta
1070 1781 1104 1805 tu
1135 1773 1254 1804 Rabiri
1280 1773 1477 1804 Domitiano
1507 1772 1601 1812 pala-

901 1826 985 1856 tium
1012 1829 1248 1856 exstructurus
1272 1823 1463 1863 concepisti
1487 1826 1603 1852 mente

902 1877 1056 1907 coelestes
1082 1876 1211 1913 domos,
1228 1874 1346 1915 quibus
1373 1872 1545 1913 magistris
1569 1875 1606 1902 et

904 1926 1157 1968 exemplaribus
1174 1926 1318 1956 utereris
1336 1924 1378 1955 ad
1395 1925 1480 1954 hanc
1498 1922 1602 1953 fabri-

904 1987 989 2009 cam.
1037 1976 1165 2017 Rabiri]
1198 1975 1416 2007 Architectus
1445 1978 1521 2004 erat
1548 1982 1606 2004 no-

905 2028 994 2067 bilis,
1009 2027 1267 2068 Epigrammate
1282 2028 1335 2057 71.
1354 2025 1430 2055 libri
1449 2027 1499 2055 10.

948 2081 967 2109 2
992 2078 1208 2116 Parrhasiam,
1231 2076 1303 2117 fisa]
1337 2076 1544 2114 Palatinam,
1569 2074 1603 2105 in

906 2133 1022 2160 monte
1038 2128 1211 2166 Palatino,
1234 2128 1291 2158 ubi
1318 2127 1477 2158 Evander
1500 2126 1607 2156 Arcas

906 2179 1034 2220 primus
1049 2178 1244 2210 aedificavit.
1282 2177 1464 2209 Parrhasia
1490 2182 1605 2207 autem

908 2230 987 2261 urbs
1024 2227 1187 2260 Arcadiae
1219 2233 1290 2260 est:
1328 2229 1418 2258 unde
1449 2226 1609 2258 Evander

907 2280 1053 2321 Virgilio
1091 2279 1203 2311 dictus
1229 2279 1430 2311 Parrhasius
1467 2281 1517 2310 11.
1553 2277 1608 2308 AE-

908 2331 1002 2363 neid.

953 2385 972 2414 3
998 2381 1150 2413 Phidiaco
1176 2381 1205 2411 si
1226 2380 1335 2419 (ligna,
1365 2379 1437 2419 Cym]
1469 2378 1503 2409 Si
1525 2378 1610 2409 Pisa

912 2434 990 2464 urbs
1015 2433 1073 2463 illa
1089 2430 1197 2462 Elidis
1224 2430 1413 2461 instituerit
1438 2428 1610 2460 aedificare

912 2483 1075 2523 templum
1107 2481 1244 2520 (lignum
1274 2480 1331 2511 illo
1356 2479 1559 2510 simulachro
1591 2489 1611 2510 a

913 2532 1035 2566 Phidia
1047 2530 1248 2569 fabrefacto,
1260 2534 1356 2571 petat
1367 2540 1387 2560 a
1400 2535 1518 2561 nostro
1531 2530 1610 2560 Deo

914 2583 1113 2616 Domitiano
1137 2591 1232 2612 suum
1257 2581 1482 2612 architectum
1507 2579 1608 2611 Rabi«

915 2636 1013 2666 rium.

958 2685 1061 2715 Eric.
1086 2691 1172 2713 ινιτ.
1196 2679 1329 2712 Alludit
1346 2679 1456 2711 Poeta
1479 2679 1522 2710 ad
1539 2688 1612 2710 ver-

917 2744 990 2766 sum
1005 2732 1142 2764 Homeri
1156 2731 1256 2762 Iliad.
1278 2735 1310 2761 Γ.
1335 2728 1514 2770 Κάστοράθ’
1528 2729 1615 2760 ἱππό-

917 2787 1022 2824 δαμον,
1064 2781 1114 2813 καὶ
1151 2780 1208 2822 πὺξ
1245 2781 1360 2821 ἀγαθὸν
1395 2779 1610 2813 Πολυδεύκεαῑ
