1866 3131
371 184 418 214 M.
458 182 566 213 VAL.
599 184 871 214 MAR'HAMS
908 184 1064 215 EPIGR.
1102 187 1192 216 [ΑΒ.
1227 188 1336 217 XIII.

143 282 196 308 tur
214 287 273 317 pro
290 287 380 308 more
397 278 561 309 lautorum
580 288 675 319 aper,
694 279 746 309 vel
771 278 832 310 Ar-

142 327 251 358 cadici
277 328 364 359 illius
382 330 532 359 aemulus.
566 330 750 369 Epigntzi.
775 329 833 360 lib.

141 378 259 418 Spect.
275 389 359 409 vers.
375 383 404 410 l.

176 430 282 460 Emo.
297 440 382 460 xm.
404 433 417 460 l
434 430 831 471 DeLil1ycistuberes,8sc.]

142 479 180 509 In
193 479 309 511 Africa
327 481 469 520 primum
489 485 579 519 nata,
595 481 652 511 sed
669 481 832 512 translata

140 534 173 560 et
182 529 258 559 alibi
270 534 386 570 postea
397 534 470 560 sata
479 539 589 569 poma,
601 529 732 570 quibus,
743 531 831 571 quod

140 579 179 608 iis
204 579 350 618 lignosus
371 579 507 610 abesset
534 580 684 619 nucleus,
712 589 831 610 nomen

140 638 179 659 ex
194 641 212 659 α
229 635 262 659 et
276 628 380 669 πυρήν.
408 630 536 660 Plinius
552 630 609 660 lib.
624 633 672 660 13.
689 640 763 669 cap.
780 632 830 660 19.

142 685 175 710 et
193 680 214 710 l.
234 683 283 711 15.
309 690 382 720 cap.
396 683 446 711 14.
485 681 651 711 Malorum
676 685 832 719 granato-

139 739 210 760 rum
226 739 349 769 genera
366 729 452 760 duo:
489 730 587 760 alteri
614 730 753 760 nucleus
780 734 832 761 est

136 778 282 817 lignosus
297 790 304 810 ι
330 780 429 810 alteri
446 785 503 810 aut
522 780 645 818 nullus,
663 784 720 810 aut
738 787 831 811 certe

138 830 313 869 minimus;
348 831 390 862 ob
418 832 450 862 id
478 832 705 873 ‘apyrenum’
734 843 831 864 voca-

138 885 219 912 tum.
245 882 343 912 Brod.

190 934 209 961 2
248 932 301 962 De
333 933 545 973 Nomentanis,
574 935 642 975 ssa]
678 935 730 964 Ex
756 935 832 966 villa

140 990 214 1011 mea
241 981 272 1011 iu
305 992 385 1021 agro
412 982 512 1014 Nom.
550 984 606 1024 qui
643 984 684 1014 ad
715 987 764 1015 10.
789 985 831 1016 ab

139 1031 230 1062 Urbe
248 1032 408 1072 lapidem.

182 1081 288 1112 Eme.
303 1091 407 1114 xmu.
430 1087 449 1114 2
478 1084 588 1115 Vernae
605 1085 737 1125 tuberes]
761 1086 830 1117 Do-

136 1131 181 1162 mi
198 1133 288 1163 nati:
314 1137 349 1162 ut
367 1134 573 1173 praecedenti
590 1136 709 1175 Epigr.
728 1146 776 1168 vs,
789 1139 819 1167 2.

179 1183 394 1214 ΕΡ16.Χι,ιν.
420 1187 434 1213 l
465 1184 540 1215 Esse
552 1185 730 1225 putes,&c.]
755 1186 831 1216 Non

136 1231 254 1262 credas
279 1232 341 1263 hoc
363 1232 526 1263 farcimen
553 1243 625 1264 esse
650 1243 668 1265 e
696 1235 830 1275 papillis

136 1283 203 1313 suis
221 1293 238 1314 a
251 1287 346 1324 partu
361 1293 456 1315 caesae
470 1285 626 1324 resectis,
637 1285 695 1316 sed
711 1286 828 1317 etiarn-

137 1333 216 1364 dum
232 1333 346 1364 vivere
364 1333 395 1363 in
414 1344 473 1365 sue
490 1335 649 1375 papillas,
675 1335 723 1366 ita
739 1336 830 1367 lacte

135 1384 321 1415 exundant.
344 1384 546 1424 Scriverius,
577 1387 654 1417 Esse
673 1390 760 1426 potes
775 1398 831 1418 uu-

135 1434 206 1464 dum
228 1444 356 1465 sumen:
385 1444 461 1465 nain
486 1436 581 1475 alias,
603 1436 724 1477 inquit,
754 1447 829 1467 cum

135 1485 242 1516 muria
266 1485 427 1525 thynuive
455 1486 637 1527 liquamine
663 1492 721 1518 aut
748 1497 829 1528 garo

136 1536 383 1576 apponebatur.
409 1536 510 1566 Haud
527 1538 596 1568 scio
613 1547 711 1577 quam
730 1537 828 1568 bene.

178 1587 283 1617 Eme.
300 1594 384 1616 xm'.
410 1590 425 1617 1
443 1587 568 1627 Libyca⁷
583 1588 668 1618 nobis
683 1587 831 1627 volucres]

139 1637 290 1677 Guineys,
323 1638 459 1678 turlceys.
482 1637 584 1677 Angl.
612 1637 652 1667 Id
684 1642 757 1668 est:
795 1638 830 1668 Si

136 1687 213 1718 milii
229 1688 325 1727 copia
339 1693 429 1718 esset
440 1687 694 1727 peregrinarum
709 1687 831 1727 avium,

135 1738 208 1768 illas
224 1738 395 1768 mitterem
411 1748 418 1775 3
444 1747 519 1777 quae
540 1746 616 1768 cum
633 1737 758 1776 desint,
775 1737 830 1768 bo-

136 1788 167 1818 ni
198 1788 333 1818 consule
357 1788 574 1818 domesticas.
598 1787 737 1827 Libycae]
762 1788 831 1818 Nu·

134 1837 272 1869 midicas
290 1838 430 1877 gallinas
446 1837 539 1868 dicit.
559 1838 707 1868 Phasides
719 1838 830 1878 essent]

138 1888 315 1918 Phasiaui:
341 1886 440 1926 infra,
457 1887 574 1927 Epigr.
586 1889 640 1917 72.

177 1940 196 1968 2
215 1938 319 1968 cortis
331 1936 416 1977 aces]
431 1938 609 1977 Epigr-40.
623 1937 643 1967 l.
657 1940 688 1969 7.
703 1947 789 1969 vers,
801 1941 829 1970 1.

177 1988 393 2019 EP1G.x1,v1.
423 1988 560 2018 Lemma
581 1987 643 2018 hoc
659 1989 830 2027 corrigen-

138 2039 216 2070 dum
230 2038 331 2069 'dicit
359 2037 551 2076 Salmasius,
579 2037 828 2078 legendumque

137 2091 303 2130 Proecoqua
318 2089 521 2129 uucipersz'ca.
547 2087 633 2118 Haec
646 2093 723 2118 sunt
745 2090 754 2104 ‘
767 2089 829 2118 Ar-

134 2141 285 2171 meniaca
300 2138 509 2179 nucipruna’
534 2138 649 2168 Plinii.
673 2139 682 2154 ‘
695 2138 830 2169 Praeco-

135 2189 218 2231 qua'
246 2190 297 2219 vel
326 2187 532 2229 ‘praecocia’
569 2187 709 2218 Persica
733 2193 830 2227 sunt;

134 2245 237 2280 atque
248 2240 296 2270 ita
309 2238 512 2269 dicebantur
527 2238 536 2254 ‘
549 2237 689 2268 Persica
701 2247 830 2277 praeco-

136 2289 209 2329 cia‚'
236 2294 273 2320 ut
300 2290 440 2320 Persica
467 2288 640 2328 duracina,
667 2287 831 2329 Asiatica,

136 2342 201 2370 ἃς.

178 2392 198 2420 2
224 2389 316 2419 Nunc
332 2388 363 2418 iu
385 2387 550 2427 adoptivis,
565 2387 634 2427 ξω]
668 2387 722 2419 An
751 2389 829 2430 qnia

136 2441 168 2471 in
183 2440 300 2471 nativa
327 2438 433 2478 stirpe
458 2437 557 2475 vilia;
593 2448 701 2477 pruno
726 2439 828 2471 insita

133 2491 218 2522 fiunt
233 2490 375 2520 nobilia?
401 2492 438 2519 ut
452 2488 556 2518 habet
569 2488 702 2518 Pallad.
727 2489 784 2520 lib.
797 2493 828 2522 4.

133 2541 252 2572 deins.
282 2539 333 2569 An
349 2540 428 2580 quia
444 2538 476 2568 in
494 2547 552 2568 sua
568 2538 706 2569 Perside
727 2539 828 2570 noxia

133 2596 169 2622 et
191 2598 383 2626 venenosa;
419 2587 478 2618 sed
496 2587 660 2617 translata
683 2592 827 2619 mutato-

136 2650 201 2684 que
214 2640 299 2671 coelo
316 2644 350 2670 et
367 2639 438 2668 solo
455 2637 568 2668 dulcia
584 2637 668 2668 fiunt
688 2647 723 2669 et
738 2639 826 2669 salu-

133 2693 228 2723 bria?
251 2701 293 2722 ex
318 2688 476 2730 opinione
501 2688 706 2720 Columellae.
741 2688 828 2720 Vide

138 2743 261 2774 Alciat.
281 2739 446 2772 Embtem.
474 2741 543 2770 142.
567 2743 599 2770 et
629 2739 746 2770 Claud.
763 2739 828 2771 Mi-

1468 178 1576 219 Mat

885 279 982 310 noem
1000 280 1041 311 ad
1060 281 1148 312 idern
1166 283 1352 313 Emblema.

927 330 1032 362 Epm.
1047 340 1162 363 xmn.
1179 336 1193 363 1
1214 334 1375 364 Picentina
1390 334 1496 373 Ceres]
1515 336 1578 366 Pa-

884 379 934 410 nis
973 381 1173 413 Picentinus
1203 393 1244 413 ex
1272 384 1354 414 alica
1379 394 1436 414 seu
1462 385 1578 416 tritico

883 434 955 469 opt.
977 437 1162 464 macerato.
1203 434 1303 465 Niveo
1319 437 1440 466 nectare
1454 436 1578 476 crescit]

882 480 999 513 Lacte.

915 531 1021 561 EPIG.
1035 540 1162 564 XLvnr.
1175 536 1194 564 2
1204 534 1331 565 Boletos
1342 536 1479 576 mittere]
1492 537 1579 567 Fun-

883 589 1000 620 gorum
1033 591 1137 621 genus
1169 583 1424 617 nobilissimum.
1461 587 1578 627 Epigr.

882 632 935 662 21.
964 631 1069 663 lib.l.
1095 642 1180 664 vers.
1195 636 1226 664 2.
1261 634 1401 676 Difficile
1415 637 1476 676 est]
1506 636 1577 676 Ipsi

884 682 1012 713 malunt
1029 683 1143 722 edere,
1161 693 1261 724 quam
1288 684 1404 716 amicis
1428 686 1575 717 mittere.

881 732 957 771 Vel,
974 733 1052 773 quia
1063 734 1142 765 rari.

925 783 1030 814 Eme.
1045 793 1146 815 xmx.
1170 787 1190 815 2
1209 786 1273 816 Cur
1286 786 1402 826 pocius]
1428 787 1497 818 Cur
1512 796 1578 818 non

881 832 1029 863 uvedula
1042 834 1154 874 potius
1171 844 1268 875 quam
1283 834 1455 867 ficedula?
1477 836 1576 877 Belg.

882 881 1008 922 Snippe.

926 933 1032 964 Eme.
1047 942 1076 965 L.
1101 937 1117 965 1
1144 934 1325 975 Rumpimus
1338 935 1477 967 altricem
1491 939 1574 968 tene-

882 982 930 1022 ro]
955 984 1093 1024 Negant
1111 989 1219 1015 tamen
1237 986 1326 1026 gigni
1350 985 1577 1017 extuberante

883 1038 975 1063 terra
991 1038 1050 1064 aut
1078 1034 1179 1064 rimas
1204 1040 1363 1075 urgente,
1389 1045 1452 1066 nec
1472 1041 1572 1067 terrae

882 1083 1053 1114 cohaerere
1081 1085 1202 1115 tubera
1229 1084 1322 1116 fibris
1350 1090 1408 1116 aut
1436 1087 1573 1126 capilla-

882 1133 1018 1173 mentis,
1032 1133 1164 1165 Plinius
1180 1136 1202 1166 l.
1216 1138 1267 1166 19.
1282 1145 1356 1175 cap.
1368 1139 1399 1167 2.
1416 1136 1570 1168 Dioscor.

882 1183 938 1213 lib.
952 1186 983 1214 2.
1004 1193 1079 1224 cap.
1096 1187 1168 1216 139.
1195 1184 1282 1216 Vide
1306 1189 1342 1216 et
1370 1184 1572 1218 Athenaeum

881 1233 904 1263 l.
921 1235 952 1263 2.

923 1277 943 1306 2
960 1275 1058 1306 Poma
1069 1277 1199 1308 secunda
1211 1277 1330 1317 sumus]
1345 1276 1477 1319 Ἀκύρως
1489 1277 1578 1310 fruc-

881 1329 946 1356 tus.

926 1377 1032 1409 EPIG.
1049 1386 1095 1409 m.
1121 1378 1293 1409 Turdorum
1307 1379 1431 1419 corona]
1449 1380 1576 1411 Obser-

883 1433 939 1459 vat
952 1429 1138 1460 Scriverius
1156 1430 1187 1459 iu
1201 1429 1340 1461 membr.
1353 1430 1419 1470 legi
1434 1441 1441 1461 ε
1462 1431 1576 1462 Turdo-

881 1487 950 1508 rum
962 1479 1096 1509 decuria.
1120 1479 1161 1509 Iu
1180 1479 1341 1510 Arondel.
1357 1486 1433 1511 erat
1450 1486 1577 1513 utrum-

882 1538 969 1568 que:
1013 1529 1183 1559 Turdorum
1211 1530 1336 1560 decuria
1365 1530 1429 1562 sive
1455 1541 1575 1563 corona.

882 1579 1032 1610 Gronov.

927 1633 943 1660 l
968 1630 1065 1660 Tea-ta
1076 1630 1166 1670 rosis,
1181 1630 1248 1670 ἐξα]
1263 1630 1302 1662 In
1316 1631 1576 1663 lautissimorum

881 1680 1043 1710 conviviis
1076 1681 1248 1712 dabantur
1272 1691 1406 1713 coronae
1434 1692 1452 1712 e
1478 1682 1576 1713 nardi

880 1729 970 1761 folio.
1008 1731 1098 1762 Plin.
1130 1731 1186 1763 lib.
1205 1734 1259 1763 21.
1289 1741 1365 1772 cap.
1386 1734 1417 1764 3.
1449 1730 1574 1764 Athen.

879 1780 938 1812 lib.
950 1783 1003 1812 15.

921 1832 941 1860 2
964 1830 1015 1860 De
1029 1830 1143 1870 turdis,
1166 1829 1235 1870 &ej
1262 1830 1378 1871 Epigr.
1392 1833 1447 1862 47.
1467 1831 1523 1862 lib.
1543 1834 1575 1863 3.

878 1888 967 1910 vers·
991 1883 1042 1910 11.
1093 1880 1194 1911 Serta
1225 1881 1399 1911 turdorum
1439 1881 1574 1912 redimi-

881 1929 961 1960 bant
986 1931 1125 1961 lancem.
1159 1930 1222 1960 Vel
1247 1931 1365 1971 accipe
1393 1931 1504 1971 potius
1533 1931 1573 1962 de

878 1979 1000 2010 vimine
1017 1980 1049 2010 in
1072 1980 1188 2010 orbem
1205 1978 1307 2019 flexo,
1333 1990 1352 2010 a
1367 1989 1432 2020 quo
1449 1980 1575 2020 pende-

878 2031 959 2062 bant
975 2032 1076 2062 turdi.
1101 2031 1192 2062 Hinc
1202 2031 1279 2062 mibi
1293 2032 1466 2071 corollam,
1478 2031 1576 2071 dicit,

879 2086 958 2112 texe
972 2095 979 2121 ;
994 2091 1092 2123 quam
1105 2082 1291 2121 etgestabo
1304 2082 1426 2120 libens,
1436 2087 1471 2113 et
1486 2087 1575 2122 post·

879 2141 919 2163 ea
935 2137 1067 2162 coctam
1091 2132 1271 2163 devorabo.
1319 2132 1375 2162 Sic
1397 2132 1496 2163 hodie
1521 2143 1576 2164 co-

878 2193 969 2214 ronae
986 2181 1145 2213 feruntur
1162 2193 1282 2213 venum
1299 2182 1332 2213 in
1349 2182 1472 2224 forum,
1486 2194 1504 2215 e
1526 2185 1575 2215 vi-

878 2233 976 2264 minis
993 2233 1120 2264 circulo
1134 2242 1192 2264 seu
1206 2243 1298 2264 raum
1310 2234 1343 2264 in
1357 2233 1470 2264 orbem
1488 2233 1575 2266 flexo

878 2284 993 2316 factae.
1043 2285 1151 2315 Favet
1186 2284 1262 2315 huic
1298 2284 1575 2324 interpretationi

878 2334 1022 2375 ipsemet
1045 2332 1174 2364 Auctor
1200 2343 1303 2373 supra
1328 2333 1384 2364 lib.
1397 2337 1427 2364 3.
1458 2335 1575 2375 Epigr.

878 2388 931 2417 47.
958 2384 1054 2415 ‘Illic
1067 2393 1226 2415 coronam
1243 2383 1422 2423 pinguibus
1434 2393 1572 2424 gravem

879 2434 1008 2467 turdis.'

906 2487 1011 2516 Epic.
1025 2493 1088 2516 LII.
1104 2487 1123 2515 2
1149 2484 1271 2514 Caetera
1285 2484 1377 2514 redde
1392 2484 1475 2524 coco]
1490 2485 1575 2516 Tan-

877 2547 973 2578 quam
986 2535 1115 2576 saporis
1131 2544 1196 2565 non
1210 2544 1307 2574 aeque
1322 2535 1423 2574 grati.

919 2587 1022 2617 Epm.
1039 2594 1118 2615 Lm.
1163 2584 1332 2624 Apposito
1358 2585 1473 2625 pingui
1504 2589 1573 2616 tur-

877 2643 964 2675 ture,
989 2634 1224 2667 abstinendum
1241 2644 1260 2665 a
1275 2634 1414 2666 lactucis
1438 2635 1522 2666 dicit
1538 2639 1575 2666 et

877 2686 1033 2725 cochleis,
1042 2684 1147 2715 veluti
1159 2683 1343 2723 vilioribus,
1353 2685 1573 2717 stomachum·

882 2747 944 2778 que
963 2734 1164 2767 servandum
1179 2734 1442 2774 delicatioribus.
