1866 3131
379 196 428 223 M.
461 195 571 223 VM..

176 293 215 321 10
241 289 357 327 Pingui
379 289 472 329 ι[ιώιι]
526 289 626 326 0100,
654 291 826 326 unguento

130 350 189 371 seu
218 340 326 370 farina
357 340 522 379 fabarum,
549 349 624 380 quae
649 343 683 369 et
707 338 827 368 faciem

132 391 380 421 commendant.
552 387 558 391 “

176 445 213 471 11
241 441 365 482 Tutum,
389 441 457 480 ἔγω]
495 440 525 472 Α
548 438 777 479 graveolentia
795 442 830 468 et

131 491 299 523 foeditate.

176 546 214 573 12
239 543 356 572 Thaida
382 541 473 572 Thais
496 539 570 580 olet]
594 540 766 580 Impuram
781 539 831 568 lu-

132 603 208 632 pam
226 598 261 623 et
283 592 404 622 olidam
422 600 558 631 capram
576 602 582 619 :
606 600 682 620 nam
711 589 832 620 mulier

132 644 259 684 optimc
275 644 356 681 olet,
374 652 474 682 quum
491 641 572 671 nihil
586 641 667 672 olet.

175 695 277 724 Eme.
311 701 408 723 xcrv.
456 691 584 722 Irridct
620 689 830 730 splendidam

133 743 332 783 Calpetiani,
354 752 423 777 seu,
437 747 474 773 ut
495 742 550 772 alii
568 742 631 782 leg.
658 741 832 781 Calpetanz',

132 794 396 826 mendicitatem.

167 847 182 874 1
211 842 437 883 Chrysendeta]
494 843 622 873 Lances
657 853 738 873 auro
765 843 829 873 cir-

129 894 340 926 cumvinctae.
367 895 624 935 Epigrammate
645 897 698 924 43.
723 894 781 925 lib.
798 897 828 924 2.

133 954 218 976 vers.
237 948 286 976 ll.

604 192 878 223 MARTIAMS
915 193 1074 222 tiriGu.
1109 193 1202 221 Llss.
1235 192 1319 221 VII.

1471 180 1488 220 1
1500 181 1584 221 275

924 288 942 315 3
967 285 1094 316 Stabulo
1115 296 1244 326 semper,
1267 285 1335 326 Qu]
1374 284 1583 325 Diversorio,

882 336 1062 375 πανδοχεῖῳ.
1108 334 1521 376 stabularius,ravSoxebs.

925 391 943 418 4
971 388 1042 417 Non
1059 387 1160 420 habet.
1175 387 1241 427 Kyta]
1276 387 1373 417 Itane
1394 387 1504 417 lautus
1519 390 1583 424 est,

885 443 923 469 ut
950 439 1108 476 gemmeis
1141 437 1317 478 aureisque
1347 437 1464 468 bibat?
1509 437 1583 466 Non

884 477 987 528 habel,
1010 486 1078 527 lya]
1104 488 1206 526 Resp.
1227 486 1354 517 Poeta:
1380 487 1486 516 Immo
1509 486 1584 517 liaec

885 549 951 570 non
967 542 1044 568 sunt
1067 538 1183 578 ipsius,
1205 537 1261 567 sed
1287 542 1403 567 mutuo
1425 542 1582 577 sumpta:

885 589 958 629 ipse
986 589 1087 626 enim,
1109 597 1171 618 nec
1194 597 1307 624 aurea,
1332 597 1393 618 nec
1410 593 1584 627 argentea,

887 638 998 669 Codro
1016 637 1210 678 pauperior,
1222 637 1384 677 possidet.
1405 637 1480 667 Nisi
1496 637 1585 669 forte

886 690 988 721 etiam
1007 689 1144 729 oblique
1168 689 1239 719 lraec
1263 688 1333 728 ipse
1356 689 1584 727 chrysendeta

886 740 978 772 furto
992 741 1105 771 ablata
1120 740 1231 770 velita
1247 739 1460 779 Calpetiano.
1490 740 1582 769 Mar-

887 791 976 822 tialis
1004 791 1093 820 enim
1124 800 1223 830 quum
1249 788 1346 828 dicit,
1367 789 1454 820 ‘non
1479 789 1584 820 habet

884 842 1002 879 suum‚’
1027 851 1106 880 ergo
1134 841 1292 878 alienum,
1322 849 1385 870 nec
1416 839 1583 880 quomodo

886 893 1030 923 alienum
1047 891 1198 932 exponit,
1213 890 1272 921 sed
1290 890 1450 932 relinquit
1466 890 1585 920 lectori

885 942 1115 983 cogitandum.

396 1245 936 1293 EPIGRAMMATU
947 1246 1009 1292 M
1050 1246 1191 1293 LIB.
1222 1245 1341 1292 VII.

172 1373 278 1405 Eme.
297 1383 320 1405 1.
355 1377 370 1405 1
396 1374 508 1415 Accipe
523 1375 694 1416 belligerae]
718 1376 830 1407 Domi-

131 1423 239 1454 tianus
256 1425 287 1455 in
310 1425 542 1465 expeditione,
566 1436 665 1466 quam
682 1427 831 1466 suscepit

129 1473 290 1504 adversus
319 1475 488 1505 Sarmatas
517 1486 575 1506 seu
598 1477 720 1514 Dacos,
744 1477 832 1508 infra

132 1533 218 1554 vers.
236 1528 266 1555 8.
287 1525 419 1555 videtur
436 1525 498 1556 sibi
516 1525 588 1556 fieri
604 1536 739 1557 curasse
755 1528 831 1558 lori-

133 1582 219 1611 cam,
243 1574 349 1604 instar
374 1574 509 1614 AEgidos
537 1577 715 1616 Minervae,
734 1588 831 1618 quam

132 1624 352 1663 peculiariter
367 1626 485 1663 coluit,
499 1632 533 1655 ct
550 1627 647 1666 cujus
670 1637 705 1657 se
726 1628 831 1658 filium

131 1683 205 1704 esse
234 1674 353 1705 voluit.
400 1676 520 1705 Lorica
549 1682 662 1706 autem
694 1677 766 1708 haec
797 1683 832 1708 et

131 1724 297 1755 Minervae
315 1724 436 1764 aegida,
460 1735 501 1756 ex
520 1735 697 1766 squamoso
714 1728 831 1758 draco-

132 1784 210 1805 num
224 1777 314 1805 corio
331 1781 536 1815 contextam,
554 1779 829 1817 repiwsentavit:

132 1826 184 1856 vel
202 1826 425 1856 Sarmaticum
455 1828 607 1867 thoraca,
628 1828 670 1859 de
688 1839 755 1869 quo
772 1828 832 1860 inf.

133 1886 218 1907 vers.
246 1879 275 1907 »1.
319 1877 446 1916 Accipe]
471 1877 614 1918 Accipe,
650 1880 776 1919 Caesar,
799 1884 834 1910 et

132 1925 234 1956 indue
263 1926 398 1957 loricam
428 1928 722 1967 impenetrabilem
756 1930 831 1960 telis

132 1976 303 2017 belligera}
327 1979 512 2017 Minervae3
537 1985 590 2010 est
606 1981 694 2010 enim
717 1986 833 2021 togata

130 2032 167 2058 et
194 2027 349 2058 militaris
370 2029 538 2062 Minerva.
587 2032 736 2069 Crudum,
763 2033 830 2073 ὄζω]

130 2078 360 2111 Militaremne
391 2085 426 2111 et
447 2081 600 2121 crudum,
625 2087 662 2113 ut
691 2083 832 2114 volunt?

130 2139 171 2159 an
194 2130 332 2170 respicit
358 2131 481 2171 primos
509 2132 664 2164 thoracas
686 2142 704 2164 e
722 2133 834 2164 crudis

131 2179 210 2209 loris
227 2180 389 2220 corioque
407 2181 606 2213 confectos?

174 2231 193 2259 2
218 2229 290 2269 Ipsa
316 2231 572 2272 Med11.3oeoe‚25·c.]
595 2233 704 2264 Quem
721 2234 834 2274 velip-

132 2287 169 2308 sa
199 2278 363 2310 Minervae
394 2280 500 2320 AEgis‚
532 2283 686 2314 Medusae
719 2284 833 2323 capite

131 2327 507 2367 formidabilis,ti1ueat.
534 2333 667 2363 Farnab.
711 2334 833 2364 Medu-

131 2387 197 2409 saea
211 2379 336 2409 dicitnr
353 2380 480 2417 Panas,
497 2383 584 2423 quod
602 2383 751 2414 Palladis
768 2394 832 2424 ope

131 2429 276 2459 Perseus
296 2429 474 2462 Medusam
488 2432 711 2465 interfecerit.
759 2435 833 2465 Me-

132 2478 229 2518 dusa,
243 2489 307 2510 una
319 2490 359 2510 ex
378 2480 604 2522 Gorgonibus,
620 2483 688 2514 filia
703 2485 831 2515 Phorbi

131 2528 215 2559 fuit:
241 2539 369 2561 comam
394 2532 467 2571 ejus
487 2534 590 2564 vertit
607 2534 638 2564 in
655 2540 832 2574 serpentes

133 2579 267 2617 Pallas;
290 2581 338 2610 ori
365 2581 462 2613 dedit
489 2583 574 2614 hanc
602 2585 678 2624 vim,
702 2590 752 2624 ut,
774 2586 831 2626 qui

132 2629 213 2660 illud
231 2631 435 2672 aspicerent,
457 2634 489 2663 iu
512 2635 644 2675 lapides
661 2642 831 2668 verteren-

134 2684 198 2711 tur.
225 2680 306 2712 Rad.

175 2732 194 2759 3
223 2730 303 2761 Dum
329 2736 415 2763 vacat
445 2734 517 2773 lnce,
545 2735 611 2775 δικ]
636 2735 832 2775 Quan1‚ubi

886 1387 950 1408 non
979 1382 1131 1418 gestatur
1159 1389 1178 1409 a
1209 1378 1419 1417 Domitiano,
1449 1376 1586 1407 loricam

887 1438 1009 1468 voces;
1031 1439 1105 1460 cum
1124 1434 1235 1461 autem
1251 1429 1400 1460 induerit
1422 1439 1495 1459 eam
1513 1428 1586 1459 Cae-

887 1479 1033 1518 sar,jam
1051 1479 1143 1520 AEgis
1156 1481 1234 1511 erit.
1270 1481 1327 1511 Dii
1343 1481 1432 1510 enim
1450 1478 1586 1518 AEgidas

887 1532 1044 1567 gestant;
1070 1530 1229 1560 mortales
1247 1540 1338 1568 vero,
1354 1530 1484 1560 loricas.
1531 1527 1586 1557 ΑΞ·

888 1578 937 1618 gis
955 1578 1091 1618 proprie
1105 1580 1349 1610 munimentum
1366 1585 1419 1610 est
1436 1578 1586 1619 pectoris

888 1637 1012 1657 aereum
1029 1639 1048 1658 a
1064 1628 1217 1659 Vulcano
1230 1629 1445 1669 fabricatum,
1460 1629 1587 1660 habens

887 1678 918 1708 in
938 1678 1047 1709 medio
1064 1679 1234 1719 Gorgonis
1250 1685 1363 1721 caput.

928 1731 946 1759 4
972 1728 1067 1760 Sacro
1082 1731 1208 1768 sederit,
1231 1731 1300 1770 Sym]
1331 1730 1528 1769 Domitiani,
1543 1741 1586 1761 ἱρ-

887 1788 951 1819 que
974 1779 1054 1818 Dei,
1079 1789 1118 1810 ac
1144 1781 1310 1811 Minervae
1332 1785 1367 1811 et
1386 1781 1493 1818 Jovis,
1508 1791 1588 1822 quo-

888 1838 959 1859 rum
979 1830 1158 1868 peculiaris
1174 1830 1288 1870 AEgis:
1313 1841 1415 1871 supra
1433 1841 1519 1861 vers.
1538 1834 1566 1861 1.
1599 1833 1604 1836 ”

931 1879 1034 1910 EPiG.
1052 1888 1092 1910 11.
1139 1883 1154 1910 1
1181 1880 1289 1920 Invia]
1314 1881 1529 1912 Domitianus
1544 1882 1586 1911 ad

887 1929 1021 1959 modum
1036 1930 1303 1962 Sarmaticarum
1320 1932 1499 1963 loricarum
1523 1932 1586 1963 sibi

887 1981 1057 2011 thoracem
1085 1980 1157 2012 fieri
1183 1987 1331 2014 curarat.
1386 1983 1586 2014 Sarmaticae

887 2036 1003 2062 autem
1040 2032 1152 2063 loricae
1192 2037 1259 2064 tam
1295 2034 1386 2064 durae
1411 2039 1447 2065 et
1482 2034 1586 2065 firmae

888 2086 998 2120 erant,
1029 2086 1066 2112 ut
1097 2083 1185 2113 ictus
1218 2093 1331 2115 omnes
1368 2085 1589 2124 sustinerent,

888 2133 975 2173 quod
997 2137 1145 2164 testatur
1166 2135 1312 2166 Pausan.
1334 2136 1391 2167 lib.
1411 2139 1438 2166 1.
1485 2136 1589 2167 Varia

889 2193 968 2214 vero
987 2193 1112 2224 genera
1129 2185 1308 2216 loricarum
1330 2185 1516 2216 celebravit
1531 2195 1588 2216 au-

889 2234 1046 2274 tiquitas:
1085 2244 1160 2265 narn
1190 2235 1310 2274 lineas,
1339 2236 1523 2275 coriaceas,
1546 2245 1589 2266 ae-

889 2293 982 2323 neaS,
1013 2294 1052 2314 ac
1084 2283 1212 2316 ferreas
1235 2284 1338 2316 fuisse
1365 2290 1520 2316 constat:
1546 2285 1588 2316 de

888 2334 1026 2374 singulis
1043 2335 1273 2374 copiosissime
1286 2335 1486 2375 Lipsiuslib.
1503 2337 1533 2367 3.
1546 2336 1587 2366 de

888 2385 991 2416 Milit.
1020 2385 1115 2415 Rom.
1140 2385 1231 2415 Dial.
1255 2388 1287 2416 6.
1333 2386 1384 2416 De
1416 2386 1587 2418 Sarmata-

889 2443 973 2472 rum,
990 2443 1049 2464 seu
1066 2434 1285 2473 Polunorum,
1300 2440 1337 2466 ut
1356 2435 1456 2466 hodie
1471 2437 1587 2477 appel-

888 2484 1010 2523 lantur,
1034 2484 1121 2522 telis,
1137 2493 1229 2524 saepe
1247 2484 1349 2516 Ovid.
1362 2485 1417 2516 lib.
1434 2485 1476 2516 de
1492 2486 1587 2517 Tris-

889 2534 950 2565 tib.
969 2538 1003 2564 et
1024 2533 1065 2564 de
1083 2534 1205 2565 Ponto.
1230 2535 1311 2566 Rad.
1356 2535 1470 2566 Lorica
1484 2537 1586 2575 sagit--

887 2584 943 2623 tis]
967 2585 1078 2623 Supra
1095 2593 1180 2614 vers.
1196 2587 1226 2616 1.

930 2637 949 2664 2
973 2633 1092 2664 Martis
1108 2634 1234 2675 Getico]
1260 2635 1337 2674 Qui,
1351 2635 1506 2668 loricatus
1519 2642 1586 2669 tet·-

886 2693 979 2723 gore,
993 2684 1117 2714 colitur
1130 2694 1149 2714 a
1166 2684 1278 2724 Getis,
1296 2686 1348 2717 vel
1370 2686 1428 2728 qui
1445 2696 1463 2718 e
1484 2688 1585 2719 Getis

885 2732 1046 2765 oriundus
1073 2738 1135 2765 est.
1193 2734 1390 2776 Atnplificat
1424 2737 1582 2771 duritiem
