1866 3131
267 178 377 218 1352*

267 284 308 313 ad
337 289 370 314 te
400 284 561 325 pertinet.
611 285 718 316 Eleum
744 285 804 325 est]
840 286 954 317 Vitam

267 343 374 365 meam
392 340 538 374 spectat,
552 345 660 366 mores
670 345 761 366 meos
777 336 912 366 format.

309 388 329 416 9
352 386 423 416 Non
439 386 486 415 hic
503 386 684 422 Centauros,
698 386 766 426 Spa]
790 387 888 417 Meus
904 386 955 416 hic

268 436 352 466 liber
368 446 433 466 nou
458 436 588 467 fabulas
601 437 731 467 nubilas
747 442 780 467 et
797 442 956 467 monstro-

266 497 317 517 sas
334 488 458 527 garrit:
484 487 542 518 sed
570 487 668 518 vitam
691 487 868 517 humanam
886 495 956 516 cor-

264 537 345 578 rigit
357 544 391 568 et
404 538 559 570 institnit.

310 590 349 618 12
373 588 474 627 Legas
500 589 580 619 αἴτια
596 589 792 628 Callimachi]
816 588 957 619 Ironice.

268 638 491 669 Callimachus
508 644 617 670 autem
632 639 768 678 scripsit
783 639 900 668 librum
917 638 958 668 de

268 690 478 730 Originibus,
494 691 621 727 Causis,
639 695 673 721 et
690 691 825 720 Ritibus
841 690 958 720 Sacro-

266 751 464 782 rum,qnem
491 742 668 780 inscripsit
683 741 726 771 Τὰ
749 741 848 771 Αἴτια.
872 741 958 771 Vide

266 791 513 830 Coel.R110dig.
530 792 588 821 lib.
608 795 657 822 12.
675 800 749 830 cap.
766 794 795 820 1.
817 791 958 830 Gyrald.

265 841 402 881 Dialog.
415 844 444 871 3.
461 841 552 871 Hist.
567 841 812 873 JaniParrhas.
828 840 958 872 Variar.

265 891 393 922 Aunot.
410 891 599 922 Obscurum
623 891 705 921 illud
730 896 765 922 et
790 900 957 921 morosum

265 951 347 982 opus
364 942 521 972 historias
540 942 580 973 ab
598 942 686 972 omni
702 942 895 981 cognitione
908 950 957 971 re-

264 997 372 1023 motas
389 994 576 1031 continens,
589 992 677 1034 quod
691 992 890 1032 Propertius
901 992 958 1023 lib.

264 1045 295 1072 2.
322 1048 423 1073 vocat
456 1043 607 1073 ‘somnia
634 1041 857 1081 Gallim-achis
882 1042 959 1082 quia

264 1091 431 1132 scripturo
454 1092 515 1123 sibi
542 1092 641 1123 finxit
658 1101 718 1132 per
736 1101 886 1122 somnum
903 1091 958 1122 ad-

263 1141 365 1173 fuisse
382 1143 511 1173 Musas.
556 1143 644 1173 Vide
658 1142 842 1183 Antholog.
859 1143 916 1172 lib.
931 1145 958 1172 l.

264 1202 337 1233 cap.
354 1195 406 1223 67.
424 1198 458 1223 et
475 1192 533 1222 lib.
551 1195 580 1223 3.
600 1202 676 1232 cap.
694 1195 748 1223 25.
765 1191 805 1223 εἷς
820 1191 956 1229 ποιητάς.

264 1242 415 1273 Turneb.
427 1242 487 1273 lib.
500 1245 552 1272 30.
566 1241 712 1273 Advers.
729 1251 805 1282 cap.
821 1244 872 1272 30.

307 1293 410 1323 EP1G.
429 1302 460 1324 v.
491 1294 591 1323 Diras
612 1302 726 1322 omnes
753 1293 958 1332 imprecatur

263 1341 441 1382 impostori
463 1347 496 1373 et
513 1342 744 1382 sycophantae,
761 1342 817 1382 qui
839 1342 958 1373 Marti-

266 1393 326 1423 alis
341 1393 473 1423 nomine
499 1391 661 1432 vulgabat
686 1391 869 1422 maledicos
884 1402 957 1422 ver-

263 1452 330 1481 sus,
345 1443 377 1473 in
392 1444 499 1474 claros
516 1443 603 1472 viros
617 1446 865 1483 matronasque.

307 1496 323 1524 1
349 1492 494 1532 Seolaece]
542 1493 788 1531 Matronarum,
821 1501 957 1533 quarum

262 1548 314 1574 est
329 1545 425 1576 stola.
469 1544 659 1583 Parparaeve
674 1543 876 1583 contemptor]
901 1544 958 1573 Se-

264 1600 432 1632 natorum,
448 1600 581 1634 patrum
600 1598 873 1633 purpuratorum.

305 1648 325 1675 2
352 1645 444 1675 Loesit
464 1644 557 1684 impio
574 1644 677 1684 tersa]
705 1644 815 1683 Supra
838 1644 958 1685 Epigr.

264 1699 295 1727 3.
308 1705 357 1727 vs.
375 1700 405 1726 5.
421 1701 455 1726 et
468 1695 584 1735 Epigr.
601 1698 650 1725 11.
669 1695 754 1725 libro
769 1697 799 1726 7.

305 1749 323 1777 3
349 1746 459 1786 Erret]
492 1745 681 1785 Redigatur
705 1745 746 1775 ad
773 1750 958 1776 extremam

262 1795 534 1827 mendicitatem:
562 1795 652 1824 ultra
667 1793 820 1834 infraque
840 1795 958 1824 vilissi-

261 1855 349 1876 mam
377 1844 686 1875 mendicabnlorum
722 1843 957 1882 conditionem,

263 1895 318 1925 cui
339 1904 403 1926 nec
421 1894 518 1925 sedes
533 1903 595 1924 nec
619 1894 714 1934 stipis
731 1903 807 1933 spes
823 1894 857 1924 iu
875 1903 956 1933 pon-

264 1945 367 1976 tibus.

303 1998 323 2026 4
348 1993 534 2034 Rogatores]
556 1993 746 2024 Mendicos.

305 2049 323 2076 5
350 2045 486 2075 Carrinas
499 2044 599 2084 panis,
622 2043 691 2083 &ej
715 2042 864 2074 Canibus
882 2053 957 2083 pro-

255 2095 436 2135 jiciendas,
462 2100 496 2124 ut
512 2104 585 2135 qnae
612 2093 789 2134 genuinum
814 2094 957 2132 agitent.

262 2144 414 2185 Improbi]
451 2144 568 2174 Multis
594 2145 724 2174 miseris
754 2144 911 2183 precibus
940 2154 958 2175 a

260 2195 449 2225 viatoribus
468 2194 605 2225 extorti.
651 2192 788 2232 Buccas]
814 2194 959 2234 Buccas,

261 2247 446 2278 buccellas.

303 2300 324 2328 6
348 2297 402 2327 Illi
415 2296 586 2326 December
601 2294 722 2334 longus]
740 2295 887 2335 Longam
901 2304 958 2326 ex-

263 2346 417 2386 periatur
433 2346 585 2386 hyemem
604 2345 636 2375 iu
654 2346 741 2376 cella
758 2345 894 2385 frigida.

304 2399 323 2426 7
349 2396 538 2435 Claususque
554 2395 683 2435 fornix]
707 2397 774 2426 Per
797 2395 884 2426 diem
913 2395 959 2425 la-

262 2450 334 2476 teat
350 2445 439 2475 domi
453 2445 514 2474 sub
530 2444 651 2484 frigido
665 2445 808 2483 fornice,
822 2444 900 2475 foco
917 2446 960 2475 si-

260 2505 303 2526 ne
326 2495 492 2525 Vulcano.
538 2495 666 2525 Cellam
692 2505 771 2535 ergo
791 2495 959 2535 iutelligit,

261 2554 359 2585 quam
388 2544 450 2574 sibi
480 2553 646 2584 pauperes
674 2551 771 2576 certa
798 2546 958 2586 pensione

264 2594 514 2625 conducebant.

304 2648 323 2674 8
351 2644 443 2674 Vocet
469 2644 582 2683 beatos,
606 2644 675 2683 δῖα]
709 2645 864 2676 Mortuos
888 2654 958 2686 prae

263 2703 299 2725 se
317 2694 433 2725 beatos
450 2695 625 2734 praedicet.

307 2747 327 2775 9
352 2745 535 2784 Orciniana,
558 2745 624 2786 tra]
657 2745 851 2787 Sandapila,
873 2745 958 2778 fere-

722 189 857 220 NOTAE
891 191 1073 220 valum}
1085 192 1106 220 U
1121 192 1150 219 M
1187 192 1235 220 IN

1007 290 1079 316 tro:
1105 285 1144 316 ab
1174 286 1267 317 Orco
1298 286 1351 316 vel
1379 283 1474 325 ἕρκος.
1498 284 1584 315 Vide
1611 284 1693 315 Coei.

1006 335 1113 366 Rhod.
1130 335 1187 366 lih.
1205 337 1255 366 10.
1272 345 1346 375 cap.
1365 338 1414 366 18.

1052 388 1087 415 ll
1114 385 1248 425 Diesque
1274 385 1395 424 tardus]
1432 384 1567 424 Mortis,
1598 393 1696 425 quam

1004 436 1075 475 jam
1093 435 1216 465 dudum
1233 436 1318 466 votis
1341 435 1534 475 expetebat.
1579 434 1698 465 Sentiat

1008 496 1116 516 canum
1145 486 1243 525 litem]
1280 486 1476 516 Dilanietur
1503 494 1521 514 a
1548 483 1697 515 canibus.

1011 536 1161 576 Vel‚jam
1179 536 1279 566 morti
1304 536 1447 572 vicinus,
1464 535 1579 566 audiat
1595 535 1635 565 de
1652 544 1700 565 os-

1010 586 1100 617 sibus
1117 588 1184 617 suis
1201 592 1236 618 et
1250 587 1413 618 cadavere
1431 585 1647 616 distrahendo
1663 585 1699 615 li-

1011 638 1159 677 tigantes
1176 647 1289 675 canes,
1316 628 1456 678 q'uorum
1483 641 1617 667 ventres
1639 644 1699 676 pro

1010 688 1189 729 sepulchro
1206 689 1378 719 sortiatur.

1055 742 1092 770 12
1115 739 1303 779 Abigatque,
1318 738 1386 778 850³]
1409 738 1484 769 Fiat
1499 736 1617 778 praeda
1632 736 1699 766 avi-

1010 790 1083 820 bus.
1128 790 1238 820 Credo
1255 789 1375 829 ejectis
1388 788 1613 819 maleficorum
1629 796 1701 817 cor-

1013 840 1158 880 poribus,
1174 850 1238 880 quo
1259 840 1385 870 diutius
1404 842 1639 879 putrescerent
1654 838 1702 867 in-

1012 891 1155 930 sepulta,
1185 889 1302 920 affixos
1332 895 1368 920 et
1405 898 1568 929 appensos
1600 886 1701 918 fuisse

1011 950 1135 980 pannos
1166 940 1208 970 ad
1245 946 1406 970 terrorem
1439 941 1571 969 avium:
1611 938 1700 979 quod

1011 991 1100 1029 apud
1117 1000 1176 1021 nos
1193 990 1320 1021 factum
1338 990 1487 1020 videmus
1503 991 1535 1020 in
1548 988 1654 1019 hortis
1667 992 1702 1017 ct

1011 1042 1098 1082 agris
1115 1052 1134 1072 a
1150 1046 1312 1072 semente.

1055 1095 1092 1122 13
1117 1093 1183 1122 Nec
1194 1092 1365 1132 finiantur,
1386 1091 1452 1130 erin]
1486 1089 1561 1120 Nec
1585 1088 1700 1119 mortis

1010 1152 1124 1182 poenas
1138 1152 1224 1173 mors
1242 1142 1357 1172 ultima
1373 1141 1479 1179 finiat,
1492 1142 1554 1170 διο.
1600 1139 1702 1169 Ovio.

1010 1193 1043 1223 in
1059 1193 1156 1223 Ibin:
1183 1192 1270 1222 unde
1296 1192 1408 1222 multae
1438 1190 1553 1222 Nostri
1569 1189 1621 1220 hic
1644 1189 1702 1219 irn-

1009 1243 1238 1282 precationes,

1053 1295 1092 1322 14
1115 1292 1234 1330 Set-eri,
1250 1291 1319 1331 Cym]
1345 1291 1396 1321 Ex
1411 1290 1581 1321 sententia
1600 1288 1704 1325 AEaci,

1009 1351 1051 1372 ex
1073 1341 1195 1372 inferni
1214 1341 1390 1382 judicibus
1416 1341 1525 1378 unius,
1543 1340 1575 1369 in
1591 1349 1702 1379 poenas

1008 1394 1182 1433 ingeniosi.
1227 1393 1283 1423 Sic
1313 1392 1414 1423 Ovid.
1453 1393 1461 1408 ‘
1476 1390 1589 1422 Noxia
1614 1390 1703 1420 mille

1008 1444 1116 1473 modis
1131 1443 1292 1473 lacerabit
1308 1442 1468 1479 membra,
1493 1446 1633 1482 tuasque
1649 1440 1703 1470 AE-

1009 1503 1086 1524 acus
1104 1493 1135 1523 iu
1153 1502 1268 1533 poenas
1294 1492 1485 1533 ingeniosus
1502 1491 1587 1521 erit.5
1631 1490 1703 1521 Sec—

1008 1547 1057 1574 tus
1071 1543 1161 1583 loris]
1183 1544 1238 1574 Sic
1250 1544 1373 1574 Horat.
1399 1546 1407 1560 ‘
1423 1542 1544 1573 Sectus
1561 1539 1704 1582 flagellis

1007 1593 1061 1624 hic
1079 1592 1364 1624 triumviralibus!

1053 1647 1090 1674 15
1110 1644 1217 1674 Monte
1229 1642 1354 1683 Sisyphi
1365 1641 1498 1682 pressus]
1513 1641 1600 1671 Saxo
1614 1640 1702 1682 quod

1009 1695 1115 1725 volvit
1130 1693 1302 1734 Sisyphus.

1052 1747 1091 1774 16
1117 1744 1258 1782 Garraii,
1273 1743 1342 1782 ἔξω]
1374 1742 1522 1778 Tantali,
1549 1741 1602 1772 cui
1630 1741 1704 1772 sitis

1008 1792 1168 1834 famisque
1184 1802 1299 1832 poenas
1317 1791 1453 1832 garrula
1468 1792 1581 1830 lingua
1597 1790 1705 1821 dedit.

1052 1846 1090 1873 17
1114 1843 1268 1880 Delasset,
1284 1841 1350 1880 ξω]
1377 1841 1583 1871 Exerceatur
1600 1841 1705 1880 poenis

1008 1893 1167 1931 omnium,
1182 1902 1265 1933 quos
1282 1892 1393 1932 poetae
1409 1891 1541 1931 fingunt
1557 1891 1643 1931 apud
1657 1891 1704 1921 iu-

1007 1941 1098 1973 feros
1116 1942 1280 1982 torqueri.

1052 1994 1091 2022 18
1115 1992 1237 2029 Fateri,
1260 1990 1328 2030 ἀι]
1352 1991 1406 2021 Ita
1432 1990 1533 2021 Ovid.
1554 1991 1587 2021 in
1605 1991 1705 2024 Ibin:

1005 2042 1083 2073 ‘Sic
1101 2042 1162 2072 tibi
1180 2042 1222 2072 de
1247 2041 1357 2072 Furiis
1380 2041 1511 2071 scindet
1527 2042 1616 2072 latus
1642 2052 1705 2072 una

1007 2093 1155 2134 flagello,
1173 2093 1220 2124 Ut
1235 2093 1372 2123 sceleris
1390 2102 1551 2123 memores
1568 2092 1705 2124 coufite-

1009 2153 1067 2175 are
1085 2142 1158 2174 tui.'
1202 2144 1247 2174 Et
1266 2143 1384 2183 Virgil.
1400 2146 1430 2173 6.
1446 2143 1572 2174 ffineid.

1052 2197 1091 2225 19
1115 2193 1248 2233 Scripsi]
1271 2194 1343 2233 Ego
1363 2193 1453 2223 edidi
1478 2195 1549 2224 haec
1577 2193 1706 2224 famosa

1010 2244 1166 2276 Carmina
1185 2244 1245 2274 suh
1264 2244 1396 2273 nomine
1412 2244 1593 2274 Martialis.

1052 2295 1258 2324 Ep1c.x-1.1
1287 2294 1406 2329 Quibus
1432 2293 1524 2333 urna]
1550 2294 1704 2326 Raderns

1008 2344 1062 2374 hic
1086 2343 1246 2374 ‘urnam’
1274 2344 1375 2374 vitam
1403 2345 1563 2384 exponit3
1588 2346 1635 2375 sic
1669 2350 1705 2376 ut

1009 2394 1101 2424 dicat
1118 2392 1235 2423 felices
1262 2403 1334 2433 eos,
1362 2395 1430 2434 qui,
1455 2394 1603 2425 nondum
1621 2405 1704 2427 urna

1009 2443 1113 2473 clausi
1129 2449 1163 2473 et
1179 2443 1312 2481 mortui,
1327 2444 1443 2474 videre
1456 2449 1615 2484 poterunt
1627 2455 1705 2476 ven-

1009 2498 1118 2524 turum
1138 2494 1170 2523 iu
1189 2494 1303 2524 urbem
1320 2494 1510 2534 Trajanum.
1555 2496 1618 2526 Vel
1636 2499 1705 2527 ‘ur-

1009 2543 1071 2573 na'
1101 2553 1159 2583 pro
1187 2549 1298 2574 sorte:
1325 2544 1456 2574 Felices
1485 2545 1556 2576 scil.
1585 2547 1704 2586 quibus

1008 2599 1099 2625 sorte
1116 2594 1259 2634 quadam
1275 2593 1361 2624 bona
1373 2595 1560 2633 continget,
1575 2600 1611 2626 ut
1625 2596 1704 2627 Tra-

1004 2644 1121 2684 jauum
1153 2643 1268 2673 videre
1301 2649 1449 2683 possent,
1476 2644 1564 2684 quod
1596 2655 1703 2686 neque

1010 2694 1092 2724 vivis
1109 2694 1261 2724 omnibus
1279 2694 1419 2732 licet‚ut
1435 2695 1540 2724 oculis
1556 2696 1621 2725 suis
1638 2696 1703 2726 lm-

1010 2749 1201 2786 perator-em
1216 2749 1383 2785 spectent.
1428 2745 1503 2784 Vel,
1519 2745 1610 2776 Urna
1626 2747 1703 2778 vit'ae
