1866 3131
368 183 415 211 M.
451 183 560 211 VAL.

112 278 165 305 tor
192 274 400 316 nuntiusque
422 276 467 306 sit
490 275 665 316 triumphi,
684 278 719 305 et
736 284 813 305 mox

112 324 240 356 veniat.
266 324 350 356 Rad.

157 377 172 405 1
211 375 434 416 Hyperboreis,
457 376 524 416 8512]
581 376 607 407 A
641 376 816 415 Sarmatis,

114 424 170 465 qui
186 424 420 465 septentrioni
438 426 583 457 finitimi.

156 478 175 505 2
202 475 355 506 Ausonias
386 478 508 516 Caesar',
529 476 598 517 Era]
636 476 752 516 Italas,
774 476 815 507 ab

115 524 265 565 Ausone,
282 527 412 567 Ulyssis
427 533 462 557 et
479 527 643 567 Calypsus
658 527 740 559 filio.

157 579 175 606 3
202 576 315 607 Certus
343 577 427 607 abest
461 577 584 617 auctor]
630 577 816 608 Auctorem

114 634 247 659 certum
280 638 346 659 non
378 629 559 667 habemus;
583 629 673 659 fama
704 634 817 659 tamen

116 683 277 710 constans
302 684 366 719 est,
388 685 422 711 et
447 677 545 710 famae
570 678 672 710 fidem
693 679 816 710 habere

116 729 224 760 lubet.

156 784 174 810 5
200 780 346 820 Publica]
379 780 415 811 Si
443 781 567 811 litterae
584 780 723 810 Romam
739 781 815 811 mis·

115 842 160 862 sae
193 837 362 862 testantur
399 838 575 862 venturum
611 831 816 871 principem,

114 882 194 924 quid
226 888 276 913 est
301 882 388 923 quod
416 882 523 921 dicat,
546 884 554 899 ⁴
572 882 694 913 Certus
717 882 816 912 abest

114 931 264 963 auctor?
310 933 458 963 Litteras
476 932 628 971 intellige
646 932 760 962 missas
774 932 816 962 de

114 984 259 1015 victoria
283 984 426 1014 Cwsaris
451 983 611 1013 adversus
637 982 819 1020 Sarmatas,

113 1042 179 1063 non
207 1033 250 1063 de
275 1033 444 1064 adventu:
474 1042 676 1073 quamquam
705 1031 818 1062 Poeta

118 1090 211 1115 recte
229 1083 399 1124 conjiciat,
425 1089 605 1114 venturum
625 1082 817 1122 principem

117 1134 208 1165 bello
239 1138 390 1175 patrato,
423 1138 623 1173 argumento
651 1142 669 1162 a
692 1132 820 1163 littera-

116 1193 188 1215 rum
207 1184 400 1215 testimonio
418 1183 532 1214 (lucto.
583 1182 733 1213 Victrices
759 1187 819 1213 tes-

116 1238 235 1273 tantur,
248 1235 319 1275 ὅγε]
347 1235 522 1265 Laureatae
550 1234 673 1272 literae,
695 1232 737 1264 ad
761 1234 820 1264 Se-

116 1291 231 1316 natum
246 1286 366 1323 missae,
385 1284 536 1315 victoriae
551 1283 690 1314 indices.

158 1338 178 1366 6
201 1334 468 1375 L‹1u1·igera,85c.]
495 1334 570 1364 Pila
586 1340 621 1365 et
636 1334 745 1364 hastae
761 1333 820 1364 mi-

115 1385 212 1416 litum
244 1385 421 1417 victoriam
454 1389 626 1416 testantur
653 1385 819 1415 laureata.

116 1437 227 1467 Lauro
254 1437 343 1467 enim
371 1442 406 1466 et
430 1434 606 1466 frondibus
637 1433 736 1465 festis
767 1444 818 1465 or-

115 1486 284 1518 nabantur
300 1486 367 1526 pila
383 1486 416 1515 ἐν
430 1488 641 1525 κατορθώμασι
656 1484 706 1515 καὶ
715 1484 819 1517 νίκαις.

118 1537 209 1568 ΡΙὶη.
226 1538 284 1568 lib.
309 1539 361 1568 35.
386 1547 461 1577 cap.
479 1537 542 1567 ult.
567 1538 576 1553 ‘
594 1536 674 1576 Ipsa
690 1536 819 1576 pacife-

118 1597 157 1618 ra
185 1587 313 1628 [laurus
327 1587 428 1627 scil.],
462 1591 499 1617 ut
526 1596 626 1626 quam
650 1586 820 1626 praetendi

119 1638 220 1668 etiam
239 1637 328 1668 inter
340 1643 484 1667 armatos
495 1636 758 1677 hostes,quietis
775 1636 820 1667 sit

119 1687 290 1718 indicium.
311 1687 472 1718 Romanis
489 1687 673 1727 praecipuae
690 1687 820 1718 laetitiae

120 1739 408 1779 victoriarumque
424 1738 548 1768 nuncia
569 1737 706 1768 additur
728 1738 820 1768 litte-

121 1789 179 1827 ris,
228 1794 263 1819 et
301 1789 446 1818 militum
485 1787 610 1818 lanceis
651 1786 820 1827 pilisque)

121 1839 236 1871 Quare
253 1847 271 1868 e
293 1838 444 1868 Romano
465 1846 557 1868 more
571 1837 704 1868 Seneca
727 1838 758 1867 in
777 1836 821 1868 A·

123 1898 366 1930 gamemnone:
401 1887 492 1919 ‘Sed
514 1897 596 1918 ecce
623 1893 718 1918 vasto
743 1896 821 1918 con-

120 1940 209 1969 citus
225 1939 321 1969 miles
337 1938 442 1978 gradu
457 1937 645 1970 Manifesta
658 1942 823 1978 properat

119 1988 214 2028 signa
235 1988 365 2019 laetitiae
382 1997 523 2028 gerens:
550 1987 706 2028 Namque
730 1988 824 2018 hasta

120 2048 249 2070 summo
273 2039 420 2069 lauream
438 2037 529 2068 ferro
546 2037 657 2078 gerit:
689 2037 821 2068 Heu-ald.

162 2094 182 2122 7
207 2092 255 2132 Io,
279 2101 405 2131 magnos
428 2093 552 2131 clamat,
570 2091 637 2131 ἐγὼ]
671 2090 748 2122 Vox
765 2091 822 2121 tri-

121 2143 236 2184 umphi
254 2144 412 2174 solennis.
429 2145 438 2160 ⁴
454 2144 546 2183 Ipse,
561 2152 682 2183 gerens
697 2143 824 2182 laurus,

122 2196 218 2225 lauro
267 2194 442 2225 devinctus
486 2194 610 2232 agresti
648 2194 750 2224 Miles
784 2193 823 2224 Io

122 2253 244 2284 magna
262 2253 343 2275 voce
366 2243 536 2284 triumphe
552 2248 653 2275 canet
669 2244 688 2274 ε’
709 2243 822 2274 Tibul.

122 2294 182 2324 lib.
199 2296 228 2324 2.
243 2297 274 2324 5.

166 2350 185 2375 ὅ
211 2343 421 2384 Invictusque]
443 2344 586 2375 vocaris
600 2345 672 2385 jam
695 2349 729 2375 et
747 2354 822 2384 pro-

122 2394 278 2424 clamaris
293 2403 311 2424 a
329 2399 402 2424 toto
423 2395 562 2435 populo,
586 2394 739 2426 Invictus
757 2394 823 2425 Im-

124 2450 272 2484 perator.
319 2444 382 2475 Est
409 2445 497 2476 enim
521 2445 584 2476 hoc
603 2446 741 2476 solenne
757 2445 822 2476 Im-

125 2500 318 2536 peratorum
343 2495 502 2535 elogium,
526 2501 564 2526 ut
591 2495 749 2527 dicantur
767 2495 822 2526 In-

124 2547 290 2585 victi‚&c.
317 2547 398 2577 Rad.

165 2599 185 2627 9
208 2596 270 2627 Sed
284 2597 353 2635 jam
367 2595 502 2636 loetitz'oe]
538 2595 618 2637 Sed,
633 2601 668 2627 nt
687 2596 824 2637 explea-

125 2651 180 2678 tur
190 2646 824 2687 populidesideriumetgaudium,pro-

125 2706 208 2736 pera
222 2698 255 2727 in
280 2697 410 2736 urbem,
428 2701 462 2727 et
484 2697 558 2738 ipse
585 2699 726 2729 nuncius
751 2702 823 2728 esto

127 2754 191 2778 tuae
210 2748 373 2779 victoriae.

596 182 871 211 MAR'rlAms
909 182 1064 211 izl’lGR.
1102 184 1142 211 {A
1157 184 1193 211 Η.

1227 183 1310 211 vii.
1455 173 1563 214 1277

910 278 948 305 10
974 275 1115 306 Nuncins
1144 276 1209 317 ipse
1237 276 1322 316 reni]
1360 277 1409 307 Tu
1433 276 1519 316 ipse,
1546 286 1565 306 ο

866 326 999 356 Domit.

909 376 1012 407 Epic..
1032 385 1098 407 vu.
1143 377 1390 417 Argumentum
1414 375 1457 406 de
1479 376 1567 407 desi-

865 426 959 458 derio
990 432 1026 458 et
1057 437 1170 458 amore
1198 438 1276 469 pop.
1316 429 1460 460 Romani
1489 437 1569 467 erga

865 477 1061 518 Principem
1093 478 1279 509 absentem.
1326 479 1430 511 Quasi
1456 478 1565 509 dicat:

866 528 1027 560 Quamvis
1045 529 1161 569 procul
1178 529 1218 559 ab
1234 529 1317 559 urbc
1332 529 1366 559 in
1383 528 1512 559 hostico
1526 528 1567 558 ad

866 579 1133 618 septentrionem
1150 579 1272 619 degas3
1299 584 1411 609 tamen
1429 588 1465 609 es
1481 588 1568 618 praen

867 638 943 659 sens
958 629 1077 660 animis
1093 634 1128 660 et
1145 629 1232 659 votis
1248 629 1382 660 nostris.
1411 630 1524 660 lauder.

911 682 926 709 l
956 679 1107 719 Hiberna,
1134 680 1201 720 dra]
1236 679 1399 712 Quamvis
1427 686 1460 710 te
1484 680 1569 710 (leti-

866 736 971 760 neant
987 741 1006 761 a
1022 731 1118 762 nobis
1135 731 1224 762 bella
1241 731 1273 761 in
1289 730 1483 771 regionibus
1495 740 1569 771 sep-

866 782 1140 814 tentrionalibus.
1166 780 1283 821 Rudis]
1297 780 1441 820 Rudent,
1455 781 1570 820 credo,

867 837 964 863 vocat
999 843 1018 863 a
1045 833 1196 863 barbarie
1219 831 1459 863 Peucinorum.
1505 831 1569 862 Ar-

867 884 978 914 rianus
996 883 1053 914 lib.
1073 886 1102 914 1.
1130 888 1165 914 et
1183 883 1292 914 Poe'ta
1312 881 1412 914 infra.
1456 882 1571 922 Peuce]

867 933 982 964 Insula
999 934 1038 965 ad
1058 935 1203 974 primum
1222 933 1303 964 Istri
1320 933 1455 964 ostium.

910 987 930 1015 2
958 985 1152 1024 Ungularum
1171 983 1327 1025 pulsibus]
1359 983 1465 1023 Cujus
1491 984 1570 1013 ‘un-

868 1035 927 1066 das
955 1036 1095 1076 Frigore
1121 1042 1297 1066 concretas
1318 1035 1444 1075 ungula
1461 1035 1573 1074 pulsat

869 1086 947 1126 equi
961 1085 981 1116 :’
1007 1086 1108 1117 Ovid.
1125 1089 1156 1117 3.
1176 1086 1277 1117 Trist.
1293 1086 1390 1126 Eleg.
1409 1087 1462 1115 10.
1511 1086 1571 1116 Cu-

867 1136 946 1176 Iens]
966 1136 1106 1167 Poetica
1117 1136 1316 1177 hyperbole.
1363 1136 1490 1166 Locum
1507 1134 1571 1165 fre·

869 1192 1066 1227 quentatum
1085 1193 1180 1218 sonat
1196 1197 1260 1217 vox
1277 1187 1286 1204 ‘
1301 1184 1422 1216 caleo.'

913 1239 931 1267 3
960 1237 1165 1277 Fractusque]
1212 1238 1256 1267 Et
1295 1236 1407 1267 Rheni
1445 1236 1572 1266 accolae

871 1287 1049 1326 Germani,
1066 1288 1202 1326 Batavi,
1224 1292 1259 1318 et
1276 1287 1372 1318 Catti
1389 1286 1498 1317 tribus
1518 1296 1574 1317 ex—

873 1338 1102 1377 peditionibus
1135 1338 1227 1369 victi.
1284 1339 1387 1369 Cornu
1400 1337 1481 1377 jam,
1503 1336 1574 1376 ἐγὼ]

871 1387 1004 1419 Alludit
1021 1388 1062 1419 ad
1078 1388 1255 1419 fluviorum
1273 1397 1410 1419 cornua.
1454 1387 1573 1418 AElian.

871 1439 984 1479 capite
1003 1442 1055 1471 33.
1072 1440 1158 1470 libro
1173 1443 1204 1471 2.
1218 1439 1350 1470 Variar.
1366 1438 1552 1470 Historiar.

911 1492 932 1520 4
959 1490 1091 1531 Teneat]
1129 1490 1306 1529 Quamvis,
1331 1499 1352 1520 o
1380 1490 1507 1528 Caesar,
1527 1489 1574 1520 ibi

872 1547 1061 1581 occupatus
1088 1542 1132 1572 sis
1155 1547 1191 1573 et
1214 1541 1391 1572 detineare
1418 1542 1450 1571 in
1479 1540 1573 1571 coe'r·

871 1591 988 1621 cendis
1002 1592 1195 1622 rebellibus.
1227 1591 1362 1633 Perfida>
1375 1590 1495 1631 gentis]
1509 1591 1574 1622 Re-

873 1641 970 1672 bellis
979 1646 1015 1672 et
1031 1642 1254 1673 contumacis.

914 1695 934 1722 6
957 1692 1071 1723 Abesse
1086 1691 1293 1732 nostrisa-0]
1316 1691 1447 1722 Animis
1460 1695 1574 1722 tamen

873 1746 908 1771 et
925 1741 1013 1772 votis
1031 1747 1064 1772 te
1083 1742 1332 1783 consequimur.

916 1794 935 1821 8
957 1792 1102 1832 Adeoque
1118 1791 1248 1831 mentes]
1262 1791 1318 1822 Ita
1330 1800 1458 1829 omnes,
1473 1800 1574 1832 quum

874 1841 1001 1882 aliquid
1026 1848 1196 1881 narratur,
1213 1843 1266 1873 vel
1281 1842 1325 1873 de
1352 1842 1508 1881 victoria,
1524 1844 1576 1873 vel

874 1894 917 1924 de
934 1893 1083 1925 adventu
1097 1899 1166 1933 tuo,
1178 1894 1297 1924 animis
1310 1898 1345 1924 et
1360 1893 1467 1924 oculis
1481 1903 1576 1924 aver-

874 1949 995 1976 tuntur
1011 1955 1030 1975 a
1045 1945 1264 1984 spectaculis,
1281 1949 1319 1975 ut
1342 1953 1441 1975 nemo
1459 1944 1577 1975 adver-

875 2000 927 2026 tat
943 1995 1102 2036 quidillic
1120 2000 1251 2036 agatur.
1277 1996 1360 2026 Rad.

917 2049 937 2076 9
964 2046 1008 2076 Ut
1037 2046 1104 2085 ipsa
1129 2046 1247 2085 magni,
1271 2045 1341 2085 Sym]
1370 2045 1416 2077 Ut
1443 2050 1575 2076 mentes

874 2101 1012 2136 nostrae,
1038 2096 1206 2137 qnondam
1234 2095 1452 2127 Circensibus
1491 2095 1576 2126 ludis

873 2151 1030 2184 attentae,
1052 2147 1125 2186 jam
1169 2146 1233 2177 tibi
1264 2146 1491 2187 peregrinatae
1519 2155 1594 2176 neu

874 2197 985 2228 sciant
1002 2196 1082 2237 quid
1106 2197 1139 2227 in
1156 2197 1248 2228 circo
1265 2201 1394 2236 agatur.

919 2250 958 2277 10
988 2246 1184 2286 Passerinus]
1211 2247 1339 2287 Equus.
1358 2246 1475 2277 Habet
1489 2246 1576 2277 enim

876 2298 993 2329 tabula
1018 2306 1180 2337 equorum
1222 2297 1448 2334 Circensium,
1485 2297 1576 2336 apud

876 2347 1104 2387 Onuplirium,
1133 2356 1253 2377 nomen
1285 2346 1471 2385 Passerini,
1497 2347 1575 2386 eqni

875 2398 1054 2430 Circensis.
1101 2398 1298 2438 Legendum
1315 2401 1432 2428 censet
1446 2397 1575 2428 Salma-

875 2449 942 2480 sius
958 2459 965 2479 :
994 2449 1037 2479 Ut
1053 2447 1144 2478 turba
1158 2447 1264 2486 magni
1279 2457 1358 2487 soepe
1371 2447 1487 2478 nesciat
1503 2448 1574 2478 Cir-

875 2501 903 2530 ci
919 2500 1069 2530 Utrumne
1082 2502 1187 2529 currat
1203 2498 1386 2529 Passerinus
1401 2508 1441 2528 an
1456 2498 1576 2537 Tigris.

875 2550 1050 2581 Passerini
1076 2555 1111 2580 et
1135 2549 1279 2588 Tigridis
1296 2548 1502 2588 nominibus,
1519 2549 1575 2589 qui

876 2600 910 2630 in
938 2600 996 2630 illa
1011 2604 1114 2630 aetate
1131 2599 1207 2640 equi
1231 2597 1368 2629 fuerunt
1393 2598 1574 2629 celeberri-

876 2650 933 2688 mi,
961 2650 1043 2680 duas
1076 2649 1257 2690 quadrigas
1284 2647 1428 2688 intelligi
1451 2647 1576 2679 debere

877 2706 1006 2731 certum
1025 2706 1089 2738 est,
1103 2700 1137 2730 in
1151 2699 1271 2741 quibus
1288 2699 1363 2738 equi
1379 2698 1425 2728 illi
1444 2696 1574 2729 funales

878 2751 1003 2781 sinistri
1021 2754 1129 2781 erant.
1176 2750 1252 2781 Bon
1266 2749 1400 2780 veroilli
1414 2749 1490 2790 equi
1508 2749 1573 2780 sin-
