1866 3131
413 193 462 223 M.
498 194 606 223 VAL.
640 194 915 226 MARTIALIS
949 196 1109 226 El'lGR.
1144 198 1238 228 Lm.
1276 198 1350 229 XI.

200 286 303 316 Epic.
321 292 462 319 cxxxii.
489 290 504 319 1
522 288 551 319 Α
564 288 771 328 Sinuessanis,
786 289 854 329 tra]

156 336 184 365 Α
203 336 327 367 balneis
343 342 377 368 et
393 347 488 369 coena
503 339 535 369 in
556 349 629 380 quae
646 340 852 370 invitabatur

152 385 335 425 Sinuessae,
363 397 435 427 quae
466 388 544 419 urbs
568 395 620 420 est
644 389 850 430 Campaniae.

196 439 215 466 2
240 437 338 467 Nocte
358 437 488 475 jubente
516 439 627 479 larem]
670 439 754 471 Sera
779 441 851 481 jam

152 492 266 525 nocte,
295 498 369 529 quae
397 489 534 521 domuin
569 501 662 522 suam
694 498 851 533 repetere

152 537 326 568 monebat.

193 590 212 617 3
242 588 499 629 Elprnorafatis]
523 590 588 622 Qui
604 591 692 631 apud
709 592 850 624 Homer.

150 636 850 674 Od.K.ebriusescalisdevolutusinteriit.

191 690 211 718 4
236 689 389 729 Praeceps,
411 691 478 730 Qu]
500 691 589 720 Dum
612 691 724 722 ebrius
748 692 816 723 ruit
832 702 850 723 e

150 737 248 768 scalis
266 747 326 777 per
340 749 421 779 quas
435 740 631 772 conscendit
646 741 688 772 ad
705 741 849 774 conduc-

148 792 181 818 ta
197 791 381 821 coenacula.

188 843 206 869 5
234 840 304 869 Non
320 843 410 878 esset,
426 840 494 880 sa]
528 842 606 873 Non
633 842 694 873 hoc
718 843 768 874 illi
795 854 848 875 ac-

146 888 294 927 cidisset,
323 890 353 920 O
383 891 551 931 Nymphae
577 893 801 932 Sinuessanae,
823 895 848 924 si

148 945 278 970 vestras
296 940 437 971 bibisset
454 952 569 982 aquas,
587 953 661 983 quae
688 945 740 974 vel
762 944 848 974 insa-

145 989 233 1020 niam
249 991 398 1022 abolent.
432 992 565 1023 Plinius
581 993 638 1024 lib.
656 996 709 1024 31.
727 1004 800 1034 cap.
815 998 845 1026 2.

146 1040 232 1071 Vide
246 1042 418 1082 Epigram.
435 1042 611 1083 Antipatri
629 1043 714 1074 libro
730 1047 761 1075 3.
782 1044 846 1075 An·

145 1090 227 1121 thol.
241 1100 318 1132 cap.
337 1095 390 1123 20.

189 1141 291 1172 Eme.
324 1151 485 1174 Lxxxnr.
533 1146 549 1174 l
582 1144 682 1174 Nemo
707 1144 844 1184 habitat]

143 1192 248 1223 Senes
265 1193 352 1223 enim
378 1199 414 1224 et
439 1194 539 1224 orbos
568 1199 603 1225 et
627 1195 724 1225 simul
743 1205 843 1235 pecn-

144 1243 254 1273 niosos
271 1244 465 1283 excipiebat
487 1245 648 1286 hospitio,
664 1250 702 1276 ut
718 1245 843 1276 scribe-

142 1297 238 1323 retur
254 1294 374 1324 haeres.

183 1346 203 1374 2
229 1344 328 1374 Nemo
343 1347 463 1376 domum
476 1346 587 1385 pluris,
596 1345 662 1385 ξω]
687 1346 842 1388 Namque

140 1393 269 1424 vise-ato
303 1395 366 1425 hoc
396 1395 597 1436 hamatoque
624 1406 763 1426 munere
791 1407 843 1428 or-

141 1444 260 1474 borum
273 1445 416 1476 divitum
434 1446 650 1477 haereditates
666 1453 799 1487 captas.

183 1495 288 1526 EPm.
308 1505 460 1527 cxxxiv.
498 1500 512 1527 l
539 1498 601 1532 Qui
618 1499 759 1537 nondam,
772 1497 843 1538 Esou]

141 1543 232 1575 Huic
248 1546 417 1585 geminum
443 1552 496 1577 est
513 1547 634 1577 Lucilii
660 1548 775 1588 Epigr.
802 1547 843 1579 εἷς

139 1594 274 1635 κουρέας.
292 1600 323 1628 2.
344 1596 525 1638 Antholog.
544 1608 571 1629 c.
586 1601 640 1629 26.
666 1595 758 1638 Ἆρες
773 1598 843 1639 ἄρες

139 1646 333 1686 βροτολοιγὲ,
348 1650 412 1679 διε.

181 1701 199 1728 3
224 1699 428 1737 Lacerantur,
442 1698 512 1739 ssa]
527 1699 730 1730 Sacerdotes
747 1700 779 1730 in
790 1710 841 1730 sa-

138 1749 205 1779 cris
218 1749 316 1779 hidis
330 1754 409 1780 utet
424 1749 569 1789 Cybeles
581 1749 738 1790 Phrygia²
753 1751 838 1780 Deae

138 1798 253 1839 (quam
272 1800 412 1830 eandem
428 1810 502 1830 cum
514 1800 606 1830 Iside
619 1810 693 1830 esse
708 1800 839 1841 volunt)

138 1849 255 1880 cultris
271 1849 333 1880 sibi
352 1850 518 1889 humeros,
541 1855 660 1890 pectus
684 1856 718 1881 et
737 1851 839 1881 lacer-

139 1904 191 1930 tos
207 1899 418 1930 sauciabant.

179 1955 198 1982 4
223 1952 381 1992 Phrygios
410 1951 526 1991 modos]
562 1950 618 1981 Ad
642 1960 708 1982 aera
732 1952 839 1992 Cory-

138 2001 269 2040 bantia,
293 2008 467 2043 tympana,
484 2002 648 2040 ululatus,
665 2004 728 2032 dcc.
774 2003 839 2032 En-

136 2053 206 2083 thea
224 2052 329 2093 turba]
349 2053 496 2085 Numine
514 2051 643 2091 inflata,
659 2050 773 2083 furore
789 2062 839 2083 sa-

138 2113 196 2134 cro
212 2108 381 2143 correpta.

178 2157 196 2184 5
221 2154 336 2184 Mitior
352 2154 528 2193 implicitaS,
544 2152 612 2193 5⁸⁶]
653 2152 838 2192 Chirurgus

136 2203 244 2234 Alcon
261 2203 378 2234 leviori
393 2213 493 2234 manu
507 2209 603 2234 secat
619 2203 838 2234 enterocelas·

136 2253 350 2294 Enterocelas]
386 2254 529 2284 Hernias
558 2263 599 2284 ex
616 2254 788 2285 intestinis
803 2254 836 2284 iu

136 2310 282 2334 scrotum
299 2304 459 2343 delapsis.

179 2357 199 2385 6
222 2355 342 2386 Fabrili
358 2357 492 2394 dedolat,
508 2356 575 2396 ssa]
596 2358 695 2388 Dura
711 2362 745 2388 et
760 2367 836 2398 gra-

136 2406 180 2444 vi,
198 2406 306 2436 instar
324 2405 422 2444 fabri,
435 2416 498 2436 nou
517 2407 607 2437 molli
624 2412 659 2437 et
676 2407 835 2438 tonsoria.

177 2459 197 2486 7
223 2457 365 2497 Cynicos,
381 2461 410 2487 et
435 2457 543 2487 Stoica
566 2457 685 2496 menta]
720 2457 833 2488 Philo-

135 2507 231 2547 sophi
262 2509 438 2548 promissas
457 2509 594 2539 alebant
612 2508 745 2548 barbas,
761 2518 836 2548 gra-

134 2569 192 2590 ves
216 2564 251 2589 et
274 2558 498 2594 venerandaS,
520 2568 601 2600 quas
621 2569 713 2600 saepe
741 2559 838 2590 vellit

134 2609 315 2640 Lucianus.

176 2662 195 2689 8
211 2659 443 2699 Collaqiie,‹5·c.]
458 2658 724 2700 Detondeatque
736 2668 837 2700 equo-

139 2717 209 2738 rum
221 2708 335 2748 jubas.

1495 189 1608 231 1399

944 293 964 321 9
987 291 1146 331 Scythica,
1179 292 1247 332 ξω]
1286 293 1460 334 Epigram.
1487 295 1520 324 7.
1547 293 1607 325 lib.

901 340 1017 381 Spect.
1032 346 1067 372 et
1084 341 1142 372 lib.
1159 344 1191 373 9.
1206 343 1322 383 Epigr.
1339 346 1392 374 46.

945 394 984 421 10
1011 391 1119 422 Poscet
1136 392 1238 432 avem]
1260 392 1607 424 Prometheusliben-

902 440 980 471 tiori
997 440 1109 472 animo
1123 442 1605 482 praebebitjecurlaniandum

902 491 1036 531 aquilae,
1052 501 1154 532 quam
1169 497 1317 523 mentum
1331 493 1520 524 radendum
1536 492 1605 524 An-

902 540 1028 571 tiocho.

945 593 982 621 11
1008 591 1059 621 Ad
1073 594 1214 629 matrem,
1225 592 1294 631 Qu]
1319 591 1375 622 Ab
1391 592 1454 624 hoe
1468 598 1604 625 tonsore

901 639 1010 681 fugiet
1039 641 1091 671 vel
1120 641 1161 671 ad
1188 646 1330 672 matrem
1348 652 1442 672 suam
1460 642 1604 682 Agaven

902 700 1000 730 aqua
1017 690 1200 722 dilaniatus
1227 696 1302 722 est:
1340 691 1380 722 ab
1406 692 1468 723 hoc
1494 691 1604 732 fugiet

902 740 1061 780 Orpheus
1079 740 1121 770 ad
1146 739 1298 771 furentes
1316 741 1482 781 Bacchas,
1498 751 1516 772 a
1533 743 1603 783 qui-

901 789 961 820 bus
978 790 1172 830 discerptus
1187 796 1252 822 est.

945 844 984 871 12
1007 842 1156 872 Antiochi
1172 840 1397 882 barba²·a,03·c.]
1425 841 1500 872 This
1516 842 1600 872 Bar-

900 890 978 921 ber’s
993 890 1162 921 baroni-ons
1177 892 1266 921 tools.

945 943 981 971 13
1006 940 1168 980 Stigmata
1195 940 1313 980 mento]
1349 941 1456 972 Rudis
1483 951 1600 972 inaniis

899 993 1111 1033 errantisque
1153 994 1327 1023 novaculae
1366 993 1531 1023 incisuras
1567 997 1602 1023 et

897 1043 991 1082 quasi
1007 1047 1206 1081 puncturas.
1229 1044 1404 1083 Epigram.
1419 1046 1473 1073 64.
1494 1043 1553 1075 lib.
1567 1046 1599 1074 6.

898 1101 982 1123 vers.
1001 1095 1054 1123 26.
1071 1093 1215 1123 scoti-hes.

941 1145 978 1173 14
1003 1143 1042 1173 In
1056 1144 1154 1174 vetuli
1165 1143 1282 1184 pyctae]
1303 1144 1461 1184 Nugatur
1474 1145 1602 1175 Farna-

897 1191 970 1222 bius
982 1201 1057 1222 cum
1074 1202 1134 1223 suo
1148 1193 1239 1233 picto
1255 1194 1438 1233 Stigmatia.
1471 1195 1600 1224 Verum

895 1246 946 1272 est
972 1246 1087 1282 pyctae,
1115 1243 1206 1283 qnod
1234 1244 1387 1274 restituit
1414 1244 1598 1275 Gruterus.

896 1292 970 1322 Nec
986 1293 1057 1322 vult
1081 1293 1137 1323 ille
1165 1294 1173 1310 ‘
1195 1293 1348 1332 Pycten’
1379 1303 1500 1325 nornen
1524 1305 1599 1325 esse

895 1342 1029 1381 pugilis.
1076 1342 1183 1373 Immo
1208 1345 1217 1360 ‘
1237 1345 1372 1383 pyctes'
1397 1344 1597 1375 vocabulum

895 1401 1086 1430 commune,
1101 1398 1136 1423 et
1157 1392 1326 1433 significat
1343 1394 1504 1434 pugilem.
1542 1394 1598 1425 Sic

895 1445 1001 1484 gallus
1019 1445 1225 1485 gallinaceus
1242 1449 1374 1484 pyctes.
1419 1445 1476 1475 Sic
1498 1444 1598 1474 Phae-

895 1495 994 1524 drus:
1018 1494 1231 1525 ‘Simonides
1256 1494 1348 1524 idem
1372 1494 1444 1533 ille,
1470 1494 1512 1525 de
1529 1504 1594 1535 quo

895 1544 1010 1582 retuli,
1027 1545 1158 1574 Victori
1183 1544 1317 1574 landem
1332 1544 1465 1574 cuidam
1482 1550 1596 1584 pyctae

895 1599 931 1625 ut
948 1595 1127 1634 scriberet,
1148 1595 1255 1625 Certo
1282 1594 1438 1625 condixit
1463 1593 1597 1634 pretio.’

896 1647 1080 1677 Gronovius.
1142 1645 1250 1685 Picta]
1297 1646 1446 1685 Rugosa,
1490 1645 1598 1686 inqui·

892 1702 965 1736 unt,
987 1702 1024 1727 et
1040 1697 1186 1727 sulcata.
1234 1696 1301 1726 Alii
1329 1697 1395 1736 leg.
1422 1695 1534 1734 Pyctae
1559 1700 1596 1725 et

893 1757 1013 1778 nomen
1039 1756 1111 1777 esse
1140 1748 1257 1777 volunt
1283 1746 1407 1786 pugilis
1432 1744 1598 1776 cicatrici-

892 1798 953 1828 bus
971 1797 1144 1828 deformis.
1189 1798 1261 1836 Ego
1286 1795 1498 1826 retinendum
1509 1796 1595 1835 picta

890 1850 1024 1888 opinor,
1041 1853 1075 1878 et
1092 1848 1134 1878 de
1148 1847 1319 1886 Stigmatia
1332 1847 1500 1886 intelligo,
1516 1855 1597 1886 qua-

891 1901 956 1930 lem
970 1899 1073 1929 babes
1090 1899 1206 1938 Epigr.
1223 1901 1275 1928 29.
1292 1898 1349 1928 lib.
1366 1900 1396 1928 2.
1416 1907 1503 1928 vers.
1520 1900 1552 1928 9.

935 1952 973 1980 17
1003 1949 1090 1979 Unus
1105 1949 1142 1978 de
1157 1948 1287 1985 cunctis,
1303 1946 1372 1987 Astu]
1412 1947 1517 1977 Certe
1542 1956 1595 1977 su-

891 2009 952 2040 pra
965 1999 1130 2029 hominem
1145 1998 1298 2038 adeoque
1313 1997 1426 2027 omnia
1437 1997 1596 2027 animalia

890 2050 1002 2080 hircus
1033 2050 1136 2089 sapit,
1164 2049 1221 2089 qui
1261 2047 1393 2078 mavult
1429 2047 1594 2087 prolixam

891 2109 1033 2140 pascere
1057 2099 1207 2136 barbam,
1233 2107 1332 2138 quam
1359 2097 1470 2127 subire
1494 2095 1594 2127 rudes

889 2161 1008 2182 manus
1033 2155 1069 2181 et
1094 2150 1240 2180 barbara
1263 2149 1332 2180 tela
1357 2147 1500 2179 tonsoris
1526 2146 1596 2177 An-

891 2201 1008 2231 tiochi.
1054 2199 1114 2230 Καὶ
1130 2198 1246 2238 τράγος
1273 2197 1419 2237 εῧπώγων
1444 2196 1594 2228 εὐστολός

889 2253 956 2282 ἐστι
971 2249 1115 2286 Πλάτων,
1128 2249 1269 2281 Antliol.
1287 2249 1345 2279 lib.
1362 2251 1393 2279 2.
1408 2258 1482 2287 cap.
1496 2250 1550 2278 52.

931 2304 1040 2333 Eric.
1058 2308 1214 2332 Lxxxw.
1241 2302 1260 2330 3
1279 2299 1377 2329 Mella
1391 2298 1476 2338 dari]
1499 2297 1593 2329 Prae-

886 2353 1041 2384 scribunt
1067 2351 1155 2381 euim
1181 2349 1304 2380 medici
1330 2349 1442 2379 dulcia
1463 2348 1505 2378 ad
1532 2348 1593 2379 sis-

888 2403 1029 2434 tendum
1066 2399 1379 2439 moderandumque
1419 2398 1593 2429 humorem

889 2462 1002 2484 acrem
1021 2451 1255 2481 distillantem.
1290 2448 1594 2488 Nucleosquejubet]

887 2504 1027 2534 Piueos.
1071 2502 1079 2517 ‘
1100 2500 1238 2540 Pityida
1254 2509 1272 2530 e
1292 2499 1468 2539 pinastris,
1482 2499 1594 2539 singu-

888 2554 960 2584 lare
990 2550 1176 2581 remetlium
1209 2549 1368 2580 adversus
1396 2549 1529 2587 tussim,
1558 2548 1594 2579 in

890 2603 988 2634 melle
1008 2600 1174 2640 decocta‚'
1199 2602 1264 2631 occ.
1312 2599 1445 2631 Plinius
1462 2599 1520 2631 lib.
1540 2603 1591 2631 15.

892 2657 1036 2736 eng-ge)
1053 2704 1207 2744 quicquid,
1237 2703 1303 2742 dra]
1346 2704 1389 2733 Et
1416 2702 1590 2740 dnlciaria,
