1866 3131
233 200 346 243 1322

273 309 293 338 7
319 306 382 343 Qui
395 306 451 345 sic,
467 304 536 345 8502]
560 303 667 335 Pauci
687 304 765 335 anni
787 303 926 344 geniali-

229 362 284 389 ter
299 356 365 388 acti
380 357 472 396 (quae
490 354 669 395 Epicureis
682 363 761 384 vera
777 354 849 384 vita
864 358 928 384 est.

229 408 350 448 Epigr.
378 409 428 437 16.
455 406 513 437 lib.
540 408 569 436 1.
596 414 682 435 vers·
709 403 758 445 4.)
782 409 928 446 aequant,

228 458 296 489 imo
309 461 470 497 superant
484 455 710 497 longissimam
725 455 841 492 vitam,
853 464 926 495 quae

229 509 407 548 voluptate
424 510 530 537 caret.
568 506 697 537 Contra
713 514 793 536 vero
806 506 927 536 Cicero

229 564 265 591 et
290 560 446 600 egregie:
472 558 592 589 ‘Unus
618 556 702 596 dies,
727 557 813 587 bene
835 561 870 587 et
886 566 927 587 ex

230 610 417 651 praeceptis
437 609 515 648 tuis,
530 618 548 639 o
566 607 800 648 Philosophia,
824 612 932 647 actus,

227 661 388 701 peccanti
401 658 645 690 immortalitati
657 663 710 690 est
723 663 930 699 anteponen-

228 710 315 748 duS‚'
339 715 371 741 5.
387 711 572 741 Tusculan.
589 710 722 742 Quaest.

270 762 374 793 Erro.
390 770 545 792 Lxxvur.
572 759 706 791 Laudat
730 759 885 798 Stellam,
910 770 929 790 a

228 822 293 854 quo
323 817 452 853 praeter
487 810 693 851 triumphum
731 809 930 848 Domitiani,

229 864 387 896 Carmine
411 863 637 900 celebratum,
662 861 766 891 etiam
789 860 861 891 ludi
885 860 928 891 ad

227 915 387 946 honorem
413 912 584 953 Principis
612 916 647 942 et
677 910 832 942 victoriae
860 920 928 940 me-

227 966 369 996 moriam
396 969 475 995 sunt
499 963 592 994 dati:
618 971 718 1003 quem
740 966 853 993 tamen
868 962 927 991 ho-

227 1025 344 1047 norem
361 1014 548 1055 praesentia
565 1013 709 1045 Caesaris
733 1011 926 1053 superavit3

228 1065 317 1106 quod
330 1065 380 1096 his
392 1065 509 1095 Stellae
521 1063 608 1095 ludis
622 1063 786 1094 interesse
803 1073 870 1094 non
884 1063 927 1093 sit

227 1115 445 1155 dedignatus.
471 1115 555 1146 Rad.

270 1169 286 1197 l
303 1166 387 1201 Quos
401 1169 538 1206 cuperet,
553 1164 621 1205 δῖα]
637 1164 748 1195 Stella
764 1173 829 1194 non
846 1163 927 1194 Car-

226 1217 316 1247 mine
352 1221 483 1247 tantuin
525 1215 714 1246 celebravit
751 1213 926 1244 victoriam

227 1266 450 1297 Sarmaticam
473 1264 674 1303 Domitiani,
702 1262 760 1294 sed
777 1267 813 1294 et
830 1262 928 1302 ludis,

228 1317 381 1357 qualibus
406 1321 499 1347 tuum
524 1315 567 1345 de
593 1314 785 1355 gigantibus
808 1323 826 1344 a
842 1318 877 1344 te
893 1313 926 1343 in

226 1367 416 1407 Phlegraeis
441 1366 582 1406 campis,
613 1375 631 1396 ο
658 1365 841 1403 Hercules,
870 1363 928 1394 de-

226 1418 347 1456 victis3
372 1418 424 1448 vel
452 1421 560 1455 tuum,
585 1425 603 1446 ο
626 1415 775 1450 Bacche,
792 1414 928 1445 devicta

225 1468 325 1499 India
341 1467 559 1508 triumphum,
572 1466 739 1497 celebrari
751 1465 847 1497 velis.
871 1466 926 1496 De

225 1519 404 1560 Phlegraea
418 1528 500 1549 vero
523 1517 683 1548 Herculis
701 1516 814 1556 potius
828 1525 927 1557 quam

226 1570 322 1602 Jovis
344 1570 487 1601 victoria
508 1567 767 1608 intelligendum
792 1575 928 1606 censeo,

228 1619 318 1661 quod
340 1624 376 1651 et
399 1619 501 1650 Silius
525 1618 581 1648 lib.
605 1620 634 1648 1.
654 1626 710 1647 eas
728 1615 926 1657 conjungit:

228 1671 238 1686 ‘
250 1670 368 1702 Qualis
383 1669 531 1700 odoratis
545 1667 758 1699 descendens
771 1667 874 1698 Liber
886 1667 927 1698 ab

231 1719 352 1759 Indis,’
378 1722 442 1751 ἃς.
486 1719 582 1757 Mox,
607 1717 702 1749 ‘Aut
724 1728 800 1749 cum
826 1717 928 1748 Phle-

227 1772 326 1811 graeis
341 1771 497 1803 confecta
511 1772 596 1802 mole
609 1771 766 1811 gigantes
780 1770 929 1801 Incessit

229 1823 356 1862 campis
373 1828 518 1862 tangens
532 1821 731 1861 Tyr-inthius
748 1819 864 1851 astra.'

269 1875 289 1903 2
307 1873 417 1903 Indica
427 1872 553 1912 pompa]
569 1871 710 1902 Indicus
726 1870 926 1910 triumphus.

228 1924 363 1963 Lyaeus,
384 1922 554 1961 Bacchus,
574 1920 634 1953 ἀπὸ
649 1921 704 1951 τοῦ
720 1919 815 1958 λύειν,
838 1920 927 1961 quod

228 1984 324 2005 curas
354 1974 466 2004 solvat
490 1973 629 2003 vinum:
661 1972 753 2002 unde
780 1971 883 2002 Liber
909 1981 928 2002 a

227 2024 358 2055 Latinis
376 2029 428 2054 est
444 2023 649 2063 appellatus,
674 2020 763 2062 quod
781 2021 926 2051 animum

227 2086 246 2107 a
263 2076 352 2107 curis
368 2074 501 2105 liberet.

272 2129 289 2157 3
317 2126 403 2157 Fecit
429 2123 637 2165 Hyperborei,
663 2122 731 2162 ssa]
759 2122 856 2153 Fecit
881 2122 928 2152 lu-

230 2177 289 2208 dos
306 2175 484 2207 Sarmatici
499 2173 673 2213 triumphi,
687 2182 786 2214 quem
800 2178 834 2203 et
846 2172 926 2203 Car-

229 2227 318 2258 mine
335 2224 517 2265 descripsit
533 2224 651 2255 Stella.

270 2281 288 2308 5
315 2277 387 2308 Non
409 2275 458 2306 illi
482 2274 560 2305 satis
583 2277 640 2312 est,
663 2272 730 2312 Sym]
752 2273 867 2304 Stellae
885 2272 927 2302 ad

228 2327 469 2358 liberalitatem
496 2334 563 2355 non
587 2324 669 2355 satis
692 2328 745 2354 est
767 2323 928 2364 quicquid

228 2380 355 2412 habent
370 2379 441 2410 auri
460 2377 606 2408 Hermus
623 2382 658 2407 et
674 2376 787 2416 Tagus
812 2376 844 2406 in
871 2384 929 2416 po-

229 2432 345 2472 pulum
375 2429 547 2471 sparsisse.
587 2426 710 2467 Virgil.
741 2429 772 2457 2.
803 2426 928 2466 Georg.

228 2484 237 2499 ‘
258 2482 332 2513 Nec
367 2480 508 2521 pulcher
536 2478 688 2517 Ganges,
714 2482 817 2518 atque
848 2486 928 2507 auro

232 2531 389 2563 turbidus
407 2528 578 2561 Hermes.'
626 2529 670 2559 Et
689 2528 816 2559 Noster
838 2530 847 2544 ‘
861 2537 928 2558 sor-

231 2581 346 2613 didus'
369 2581 469 2611 dixit.

275 2636 294 2663 7
313 2632 424 2663 Omnis
440 2631 528 2662 habet
545 2640 599 2660 sua
614 2631 693 2660 <lona
709 2628 788 2669 dies]
809 2629 931 2660 Plures

232 2684 303 2715 dies
320 2684 508 2723 agebantur
525 2681 608 2719 ludi,
625 2681 656 2711 in
671 2680 790 2721 quibus
806 2680 930 2711 instau-

232 2734 393 2765 rabantur
410 2733 511 2771 (lona,
533 2741 639 2772 eaque
664 2731 766 2761 varia.
816 2732 879 2761 Nec
893 2732 929 2762 Ii-

234 2794 290 2815 nell
311 2782 410 2823 dites]
435 2782 465 2813 O
490 2785 647 2822 quantum
670 2781 795 2815 negotii
821 2787 855 2812 et
881 2792 930 2812 su-

694 205 835 239 NOTAE

870 205 1134 238 VARlORUM
1170 205 1219 237 IN

977 302 1067 334 doris
1095 298 1349 342 indagatoribus
1378 298 1515 330 Criticis
1539 297 1676 329 facessit

977 354 1049 383 liaec
1066 352 1170 382 linea!
1196 351 1408 390 Bulengerus
1424 349 1577 389 exponit,
1591 349 1678 379 ordi-

977 412 1053 433 nem
1078 401 1222 439 dierum,
1246 400 1365 442 quibus
1392 399 1530 430 missilia
1555 399 1678 430 daban-

978 458 1045 484 tur.
1089 451 1266 483 Turnebus
1290 454 1484 482 contextam
1501 460 1519 481 e
1537 449 1677 489 gemmis

976 503 1109 533 lineam.
1158 501 1369 540 Camerinus,
1381 509 1517 532 caveam
1535 499 1677 530 divitum

977 558 1013 585 et
1027 562 1162 585 cuneos.
1208 552 1353 592 Lipsius,
1380 560 1443 591 pro
1464 550 1583 581 ordine
1603 549 1679 580 sub-

978 605 1163 641 selliorum,
1191 604 1437 644 interpretatur
1461 602 1470 619 ‘
1485 602 1623 632 divitem
1640 599 1678 630 li-

979 656 1094 688 neam’
1119 656 1349 694 Orcheni-am,
1372 654 1405 684 in
1430 663 1496 695 qua
1521 653 1680 683 Senatus.

980 707 1104 738 Caelius
1120 707 1231 737 Rhod.
1248 707 1373 736 lineam
1390 705 1499 736 albam
1515 703 1547 734 in
1565 711 1682 734 carce-

979 757 1071 788 ribus
1088 757 1190 795 Circi,
1208 757 1266 788 lil).
1282 761 1313 788 5.
1331 765 1407 796 cap.
1423 758 1474 786 14.
1512 753 1680 792 Raderus,

979 812 1180 847 perpetuam
1211 807 1332 837 seriem
1363 806 1539 837 donorum.
1593 804 1680 834 Post

979 858 1049 896 hos,
1074 858 1102 888 si
1127 857 1201 898 quis
1228 857 1438 897 conjecturae
1466 865 1550 886 mea:
1574 855 1682 892 locus,

980 908 1129 939 dicerem
1145 908 1342 939 continuata
1358 906 1462 938 fuisse
1478 905 1618 937 missilia
1633 903 1682 934 fe-

981 968 1093 989 rarum
1111 963 1146 989 et
1164 959 1351 998 volucrum,
1366 967 1440 999 quae
1458 955 1682 997 capiebantur

980 1009 1081 1047 linea,
1113 1008 1203 1049 quod
1232 1008 1314 1039 retis
1341 1017 1445 1048 genus
1476 1011 1539 1038 est.
1593 1005 1680 1036 Vide

980 1069 1055 1100 qnae
1073 1058 1113 1090 ad
1126 1060 1266 1090 Senecae
1280 1058 1508 1099 Hippolytum
1525 1065 1612 1087 vers.
1625 1059 1680 1087 46.

979 1114 1015 1140 et
1036 1110 1142 1141 Pierii
1160 1109 1386 1150 Hieroglypb.
1403 1112 1434 1140 7.
1478 1108 1590 1147 Dives,
1613 1105 1683 1147 δῖα]

979 1161 1123 1191 Missilia
1149 1160 1305 1191 ludorum
1329 1160 1446 1191 Stellae
1464 1157 1682 1190 commendat

978 1210 1035 1241 illo
1051 1211 1303 1251 Epigrammate
1329 1210 1511 1250 Martialis,
1537 1219 1679 1250 quorum

978 1260 1264 1300 magnificentiam
1279 1265 1314 1291 et
1330 1261 1538 1301 opulentiam
1555 1259 1682 1290 descri-

978 1311 1062 1342 bens
1087 1312 1147 1351 ait,
1173 1320 1239 1342 non
1267 1310 1314 1342 illi
1341 1310 1421 1341 satis
1447 1309 1550 1341 fuisse
1578 1319 1682 1340 aurea

978 1361 1067 1392 dona
1082 1363 1115 1392 in
1130 1363 1291 1402 populum
1305 1370 1485 1402 spargere3
1503 1360 1562 1392 sed
1577 1360 1681 1391 etiam

978 1413 1177 1453 margaritas
1193 1412 1336 1451 misisse,
1351 1422 1425 1453 quae
1448 1421 1530 1442 auro
1552 1411 1679 1451 pretio-

978 1463 1092 1494 siores.
1116 1464 1199 1496 Quis
1213 1472 1291 1502 ergo
1302 1462 1357 1493 hic
1370 1471 1438 1493 non
1449 1461 1546 1493 videt
1558 1462 1681 1493 lineam

978 1513 1119 1544 divitem
1147 1523 1189 1544 ex
1218 1522 1342 1554 genere
1369 1512 1542 1544 missilium
1566 1511 1684 1552 fuisse,

978 1574 1054 1605 quae
1082 1564 1115 1595 in
1147 1564 1235 1594 ludis
1263 1564 1381 1595 Stellae
1407 1564 1534 1604 populo
1564 1571 1683 1603 sparsa

977 1615 1079 1645 sunt?
1103 1614 1262 1645 Gemmas
1286 1619 1322 1645 et
1347 1613 1549 1654 margaritas
1565 1612 1599 1644 in
1616 1612 1683 1643 illis

978 1664 1159 1695 missilibus
1173 1664 1288 1706 spargi
1303 1665 1419 1695 solitas
1432 1663 1585 1695 ostendit
1597 1663 1681 1694 Sue-

979 1714 1100 1746 tonius.
1146 1715 1238 1754 Ergo
1255 1724 1318 1755 per
1334 1714 1457 1745 lineam
1472 1713 1615 1745 divitem
1632 1713 1685 1744 in-

979 1765 1085 1805 telligi
1103 1764 1232 1796 debere
1255 1770 1388 1796 certum
1409 1769 1464 1796 est
1486 1764 1683 1804 margarita·

979 1825 1052 1846 rum
1069 1816 1201 1847 lineam.
1239 1817 1249 1833 ‘
1266 1816 1381 1847 Lineae
1398 1814 1682 1856 margaritarum‚’

979 1872 1015 1897 et
1041 1868 1325 1907 ‘margaritarum
1352 1867 1383 1897 in
1411 1865 1522 1897 linea’
1554 1866 1682 1897 mentio

977 1917 1067 1958 apud
1080 1918 1364 1949 JurisconS111tos.
1401 1919 1410 1935 ‘
1426 1918 1534 1949 Filum
1550 1927 1684 1958 marga-

978 1969 1134 1999 ritarum'
1150 1969 1206 1999 alii
1217 1970 1355 2007 dixere3
1369 1969 1425 2000 alii
1441 1970 1449 1986 ‘
1460 1969 1589 1999 linum)
1601 1969 1682 1998 Ter·

978 2019 1135 2050 tullianus
1157 2019 1199 2049 de
1224 2019 1355 2050 Habitu
1372 2019 1556 2050 Muliebri:
1581 2019 1590 2035 ‘
1603 2019 1679 2050 Uno

978 2068 1044 2098 lino
1069 2068 1182 2099 decies
1208 2070 1402 2100 sestertium
1430 2069 1621 2100 inseritur:'
1645 2070 1680 2100 id

978 2122 1041 2157 est,
1059 2118 1114 2148 uni
1129 2117 1196 2158 filo,
1212 2120 1266 2150 vel
1283 2120 1340 2150 uni
1357 2119 1477 2150 lineae:
1495 2129 1572 2150 nam
1588 2120 1680 2151 linea

978 2174 1031 2198 est
1054 2167 1148 2209 σειρά,
1193 2169 1283 2200 Hinc
1310 2170 1518 2201 monolinum
1535 2170 1680 2211 simplex

977 2219 1238 2259 margaritarum
1255 2220 1365 2251 linea:
1391 2225 1429 2251 ut
1455 2220 1593 2251 ditinum
1619 2221 1680 2252 du-

978 2269 1076 2308 plex:
1096 2270 1247 2301 trilinum
1261 2272 1399 2311 triplex,
1409 2273 1475 2302 δίο.
1487 2272 1541 2303 vel
1552 2272 1680 2313 triplici

976 2319 1067 2350 linea
1082 2322 1273 2361 margaritae
1288 2321 1440 2353 insertae.
1459 2322 1593 2353 Salmas.

1023 2373 1042 2401 8
1068 2373 1190 2414 Rapina
1206 2373 1305 2412 cadit]
1330 2373 1488 2414 Direptio
1504 2373 1679 2405 missilium

977 2435 1038 2466 per
1053 2430 1196 2456 tesseras
1214 2429 1249 2455 et
1266 2424 1337 2454 sine
1357 2424 1507 2456 tesseris.

1019 2480 1039 2507 9
1064 2477 1262 2506 Numismata
1283 2474 1413 2515 nimbis]
1436 2475 1507 2506 HS.
1530 2475 1639 2516 sparsi
1659 2485 1678 2507 e

979 2527 1053 2558 loco
1072 2526 1261 2566 superiore.

1022 2580 1062 2608 10
1080 2577 1172 2607 Nunc
1186 2577 1242 2606 dat
1257 2578 1420 2616 spectatas,
1431 2575 1500 2616 &ej
1517 2575 1557 2606 In
1572 2575 1679 2616 sphae·

979 2627 1060 2658 rulis
1076 2636 1134 2657 seu
1148 2626 1284 2657 tesseris
1298 2626 1429 2666 ligneis,
1445 2636 1520 2667 quae
1536 2635 1676 2666 sparge-

979 2679 1102 2710 bantur
1114 2677 1146 2707 in
1159 2677 1332 2717 populum,
1345 2677 1507 2717 inscripta
1520 2681 1597 2707 sunt
1608 2685 1677 2706 mu-

981 2739 1062 2760 nera
1085 2728 1186 2766 vulgo
1214 2737 1363 2766 cessura,
1391 2728 1445 2758 vel
1470 2727 1612 2757 visarum
1640 2732 1676 2759 et

981 2779 1198 2821 praesentium
1231 2778 1282 2809 vel
1311 2777 1499 2809 absentium
1528 2775 1675 2809 ferarum
