1866 3131
405 199 451 227 M.
487 199 591 228 x‘Ai..

140 299 174 323 vt
190 294 371 324 vitreorum
384 291 565 324 fractorum
579 297 748 332 emptores
761 290 829 320 vel-

141 350 176 373 ut
202 348 375 384 sequester
397 348 431 373 et
455 342 582 373 arbiter
596 347 663 379 est3
700 349 829 381 perniu-

139 394 255 425 tabant
267 395 353 424 enim
371 394 475 424 vitrea
488 393 594 424 fracta
607 391 826 432 sulpliuratis:

139 445 198 475 lib.
217 448 243 475 l.
262 445 374 485 Epigr.
390 448 441 475 42.

181 500 198 526 5
227 495 453 535 clancularius]
478 494 644 525 Occultus
666 494 828 533 impostor

139 556 232 576 suum
249 547 314 577 suis
341 546 489 577 versibus
513 554 632 575 nomeu
650 543 826 584 praefigere

139 606 202 626 nou
219 596 330 627 audet.
372 596 482 637 Supra
504 596 706 636 Epigramni.
723 598 773 626 11.
789 594 826 624 Ιί-

140 647 187 677 bri
205 650 237 677 7.

181 700 198 727 7
230 698 306 728 Voce
321 701 354 728 ut
369 695 604 736 loquantum]
628 696 676 727 Ut
698 704 760 736 ego
781 704 829 726 so-

140 749 207 778 lers
225 748 334 779 Poeta
358 749 477 789 loquar
499 757 601 778 rauca
626 755 709 777 voce
736 746 828 776 indo-

139 798 210 828 cilis
244 798 330 829 illius
360 805 394 829 et
424 797 615 838 obstreperi
651 797 828 837 poetastri.

139 847 309 879 Psittacus
327 849 414 880 enim
432 858 533 889 supra
549 848 630 878 alias
646 857 724 878 aves
740 847 830 879 doci-

138 899 189 937 lis,
204 899 359 930 coturnix
384 899 539 931 indocilis
560 899 750 940 exprimere
774 899 831 929 hu·

137 958 248 980 manas
265 959 376 981 voces.

180 1002 199 1029 8
223 1000 269 1029 Et
281 1000 563 1040 concupiscat‚ssc.]
586 1000 630 1030 Et
647 999 744 1031 velim
757 1009 831 1030 esse

136 1048 212 1078 talis
231 1050 343 1089 poeta,
357 1060 422 1081 non
446 1051 551 1090 magis
575 1059 673 1091 quam
688 1049 832 1081 celebris

138 1097 315 1130 choraules
346 1100 457 1130 Canus
488 1100 625 1140 (Epigr.
655 1103 686 1131 5.
712 1099 771 1130 lib.
802 1102 831 1130 4.

138 1157 224 1179 vers.
245 1149 293 1188 8.)
308 1150 423 1190 cupiat
439 1160 510 1181 esse
533 1150 697 1186 ascaules,
713 1149 746 1179 id
763 1154 831 1189 est,

139 1200 366 1241 utricularius,
380 1200 414 1240 (a
430 1199 605 1240 bag-piper)
631 1210 672 1231 ex
688 1198 781 1230 ἀσκὸς
795 1203 831 1230 et

138 1249 240 1279 αὐλός.

180 1302 199 1329 9
223 1299 329 1338 Nigra
354 1300 397 1331 sit'
415 1300 491 1331 meis
503 1299 609 1340 fama]
633 1300 725 1331 Male.
743 1309 831 1342 quae-

137 1352 201 1382 sita
217 1356 252 1383 et
275 1361 317 1382 ex
333 1352 471 1384 aliorum
484 1352 638 1383 infamia.

182 1405 220 1432 10
246 1403 329 1438 Quos
343 1413 447 1434 rumor
461 1403 546 1442 alba]
571 1403 638 1435 Qui
650 1412 692 1434 ex
710 1402 831 1434 cando-

137 1461 172 1482 re
188 1457 341 1493 quaerunt
356 1452 475 1484 famam
493 1453 612 1484 bonam
627 1458 661 1484 et
684 1453 830 1484 laudem.

143 1503 257 1534 Rumor
269 1514 434 1543 gemmeus,
449 1503 516 1544 Epa]
539 1503 721 1542 Candidus,
736 1503 832 1545 felix,

138 1554 324 1586 secundus:
347 1555 474 1594 optima
489 1555 577 1585 enim
590 1554 725 1595 optimis
737 1561 830 1587 nota—

141 1604 274 1644 bantur,
288 1605 453 1645 lapillisve
470 1605 701 1637 nobilioribus.

182 1659 217 1686 11
247 1657 312 1686 Cur
322 1667 388 1695 ego,
400 1656 469 1697 ἔγω]
486 1657 542 1688 Sic
553 1657 665 1697 Epist.
676 1657 715 1688 ad
730 1656 787 1690 lib.
800 1661 829 1690 1.

139 1705 147 1720 ‘
163 1705 210 1735 At
226 1705 305 1736 mihi
322 1705 433 1745 fania,’
449 1708 513 1737 &e.

182 1756 222 1784 12
248 1754 396 1785 Constare
417 1755 533 1794 gratis,
556 1755 626 1796 85c.]
649 1757 718 1788 Cur
740 1757 832 1788 oblo-

140 1804 274 1843 quendo
301 1804 374 1835 aliis
399 1804 529 1845 peribo,
559 1815 659 1845 quum
689 1807 831 1838 tacendo

140 1855 250 1885 salvus
268 1864 340 1885 esse
357 1854 496 1895 possim?
512 1855 521 1871 ‘
536 1855 654 1886 Stare’
670 1856 758 1888 enim
768 1862 832 1896 est,

141 1905 289 1944 probari,
314 1904 455 1936 laudari.
515 1905 642 1946 Gratis]
674 1907 831 1948 Impune,

140 1966 239 1996 quum
267 1956 390 1997 alioqui
412 1955 613 1987 famosorum
639 1956 831 1989 libellorum

139 2011 294 2037 auctores
316 2006 391 2046 lege
407 2006 601 2046 puniantur.
648 2007 726 2038 Cum
739 2008 832 2040 silen-

138 2056 229 2096 tium]
252 2056 341 2087 Satis
352 2056 454 2087 etiam
465 2057 570 2087 multa
580 2057 715 2097 egregia
727 2058 832 2099 scrip-

140 2106 178 2145 si,
203 2107 322 2148 quibus
349 2106 470 2137 famam
494 2107 674 2138 secundam
702 2109 828 2149 merui3

141 2157 219 2197 qnid
238 2166 320 2196 opus
345 2161 398 2188 est
421 2157 499 2188 milii
515 2157 556 2187 ad
571 2159 831 2199 comparandam

139 2204 261 2236 famam
284 2205 485 2246 rubiginosis
506 2206 653 2237 versibus
668 2212 703 2238 et
719 2209 833 2239 convi-

142 2257 209 2293 tiis,
225 2266 298 2286 cum
311 2257 379 2296 jam
395 2257 537 2288 tacendo
550 2264 702 2290 constem
715 2265 751 2292 et
764 2260 833 2292 ubi-

141 2316 204 2346 que
220 2306 358 2337 lauder?
383 2307 463 2339 Rau.

186 2357 287 2386 Eme.
307 2365 357 2386 iv.
381 2357 488 2387 Poeta
502 2357 554 2390 liic
566 2358 647 2390 dicit
660 2360 834 2401 Epigram-

141 2411 231 2436 mata
262 2415 321 2435 sua
345 2406 477 2437 utiliora
507 2408 658 2439 omnibus
689 2409 831 2442 fabulis:

143 2456 259 2486 doceri
275 2456 327 2486 liic
356 2465 478 2490 mores,
504 2462 539 2487 et
556 2458 636 2488 vitia
652 2458 831 2492 dedoceri:

142 2513 176 2536 et
205 2515 244 2535 eo
263 2506 450 2535 Mamurras
466 2505 583 2545 fugere
602 2509 832 2549 Epigramma·

144 2562 188 2594 ta,
204 2566 242 2585 ne
257 2565 331 2585 suas
348 2555 441 2585 labes
456 2563 650 2595 agnoscant.
674 2560 754 2591 Rad.

187 2608 198 2635 l
229 2604 428 2644 OEdipodem]
445 2605 586 2636 Fabulas
599 2612 634 2638 et
650 2608 831 2646 tragoedias

143 2656 184 2686 de
213 2654 350 2694 OEdipo,
376 2655 536 2695 Thyeste,
552 2657 614 2686 &m
656 2658 741 2688 Vide
757 2660 832 2701 My-

143 2706 308 2743 thologos·
353 2705 510 2743 (Edipum
538 2706 673 2746 scripsit
702 2707 835 2749 AEschy-

144 2756 414 2795 1112‚Soplioeles‚
440 2756 580 2786 Seneca.
627 2758 831 2795 fatigantem-

627 195 893 226 MARTlAiAs
932 196 1087 224 liPlGR.
1125 195 1213 223 mu.
1248 193 1298 222 X.

1455 182 1565 221 1:353

876 299 931 329 que
948 288 1113 329 Thyesten]
1138 290 1259 324 Quem,
1274 287 1358 318 filios
1382 285 1444 316 sibi
1463 296 1480 316 a
1498 286 1563 316 sra-

878 347 927 370 tre
946 340 1049 370 Atreo
1074 340 1244 379 appositos
1260 338 1427 375 edentem,
1444 336 1567 375 refugit

876 391 922 421 sol
944 400 982 420 ue
999 390 1138 420 videret.
1184 389 1270 419 Vide
1292 388 1427 418 Senecae
1445 387 1567 426 Thyes-

878 448 945 472 ten.
1000 441 1052 471 Aa
1079 440 1226 470 fabulam
1253 438 1401 478 respexit
1416 448 1423 474 ς
1462 438 1564 467 solem

876 493 976 531 enirn,
990 496 1186 523 execratum
1204 494 1333 520 tantuin
1358 488 1500 526 facinus,
1517 496 1568 517 re-

876 543 1000 583 fugisse
1014 540 1206 581 significant
1222 539 1347 580 poe'tae:
1364 548 1446 577 ergo
1463 538 1471 555 ‘
1486 537 1567 569 cali-

877 592 1036 635 gantem‚'
1054 593 1085 622 in
1103 590 1231 629 nmbra,
1241 590 1308 620 sole
1324 588 1488 628 fugiente.

919 647 938 674 2
964 642 1140 682 Colchidas]
1164 640 1357 680 Tragoedias
1373 639 1415 670 (le
1432 639 1568 670 Medea.

878 693 1010 735 Scyllas]
1038 693 1134 724 Hanc
1151 691 1239 731 Nisi,
1254 691 1345 721 illam
1368 689 1491 720 Phorci
1507 689 1568 720 fili-

879 755 941 776 am.

921 799 938 826 3
964 793 1079 835 Hylas]
1111 790 1370 823 Theodamantis
1395 788 1498 826 filins,
1527 787 1569 818 ab

880 846 1043 883 Hercule,
1055 848 1150 884 patre
1161 852 1263 880 caeso,
1276 841 1462 872 abductus:
1480 844 1570 880 post-

879 906 919 926 ea
947 905 965 926 a
990 894 1152 926 Naidibus
1178 892 1333 934 nymphis
1363 896 1479 931 raptus
1507 895 1570 920 est.

880 947 1130 988 EpIgranirnate
1146 946 1200 974 49.
1215 943 1271 973 lib.
1289 946 1319 973 5.
1332 951 1417 972 νει-5.
1432 945 1462 971 5.
1487 941 1568 972 Par-

878 997 1065 1038 thenopoeus]
1087 996 1192 1028 Filius
1206 993 1373 1033 Meleagri
1384 997 1420 1024 et
1431 992 1570 1023 Atalan-

879 1048 1083 1089 tae‚juvenis
1095 1046 1136 1077 ad
1154 1046 1277 1076 bellum
1287 1043 1481 1074 Thebanum
1496 1051 1571 1082 pro-

879 1099 991 1130 fectus
1005 1103 1055 1129 est
1079 1102 1114 1128 et
1139 1097 1287 1127 occisus:
1312 1093 1370 1125 lib.
1396 1097 1425 1124 6.
1452 1093 1569 1132 Epigr.

879 1152 931 1179 77.
946 1158 1033 1179 vers.
1049 1150 1079 1178 2.
1096 1152 1131 1178 et
1155 1146 1239 1177 libro
1260 1148 1291 1176 9.
1316 1144 1570 1185 Epigrammata

879 1201 931 1228 57.
948 1208 1036 1229 vers.
1054 1201 1084 1228 8.
1128 1197 1224 1237 Atys]
1249 1197 1336 1226 Puer
1360 1195 1496 1235 Cybelae
1520 1194 1569 1225 di-

878 1250 997 1281 lectus.
1042 1249 1172 1288 Legunt
1185 1247 1278 1286 Atys,
1295 1245 1383 1286 quod
1399 1243 1488 1275 ferre
1504 1253 1570 1274 non

879 1306 992 1341 potest
1016 1309 1140 1340 versus,
1164 1298 1270 1340 prima
1293 1298 1326 1328 in
1349 1297 1430 1337 Atys
1452 1295 1571 1327 brevi:

878 1351 1091 1383 scribendum
1122 1359 1203 1390 ergo
1238 1353 1301 1387 est,
1344 1347 1445 1378 Attis.
1477 1345 1571 1376 Ἄτυς

878 1411 998 1433 nomen
1022 1401 1153 1442 Lydum
1176 1404 1239 1437 est,
1264 1408 1331 1439 quo
1356 1398 1490 1429 nomine
1515 1396 1572 1427 ali-

880 1459 960 1495 quot
977 1452 1094 1493 Lydiae
1112 1459 1207 1491 reges
1224 1449 1335 1480 vocati
1352 1454 1440 1479 sunt.
1465 1448 1571 1478 Pater

880 1503 977 1545 Lydi,
1003 1514 1021 1533 a
1047 1511 1110 1544 qno
1138 1500 1242 1541 Lydia
1267 1498 1480 1529 denominata
1508 1503 1572 1537 est,

880 1554 1067 1585 vocabatur
1090 1552 1200 1583 Ἀτυςς
1235 1550 1322 1581 Attis
1342 1558 1421 1579 vero
1451 1558 1573 1580 nomen

880 1605 1019 1646 Phrygii
1044 1603 1185 1644 Ephebi,
1206 1611 1304 1643 quem
1320 1600 1439 1632 dilexit
1464 1605 1573 1632 mater

881 1657 992 1687 Deum
1006 1654 1145 1695 Cybele.
1169 1653 1299 1684 Salmas.

922 1708 941 1736 4
964 1705 1128 1736 Βονηιίιον
1144 1700 1334 1743 Endymion]
1358 1702 1460 1732 Lunae
1484 1710 1571 1732 ama-

881 1756 959 1794 sius,
977 1755 1018 1785 ab
1033 1754 1090 1784 illa
1106 1752 1138 1782 in
1154 1752 1250 1782 Latio
1266 1751 1403 1790 sopitus.

922 1809 939 1836 5
965 1805 1051 1835 Puer
1061 1800 1361 1842 pennislabentibns]
1387 1799 1515 1830 Icarus.

921 1858 941 1885 6
964 1851 1225 1892 .4mutrices,35c.]
1248 1849 1467 1881 Salmacidas.
1491 1850 1573 1882 Ovi-

880 1904 954 1935 dius
987 1901 1216 1942 Metamorph.
1245 1904 1276 1932 4.
1315 1900 1444 1931 Auson.
1491 1901 1572 1940 Epi-

881 1964 1018 1996 gramm.
1035 1957 1088 1984 99.
1106 1954 1204 1983 etos.
1229 1950 1315 1982 Vide
1332 1955 1367 1982 et
1390 1949 1478 1981 infra
1494 1951 1572 1991 Epi—

881 2014 1019 2046 gramm.
1035 2006 1087 2034 30.
1103 2011 1190 2033 vers.
1207 2004 1257 2032 10.

922 2058 940 2086 7
968 2055 1052 2089 Quid
1069 2057 1097 2084 te
1120 2063 1197 2083 mna
1215 2050 1345 2090 juvant]
1375 2051 1464 2083 Quid
1492 2051 1574 2090 legis

881 2105 1009 2137 salmias
1026 2104 1165 2141 alienas,
1180 2102 1259 2133 nihil
1271 2102 1310 2132 ad
1325 2111 1433 2133 mores
1448 2101 1574 2133 facien·

883 2156 955 2188 tes?

927 2210 945 2237 8
971 2206 1059 2241 Quod
1073 2203 1167 2244 possit
1180 2204 1279 2234 dicere
1294 2201 1374 2241 vita]
1397 2202 1406 2219 ‘
1420 2202 1520 2240 Vita‚’
1540 2202 1573 2232 id

884 2261 948 2295 est,
961 2259 1146 2296 praesentes
1157 2253 1317 2283 homines.
1328 2253 1501 2292 Frequens
1510 2251 1577 2282 Pli-

885 2308 951 2338 nio.
976 2305 1047 2336 Lib.
1063 2307 1093 2334 2.
1111 2312 1184 2342 cap.
1198 2305 1251 2332 53.
1275 2302 1283 2318 ‘
1295 2301 1399 2332 Varia
1411 2302 1442 2331 in
1456 2301 1518 2331 hoc
1530 2302 1576 2331 vi·

885 2363 928 2388 tae
947 2353 1126 2391 sententia,
1141 2358 1176 2383 et
1188 2361 1248 2392 pro
1260 2352 1422 2391 cujusque
1433 2351 1542 2381 animo
1552 2350 1573 2380 :'

883 2407 940 2438 lib.
955 2410 1007 2437 25.
1033 2414 1107 2444 cap.
1124 2406 1175 2434 18.
1197 2402 1206 2418 ‘
1220 2402 1347 2432 Postea
1362 2405 1412 2432 tot
1440 2400 1574 2431 subiere

883 2456 1016 2488 nomina
1033 2459 1067 2485 ct
1093 2461 1227 2493 genera,
1253 2456 1291 2481 ut
1313 2451 1366 2481 vel
1386 2451 1449 2481 hoc
1468 2451 1573 2481 solum

882 2505 1125 2540 aestimantibus
1141 2507 1305 2543 appareat
1322 2506 1481 2532 mutatam
1499 2511 1575 2532 esse

882 2559 984 2589 vitam
999 2556 1020 2587 :'
1044 2555 1098 2585 lib.
1124 2556 1174 2584 28.
1190 2556 1221 2584 4.
1243 2553 1251 2569 ‘
1264 2551 1331 2582 Sed
1355 2556 1391 2582 et
1406 2552 1488 2582 alios
1503 2551 1574 2583 effi·

883 2616 982 2638 caces
1012 2606 1080 2646 ejus
1120 2612 1197 2634 usus
1233 2607 1453 2642 recognoscat
1481 2600 1574 2633 vita.'

886 2655 1068 2686 Gronovius.
1112 2653 1218 2684 Meum
1229 2651 1289 2690 est]
1313 2651 1416 2691 Lege,
1427 2660 1501 2692 qnae
1515 2655 1576 2682 tua

885 2711 959 2736 sunt
975 2716 981 2734 :
1007 2705 1081 2740 lege
1104 2707 1179 2733 tuos
1198 2711 1319 2739 mores,
1335 2702 1450 2740 vitam,
1467 2701 1549 2732 vitia
1564 2712 1573 2738 ;

886 2760 920 2785 nt
932 2754 1008 2784 inde
1022 2753 1139 2783 melior
1156 2751 1295 2788 evadas3
1312 2751 1373 2782 hoc
1390 2756 1496 2791 tuum,
1512 2751 1572 2781 hoc
