1866 3131
231 198 342 241 11:26

228 303 317 334 idem
341 304 586 337 observabatur
609 307 644 338 in
670 307 824 348 floribus,
847 321 928 353 qnos

227 355 331 385 etiam
351 355 631 397 se1·ebant,juxta
647 360 835 400 sepulchra.

269 408 288 435 7
314 405 516 436 Monumenta
541 408 670 448 laboris]
707 410 797 442 Quid
822 417 928 443 tanto-

228 464 309 494 pere
334 455 491 487 laborant
520 467 581 498 pro
607 459 664 490 illo
685 460 823 493 laboris?
860 463 928 494 Au-

226 506 311 536 ‹lent
327 506 427 537 etiam
445 507 575 548 ineptos
591 510 718 550 dicere,
733 513 789 553 qui
808 514 927 554 legunt

229 559 360 588 doloris.-
409 564 443 590 et
471 560 584 600 perire
618 572 749 594 omnem
782 566 925 604 gratiam

226 610 489 649 epigrammatis,
505 612 567 642 nisi
591 614 778 646 retineatur
803 617 926 648 laboris·

226 658 276 690 At
304 660 387 690 illud
419 662 518 700 plane
544 663 671 703 legitur
698 665 732 696 in
762 665 926 697 Arondel-

226 710 330 748 liano,
351 717 386 741 et
410 712 581 743 Martialis
602 715 705 746 tertio
723 725 821 747 versu
839 727 926 757 prae-

227 761 372 792 cedente
396 763 578 804 improbat,
601 776 677 806 quae
707 777 807 799 vanus
831 769 926 800 labor

225 811 286 842 dat
316 812 435 844 cineri.
480 816 682 847 llIonumenta
707 819 821 850 doloris
847 824 925 851 sunt

225 862 337 893 luctus
348 872 588 905 mnemosynon
605 872 640 897 et
657 868 854 901 admonitio,
879 869 926 902 At

225 912 317 943 inter
330 913 420 953 ipsos
437 916 583 946 nondum
604 919 775 958 convenit,
792 920 925 952 laborem

225 972 310 1002 opus
327 973 368 993 an
381 974 526 996 amorem
538 966 820 1008 interpretentur.
844 971 925 1011 Sed,

226 1013 332 1053 ajunt,
347 1024 455 1056 neque
471 1016 692 1058 bypampelus
716 1029 824 1061 neque
840 1021 924 1052 bux-

226 1069 318 1093 etum
337 1069 475 1104 possunt
492 1075 566 1097 esse
588 1076 840 1102 monumentum
865 1072 922 1103 do-

224 1113 317 1153 loris,
334 1115 412 1154 quia
429 1117 559 1156 pridem
577 1125 675 1150 erant
699 1123 847 1161 exculta,
869 1134 924 1154 au·

224 1169 360 1205 tequam
372 1171 523 1199 mortuus
536 1169 581 1200 ibi
594 1171 803 1204 humaretur.
826 1175 925 1205 Unde

224 1220 338 1246 autem
355 1216 417 1248 hoc
431 1219 614 1259 colligunt?
638 1221 761 1254 Annon
779 1226 926 1266 loquitur

224 1265 336 1296 Poeta
352 1277 392 1297 ex
410 1278 555 1308 persona
580 1271 791 1314 dominijam
812 1276 860 1306 sic
879 1276 925 1306 in-

225 1317 388 1347 struentis
405 1318 514 1350 locum
530 1321 541 1350 ?
575 1322 693 1353 Fuerit
716 1329 828 1356 autem
847 1327 925 1357 olim

226 1366 432 1407 hypampelo
461 1375 495 1400 et
518 1370 645 1404 buxeto
663 1375 830 1415 consitus3
866 1387 926 1408 cur

224 1425 365 1448 necesse
397 1423 449 1450 est
473 1421 508 1452 id
537 1422 662 1454 domini
688 1427 802 1466 potius
827 1437 925 1469 quam

223 1468 326 1499 villici
357 1479 457 1502 manu
484 1481 556 1504 esse
579 1473 732 1507 factum?
766 1479 925 1520 Denique

223 1528 266 1549 ne
278 1519 327 1550 sic
343 1520 478 1560 quidem
494 1523 646 1564 ineptum
662 1527 795 1559 doloris:
818 1531 925 1561 omnis

224 1569 313 1599 enim
337 1570 443 1608 locus,
461 1573 516 1612 qui
532 1580 665 1606 mortuo
681 1577 775 1609 illato
791 1581 925 1621 religio·

224 1628 279 1648 sus
304 1618 354 1659 fit,
384 1620 529 1652 efficitur
553 1631 779 1658 monumentum
800 1631 926 1661 doloris.

224 1668 279 1699 Ita
295 1668 401 1702 foret:
428 1670 561 1713 Accipe
578 1674 666 1706 hunc
684 1677 792 1708 locum
810 1679 926 1711 viridi-

222 1720 284 1750 bus
321 1728 536 1764 exornatum,
562 1726 671 1767 sitque
701 1730 831 1768 positus
868 1732 925 1763 ille

222 1772 301 1802 mihi
319 1780 571 1807 monumentum
587 1777 726 1810 doloris.
773 1783 927 1823 Respicit

224 1829 259 1853 et
275 1825 452 1864 opposita:
470 1836 545 1857 nam
563 1828 628 1858 ista
646 1830 654 1846 ‘
669 1831 791 1862 Phario
806 1839 926 1864 nutan-

224 1875 272 1904 tia
290 1875 441 1914 pondera
468 1877 572 1914 saxo‚’
605 1883 640 1910 et
656 1880 788 1921 similia,
813 1885 924 1924 potius

223 1930 303 1956 suut
329 1933 581 1959 monumentum
607 1931 801 1964 ambitionis
826 1945 924 1976 quam

223 1975 358 2006 doloris.
385 1978 572 2010 Gronovius.
598 1980 745 2022 Laboris]
770 1984 808 2014 In
824 1986 924 2026 cippo

223 2028 426 2067 excolendo,
442 2035 476 2060 et
492 2030 555 2061 hoc
570 2033 732 2066 carmine.
780 2036 856 2067 Non
879 2039 923 2068 Ια-

224 2078 310 2108 bores
326 2079 439 2118 operis
456 2081 541 2117 vult,
555 2086 592 2112 ut
605 2083 743 2124 Scalig.,
758 2086 816 2116 sed
833 2097 923 2119 amo-

224 2129 282 2159 ris.
325 2129 444 2160 Poetis
462 2131 549 2161 enim
574 2142 669 2164 amor
695 2141 747 2167 est
775 2137 872 2177 labor,
888 2145 924 2170 ut

224 2179 351 2211 Atticis
377 2180 479 2221 πόνος,
506 2189 540 2212 et
569 2184 706 2216 laborare
734 2196 859 2226 amare,
888 2195 924 2221 ut

224 2229 350 2262 Atticis
366 2233 481 2271 πονεῖν,
496 2235 633 2272 μοχθεῖν.
655 2236 732 2267 vide
759 2239 802 2269 sis
832 2240 923 2271 Mar-

224 2283 338 2312 cilIum
357 2283 396 2313 ad
417 2284 540 2315 Horat.
558 2285 625 2316 Od.
646 2289 694 2317 17.
716 2287 775 2320 lib.
794 2292 823 2320 1.

266 2336 284 2363 8
313 2334 486 2374 Perpetuus
512 2335 623 2376 honor]
668 2338 720 2369 De
757 2346 924 2382 perpetuo

224 2383 333 2414 virore
351 2384 429 2414 buxi
447 2390 480 2415 et
497 2387 587 2425 prati
602 2388 732 2428 accipe.

266 2438 286 2463 9
310 2435 465 2473 Lachesis,
486 2437 556 2476 ἄτη]
580 2438 608 2468 Ε
632 2439 751 2471 Parcis
778 2451 864 2473 una:
889 2443 922 2475 id

225 2489 289 2523 est,
307 2485 362 2515 ubi
379 2485 451 2517 fata
462 2487 669 2520 absolverint
686 2500 825 2531 pensum
844 2493 922 2525 vitre

224 2544 319 2566 meae.

269 2586 371 2617 Eme..
390 2595 447 2618 xc.
483 2590 497 2618 1
519 2589 633 2620 Garris
656 2591 821 2634 inaurem]
846 2595 922 2626 Cin-

224 2645 300 2665 nam
319 2638 442 2676 carpit,
459 2639 511 2669 cui
531 2640 556 2670 is
570 2641 705 2673 sederat
722 2644 869 2683 morbus,
885 2649 923 2676 ut

223 2695 359 2725 z-empcr
376 2688 407 2717 in
426 2698 538 2720 aurem
558 2693 711 2730 proximo
729 2696 872 2733 garriret
889 2700 924 2726 et

225 2739 510 2772 immurmuraret.

266 2791 285 2818 2
310 2789 397 2819 Teste
421 2791 508 2828 quod,
531 2792 597 2832 tSc]
637 2794 736 2826 Quod
764 2796 924 2829 audiente

227 2840 325 2880 vulgo
344 2839 470 2881 profari
488 2843 580 2874 licet.

692 215 832 246 NOTAE
867 218 1128 251 VARIORUM
1164 222 1213 252 IN

1023 317 1041 345 3
1067 318 1175 357 Rides,
1204 318 1352 359 quereris,
1373 317 1445 359 Sym]
1479 318 1597 350 Studia
1622 329 1682 360 po-

981 371 1049 410 puli
1067 370 1098 400 in
1116 370 1249 400 theatro
1267 370 1320 400 vel
1337 370 1428 401 circo
1453 370 1589 400 videtur
1613 371 1677 410 sig-

978 420 1128 452 nificare.
1172 421 1225 452 Ibi
1247 421 1335 451 enim
1363 419 1460 451 modo
1489 420 1680 460 ridebatur,

979 473 1078 504 modo
1108 472 1317 513 plorabatur,
1339 470 1562 509 clamabatur,
1589 471 1681 501 dam-

979 524 1134 562 nabatur,
1150 525 1213 554 &c.
1230 532 1290 563 pro
1307 522 1472 563 cujusque
1497 520 1619 552 affectu
1644 526 1680 552 et

978 584 1087 607 sensu.
1134 575 1219 605 Haec
1236 573 1348 604 omnia
1371 583 1445 613 quae
1473 572 1616 612 populus
1632 571 1681 602 fa-

978 625 1090 657 ciebat
1121 625 1242 665 palam,
1269 624 1377 655 Cinna
1407 623 1506 662 clam,
1533 628 1637 663 atque
1654 622 1681 653 si

977 677 1118 708 haberet
1134 685 1270 714 arcana,
1285 674 1478 705 factitabat.
1502 673 1657 704 Raderus.

1020 732 1037 758 5
1064 728 1188 757 Adeone
1203 724 1341 765 penitus]
1377 724 1514 755 Nullam
1539 724 1604 754 vim
1633 723 1681 753 vi-

977 778 1040 809 deo
1057 778 1089 808 in
1104 775 1383 816 interrogatione.
1428 774 1550 815 ltaque
1576 774 1682 813 magis

978 829 1098 871 probo,
1112 828 1199 868 quod
1219 827 1316 858 estin
1336 824 1512 856 Arondell.
1535 824 1681 864 Adeoque

975 880 1110 921 penitus.
1135 877 1286 909 Gronov.
1331 874 1437 914 Sedit]
1460 873 1603 905 Adeone
1619 873 1680 904 fix-

976 941 1032 961 um
1050 935 1101 961 est
1126 933 1161 960 et
1187 928 1415 958 inveteratum
1438 923 1597 954 stolidum
1614 924 1679 955 hoc

977 980 1124 1012 vitium?
1153 979 1243 1010 Sane
1260 975 1435 1007 ‘morbum
1449 974 1458 988 '
1480 975 1681 1016 quandoque

975 1028 1088 1060 Latini
1118 1029 1237 1059 dicunt
1270 1036 1412 1067 pravam
1440 1025 1610 1066 quandam
1641 1030 1678 1056 et

976 1079 1183 1119 pertinacem
1200 1077 1342 1117 alicujus
1351 1076 1400 1107 rei
1414 1074 1682 1108 affectationem,

977 1129 1073 1169 cujus
1089 1128 1255 1159 rationem
1269 1128 1393 1158 nullam
1410 1127 1561 1167 reperire
1578 1136 1681 1167 queas

978 1178 1088 1215 aliam,
1125 1187 1225 1219 quam
1263 1176 1521 1217 propensionem
1553 1175 1680 1214 ἄλογον.

979 1231 1114 1261 Herald.
1166 1228 1311 1268 Morbus]
1346 1228 1476 1259 Vitium
1508 1227 1679 1259 affectatae

978 1280 1237 1312 taciturnitatis.
1284 1280 1411 1310 Natum
1443 1283 1556 1310 autem
1586 1278 1681 1310 vide·

978 1336 1034 1362 tur
1049 1331 1112 1361 hoc
1129 1331 1237 1371 epigr.
1255 1340 1272 1360 e
1284 1330 1362 1370 joco
1389 1330 1520 1369 Scauri,
1536 1339 1602 1370 quo
1617 1330 1679 1362 Ju-

978 1382 1069 1412 nium
1101 1382 1272 1413 Othonem
1312 1380 1493 1410 Rhetorem
1524 1385 1617 1411 tecto
1645 1386 1680 1412 et

979 1432 1164 1473 suspicioso
1190 1431 1326 1462 dicendi
1348 1440 1471 1471 genere
1495 1441 1590 1461 usum
1608 1437 1681 1462 tax-

977 1483 1060 1521 avit,
1087 1483 1254 1524 inquiens,
1277 1486 1355 1513 acta
1380 1482 1472 1512 illum
1498 1482 1531 1512 in
1562 1492 1679 1513 aurem

980 1533 1119 1564 alterius
1135 1534 1260 1573 legere,
1277 1542 1352 1573 quae
1381 1532 1518 1572 publica
1543 1533 1679 1572 quidem

979 1589 1070 1623 sunt,
1092 1585 1263 1624 vulgoque
1290 1583 1358 1624 legi
1375 1588 1523 1623 oportet.
1568 1583 1680 1614 Rade-

979 1643 1035 1664 rus
1064 1634 1268 1664 clancularie
1284 1633 1545 1664 obtrectationis
1561 1634 1679 1665 vitium

977 1684 1071 1715 innui
1088 1685 1172 1715 vult.

1021 1737 1040 1765 6
1067 1735 1222 1765 Coesarem
1246 1734 1364 1774 laudes]
1403 1734 1509 1774 Cujus
1540 1734 1677 1776 quidem

976 1786 1133 1816 laudibus
1151 1786 1231 1816 nihil
1247 1786 1354 1825 magis
1378 1785 1543 1826 publicari
1561 1786 1679 1818 debet.

1021 1837 1124 1867 Eme.
1141 1845 1228 1867 xcn.
1263 1839 1281 1866 2
1302 1836 1357 1866 Vel
1373 1837 1425 1866 ede
1441 1837 1510 1876 tua]
1547 1837 1595 1867 Ut
1610 1837 1679 1868 sint

978 1897 1052 1927 quae
1085 1896 1148 1927 ego
1176 1886 1321 1916 vicissim
1353 1895 1507 1925 carpam3
1545 1886 1677 1917 videbis

976 1935 1078 1977 ῥᾴδιον
1107 1947 1179 1967 esse
1208 1937 1367 1975 μωμᾶσθαι
1395 1935 1415 1972 ἢ
1442 1936 1602 1976 μιμεῖσθαι,
1641 1942 1677 1968 et

975 1998 1073 2028 quam
1102 1988 1146 2019 sit
1169 1988 1177 2003 ‘
1194 1987 1302 2018 facilis
1327 1986 1427 2027 rigidi
1453 1996 1596 2018 censura
1623 1997 1678 2018 ca-

975 2037 1111 2069 chinni.'

1018 2089 1122 2119 EP1G.
1152 2097 1251 2119 XCIV.
1300 2091 1315 2119 1
1348 2087 1491 2119 Fabricio
1517 2087 1677 2130 Aquinus]

975 2139 1085 2169 Poeta
1117 2139 1232 2169 laudat
1269 2137 1410 2169 formam
1443 2143 1478 2169 et
1512 2144 1676 2170 aeternam

975 2188 1101 2229 Aquini
1132 2194 1168 2220 et
1197 2189 1349 2220 Fabricii
1377 2189 1572 2228 amicitiam,
1600 2199 1675 2230 quae

975 2248 1039 2269 non
1057 2239 1148 2270 vivos
1166 2243 1312 2279 tantum,
1329 2239 1387 2270 sed
1405 2244 1555 2270 mortuos
1571 2240 1676 2271 etiam

975 2290 1161 2329 conjunxit.
1207 2290 1290 2320 Tum
1317 2290 1407 2331 quod
1426 2300 1539 2321 rarum
1563 2300 1676 2321 exem-

974 2341 1067 2381 plum
1105 2345 1169 2380 est,
1195 2340 1343 2371 eundem
1378 2341 1493 2372 ambos
1522 2341 1675 2372 ordinem

974 2391 1438 2432 duxisse‚inte1·quostamen
1450 2391 1677 2422 facillimeex-

974 2442 1047 2474 istit
1064 2443 1227 2473 simultas.
1254 2443 1336 2473 Rad.
1369 2443 1421 2473 Dc
1438 2443 1487 2473 his
1499 2442 1675 2483 Polybius.

1015 2496 1035 2524 2
1062 2494 1124 2529 Qui
1138 2494 1233 2534 prior,
1253 2494 1322 2534 fisa]
1358 2494 1424 2526 Qui
1441 2494 1592 2535 Aquinus
1619 2495 1680 2524 lae-

974 2544 1040 2576 tior
1055 2549 1196 2575 mortem
1223 2545 1320 2585 obiit,
1349 2545 1438 2586 quod
1465 2546 1528 2577 sibi
1558 2557 1675 2589 super-

973 2601 1042 2627 stes
1059 2595 1146 2626 foret
1160 2597 1308 2626 amicus:
1334 2597 1411 2628 vide
1429 2607 1530 2636 supra
1547 2608 1601 2637 ep.
1620 2602 1674 2628 37,

1015 2648 1033 2676 3
1057 2645 1123 2676 Ara
1139 2646 1263 2684 duplex,
1277 2643 1344 2683 ᾃίκ]
1374 2644 1480 2675 Simul
1495 2646 1549 2676 vel
1567 2656 1674 2686 prope

972 2697 1113 2738 sepultis
1135 2696 1269 2737 gemina
1299 2696 1452 2726 excitata
1474 2706 1532 2726 ara
1563 2701 1598 2727 et
1624 2697 1673 2727 in-

974 2750 1105 2788 scripta
1129 2752 1277 2778 testatur
1302 2745 1406 2777 fuisse
1435 2757 1492 2778 eos
1521 2747 1674 2787 primipi-

972 2800 1071 2830 lares.

1023 2853 1032 2881 l
1062 2851 1145 2890 Plus,
1164 2849 1230 2889 Mn]
1262 2850 1337 2881 Hoc
1358 2855 1466 2881 lamen
1484 2850 1597 2891 (quem
1615 2850 1673 2881 do-
