1866 3131
258 200 304 241 1]
315 201 370 242 74

258 305 346 336 enim
364 304 520 344 voluptas
538 307 603 343 est,
618 303 645 334 si
663 303 741 344 quid
759 310 900 345 propter
916 315 952 336 se

256 361 403 386 ametur:
423 364 488 385 non
502 355 617 394 placet
630 354 774 394 ingenua
787 356 951 397 conditio,

255 406 316 437 sed
335 406 481 445 ingenua
495 404 612 437 facies.

297 459 317 486 2
340 455 515 495 Libertina,
538 455 607 496 ᾅ·σ.]
644 456 728 487 Filia
753 456 866 488 liberti
895 458 948 500 qui

253 516 273 537 e
289 515 389 537 servo
405 506 626 537 manumissus
639 505 715 538 fuit.

297 557 403 589 Eme.
426 566 558 588 xxxw.
586 560 601 587 1
628 557 748 598 Digna,
775 558 842 599 Syia]
866 558 951 590 Con-

253 607 348 637 venit
363 607 424 638 tibi
440 616 560 637 nomen
577 607 721 638 Chiones
734 608 825 648 (χίων
837 614 949 640 autem

251 656 353 687 m'vem
366 655 552 697 significat)
566 657 645 697 quia
667 656 789 698 frigida
804 668 839 689 es
857 658 947 689 blan-

254 706 362 745 ditiis,
389 706 569 746 amoribus,
587 707 638 737 vel
663 707 764 746 alias;
789 717 854 738 non
871 717 948 739 con-

251 757 359 795 venit,
376 757 453 797 quia
469 757 566 797 nigra
582 767 628 787 es.

294 807 398 837 Epic..
421 815 535 838 xxxv,
551 809 566 837 l
592 806 764 846 Plzicliacoe,
778 807 848 848 ὅπη]
871 807 948 839 Phi-

252 857 325 887 dias
351 857 534 888 toreutices
557 857 714 888 inventor
742 856 818 888 fuit.
864 858 946 889 ‘To-

251 906 378 938 reuma’
395 912 448 938 est
471 916 553 947 opus
578 907 748 944 eaelatum,
764 908 948 948 cujusmodi

251 961 332 988 sunt
363 957 502 995 calices,
533 961 692 996 crateres,
721 958 816 998 signa
844 959 948 989 homi-

251 1017 344 1046 nnm,
367 1012 425 1038 aut
440 1007 602 1046 ferarum,
618 1013 675 1039 aut
690 1007 809 1039 florum
826 1019 949 1040 exenn-

248 1059 299 1089 tia
319 1059 551 1100 extantiaque.
573 1058 732 1091 Juvenal.
750 1061 784 1091 S.
804 1063 834 1092 1.
881 1063 890 1078 ‘
904 1063 949 1093 Et

246 1113 394 1140 stantem
412 1114 510 1140 extra
526 1111 649 1150 pocula
662 1110 825 1151 caprum.’
871 1112 948 1143 Non

247 1160 382 1202 quidem
408 1171 427 1192 a
444 1161 566 1192 Phidia.
589 1161 716 1192 factum
734 1167 885 1194 toreuma
898 1164 946 1195 di-

249 1216 309 1249 cit,
338 1210 397 1241 sed
425 1211 467 1242 ab
492 1212 668 1243 inventore
686 1213 819 1253 Phidia,
837 1219 948 1245 toreu-

249 1261 319 1292 tice
334 1260 459 1292 dicitur
475 1261 649 1293 Phidiaca.
675 1263 756 1294 Rad.

290 1314 310 1341 2
334 1312 422 1342 Adde
443 1321 567 1351 aquam,
594 1313 661 1352 Esca]
686 1312 740 1343 Ita
765 1312 807 1343 ad
835 1313 945 1344 vivum

247 1362 410 1402 expressi,
422 1367 459 1392 ut
471 1361 588 1392 addita
599 1371 685 1403 aqua
699 1362 877 1394 videantur
889 1374 944 1395 na-

249 1411 365 1442 taturi.
390 1412 637 1452 Hyperbolice.

287 1465 395 1494 Epic.
427 1471 561 1494 xxxx'l.
589 1466 604 1493 l
632 1463 721 1499 Quod
746 1474 851 1504 novus,
876 1464 945 1505 Sym]

246 1513 454 1552 Expostulat
475 1523 548 1543 cun]
567 1513 712 1544 Fabiano
736 1515 946 1555 injuriarum,

246 1563 336 1604 quod
353 1573 428 1594 cum
443 1569 538 1594 vetus
556 1570 646 1595 esset
661 1565 798 1603 amicus,
811 1566 945 1596 easdem

245 1619 443 1654 cogeretur,
474 1623 556 1654 quas
582 1614 714 1645 sodales
745 1616 836 1654 novi,
863 1625 942 1656 ope-

243 1673 298 1694 ras
313 1669 479 1703 praestare
493 1664 774 1696 anteambulonis.
792 1666 946 1698 Ramires.

244 1714 364 1755 Exigis
391 1725 409 1745 a
435 1724 487 1745 me
512 1715 623 1746 veteri
639 1716 745 1747 amico
760 1720 795 1747 et
820 1716 945 1748 cliente

243 1763 355 1796 officia
383 1774 449 1795 non
475 1765 618 1804 minora,
645 1776 744 1806 quam
771 1776 847 1807 quae
885 1777 943 1798 no-

243 1824 303 1845 vus
320 1819 462 1854 praestat
473 1815 589 1846 cliens.

286 1867 305 1895 3
343 1864 515 1903 Horridus,
556 1864 626 1905 ge]
666 1865 803 1906 Frigore
835 1871 943 1898 matu-

243 1914 334 1953 tiu03
363 1915 415 1945 vel
441 1915 552 1946 cultus
570 1915 744 1956 neglectu,
766 1916 844 1948 dnm
873 1927 944 1957 pro·

243 1975 327 2006 pero
351 1971 387 1997 nt
401 1966 489 1997 inter
506 1966 631 2007 primos
649 1968 851 2000 salutatores
868 1969 942 2000 sim.

243 2019 369 2051 Juven.
386 2021 417 2049 3.
434 2022 488 2049 20.

284 2072 305 2100 4
329 2070 384 2100 Me
400 2073 453 2100 tua
465 2069 553 2108 sella,
578 2070 647 2110 ξω]
671 2069 942 2109 Praecedentem,

243 2121 478 2160 comitantem,
491 2121 753 2162 subsequentem
770 2125 862 2152 tuam
877 2122 941 2152 sel-

242 2173 330 2203 lam:
363 2172 471 2212 epigr.
507 2175 558 2203 10.
593 2173 615 2203 l.
648 2175 696 2203 10.
725 2181 809 2204 vers·
834 2176 878 2205 ,6.
905 2178 941 2205 et

243 2223 353 2263 epigr.
370 2225 423 2253 26.
443 2223 464 2254 l.
485 2225 537 2253 12.

285 2277 304 2303 5
329 2272 472 2312 Decima,
497 2274 565 2314 85⁴2]
588 2273 671 2304 Cum
700 2276 832 2315 octava,
865 2284 940 2315 qnae

242 2328 373 2363 aestate,
399 2333 488 2354 noua
514 2333 588 2364 quae
612 2324 745 2364 hyeme,
778 2325 942 2356 lavationi

242 2375 448 2415 assignatur,
493 2380 596 2415 cogat
636 2376 792 2406 comitari
831 2380 864 2407 te
898 2375 940 2407 ad

240 2426 362 2457 balnea
389 2425 564 2466 Agrippae,
587 2426 659 2466 ipse
685 2427 814 2458 loturus
841 2428 942 2468 longe

240 2477 275 2507 in
304 2476 434 2507 balneis
458 2477 537 2507 Titi.
582 2477 645 2508 Vel
663 2477 829 2518 queritur,
852 2477 941 2518 quod

237 2529 310 2568 jam
337 2528 454 2567 lassus,
481 2528 562 2559 hora
585 2528 719 2560 decima
745 2529 798 2560 vel
825 2529 942 2568 serius,

242 2578 375 2619 qnando
385 2579 455 2619 jam
474 2579 674 2609 coenandum
691 2584 792 2618 esset,
807 2588 944 2619 cogere-

242 2633 298 2659 tur
311 2628 404 2668 sequi
416 2628 600 2659 Fabianum
613 2629 647 2659 in
661 2629 806 2660 thermas
817 2629 940 2670 Agrip-

242 2687 320 2718 pae3
343 2687 408 2718 quo
436 2678 482 2708 ibi
508 2679 640 2719 relicto,
664 2680 753 2720 qnod
776 2680 872 2710 simul
896 2680 941 2711 la-

243 2728 313 2758 vari
342 2737 402 2767 per
427 2726 550 2759 fastum
578 2729 676 2760 amici
703 2730 850 2770 potentis
877 2739 941 2761 non

242 2779 363 2810 liceret
376 2788 383 2816 ;
402 2780 609 2819 properabat
620 2780 691 2820 ipse
711 2781 752 2811 ad
767 2781 840 2813 Titi
853 2782 940 2812 ther-

720 210 858 240 NOTAE
895 212 1150 243 VARIORUM
1188 213 1238 242 IN

1001 315 1082 347 maS,
1098 316 1172 347 quae
1195 307 1295 346 longo
1317 304 1570 346 spatiordissitae
1598 306 1696 337 erant

1003 369 1021 390 a
1033 359 1169 390 thermis
1183 358 1355 399 Agrippae.
1380 356 1536 387 Ramnes.

1043 412 1062 439 7
1087 408 1286 448 Decembres]
1311 408 1439 439 Annos.
1484 406 1588 439 Quasi
1606 406 1697 438 dice-

1001 463 1073 490 ret:
1096 459 1149 489 Tu
1167 469 1227 500 pro
1245 459 1293 489 his
1310 458 1426 489 officiis
1445 457 1585 498 triginta
1601 458 1695 489 annis

1001 509 1064 540 tibi
1083 509 1257 550 praestitis,
1282 509 1401 550 quibus
1433 508 1547 539 attrivi
1571 512 1697 549 togam,

1000 570 1065 591 non
1091 566 1194 600 tuam,
1220 560 1278 591 sed
1303 569 1432 598 meam3
1464 559 1611 590 nondum
1641 569 1694 590 me

999 609 1083 640 rude
1100 610 1215 650 donas,
1227 616 1261 641 et
1277 611 1383 651 gratis
1405 611 1591 651 sportulam
1608 619 1697 651 prae·

999 660 1081 691 bes?
1103 661 1185 692 lead.

1041 713 1061 740 9
1084 710 1231 750 Meuqne]
1263 710 1347 742 Cum
1378 710 1434 741 alii
1460 709 1594 750 patroni
1619 710 1695 741 mit-

1000 764 1071 790 tere
1089 760 1219 791 soleant
1235 761 1414 791 clientibus
1429 766 1535 800 togas.

1041 812 1081 839 10
1106 810 1242 850 Rndem]
1275 811 1524 841 Liberationem
1550 810 1592 841 ab
1623 809 1695 841 offi-

997 858 1078 897 ciis3
1109 864 1254 890 tractum
1271 860 1313 891 ab
1341 871 1465 891 arena:
1490 861 1695 900 gladiatores

998 910 1084 940 enim
1101 914 1204 940 aetate
1217 910 1471 950 ingravescente
1495 910 1590 950 quasi
1605 919 1695 940 eme-

998 960 1053 990 riti
1070 960 1102 990 in
1120 960 1305 1001 magisterii
1327 960 1456 1000 siguum
1484 960 1695 1000 accipiebant

999 1010 1116 1041 rudem
1147 1019 1210 1051 qua
1240 1010 1356 1041 donati
1384 1021 1449 1042 non
1482 1011 1694 1051 cogebantur

1000 1060 1122 1090 deinde
1152 1069 1315 1100 pugnare,
1342 1060 1476 1100 publice
1495 1065 1606 1091 tamen
1625 1061 1693 1091 ale-

1001 1110 1132 1140 bantur.
1186 1110 1391 1141 Rumiresius
1421 1115 1518 1150 putat
1549 1110 1693 1141 Poetam

998 1160 1152 1201 ambigue
1169 1161 1320 1192 allusisse
1337 1160 1379 1191 ad
1397 1166 1509 1201 togam
1523 1161 1652 1192 rudem.

1040 1211 1142 1242 Epio.
1159 1220 1304 1242 xxxvn.
1326 1212 1366 1241 In
1390 1212 1556 1242 irascentes
1570 1212 1697 1253 amicos]

998 1262 1059 1292 Est
1075 1261 1291 1302 reprehensio
1308 1261 1466 1302 divitum,
1490 1263 1546 1303 qui
1568 1262 1694 1293 irarum

996 1312 1206 1343 occasionem
1221 1317 1389 1353 quaerunt‚
1405 1322 1446 1343 ne
1461 1312 1571 1343 officia
1584 1312 1696 1343 inferi-

998 1371 1090 1394 orum
1106 1363 1287 1394 amicorum
1299 1368 1539 1394 munerentur:
1559 1364 1617 1394 sed
1634 1373 1696 1404 pro

997 1413 1108 1454 gratia
1122 1413 1235 1444 odium
1252 1413 1413 1445 reddunt.
1438 1414 1643 1446 Ramiresius.

1039 1467 1058 1495 2
1084 1465 1155 1495 Non
1171 1464 1382 1505 bellefacitis]
1408 1464 1484 1496 Non
1502 1475 1544 1496 ex
1562 1465 1695 1496 ratione

996 1519 1031 1546 et
1059 1525 1173 1555 causa,
1200 1515 1260 1546 sed
1293 1515 1504 1547 occasionem
1539 1515 1692 1555 quaeritis

995 1565 1131 1596 irarum.
1191 1566 1254 1596 Sed
1285 1566 1390 1604 juvat,
1419 1566 1488 1606 ξω]
1522 1566 1614 1597 Utile
1645 1570 1697 1597 est

996 1616 1092 1646 vobis
1119 1615 1184 1646 iras
1210 1617 1378 1656 simulare,
1403 1626 1444 1647 ue
1472 1616 1694 1648 muneremini

998 1676 1185 1706 pauperum
1203 1666 1330 1698 officia:
1347 1667 1395 1697 sic
1412 1677 1468 1707 ep.
1481 1667 1569 1698 13.1.
1583 1670 1635 1699 12.

1037 1718 1142 1748 Epm.
1170 1726 1335 1748 xxxvur.
1355 1718 1408 1748 Ad
1437 1716 1584 1757 Sextum]
1608 1718 1695 1749 Cou-

997 1769 1149 1809 queritur
1175 1769 1254 1799 nihil
1271 1769 1386 1799 Romae
1403 1768 1547 1808 amplius
1572 1768 1695 1799 Roma-

995 1829 1086 1858 num,
1125 1819 1217 1849 nullo
1245 1819 1355 1859 pretio
1386 1829 1458 1849 esse
1496 1818 1631 1859 ingenia
1658 1824 1693 1850 et

994 1873 1104 1898 artes:
1130 1868 1294 1908 simulque
1321 1868 1472 1898 ostendit
1490 1869 1603 1899 Romae
1622 1869 1693 1899 nul-

994 1918 1060 1948 lum
1075 1927 1148 1948 esse
1166 1918 1261 1948 bonis
1277 1918 1355 1948 viris
1368 1918 1490 1948 locum.

1036 1971 1056 1999 4
1083 1967 1226 2008 Triplici,
1242 1967 1310 2008 εμπ]
1333 1971 1363 1998 l.
1387 1969 1507 1999 Veteri
1531 1969 1692 2000 Romano.

992 2021 1023 2049 2.
1047 2018 1123 2058 Caji
1153 2017 1238 2049 Julii
1271 2018 1429 2050 Caesaris.
1483 2021 1512 2050 3.
1536 2018 1695 2060 Augusti.

993 2068 1070 2099 vide
1097 2068 1198 2099 Alex.
1221 2067 1332 2108 Neap.
1357 2069 1379 2099 Ι.
1407 2071 1439 2099 2.
1456 2078 1487 2099 c.
1506 2072 1557 2100 12.
1603 2070 1691 2101 Mar-

992 2120 1074 2151 tian.
1090 2121 1120 2149 3.
1139 2119 1160 2150 l.
1173 2121 1225 2149 24.
1239 2128 1268 2150 c.

1035 2173 1053 2199 5
1079 2167 1173 2208 Egit]
1203 2167 1319 2209 Inquit
1356 2166 1479 2207 Poeta,
1513 2172 1566 2199 est
1601 2169 1690 2200 enim

991 2219 1232 2259 Dialogismus.
1285 2218 1459 2258 Atestinus,
1489 2219 1593 2259 Cujus,
1623 2220 1691 2262 effa]

993 2271 1180 2302 Caussidici
1196 2280 1373 2311 pauperes.
1398 2273 1532 2304 nomina
1548 2272 1690 2304 fortasse

991 2322 1084 2353 ficta.
1142 2322 1318 2362 Atestinus]
1344 2322 1396 2354 Ab
1435 2324 1571 2364 Ateste,
1607 2325 1689 2355 urbe

992 2374 1202 2404 Venetorum
1220 2373 1341 2404 ditioni
1355 2373 1521 2414 subjecta.

1033 2427 1054 2454 6
1076 2425 1193 2455 Pensio
1208 2423 1363 2465 totasuit]
1389 2425 1497 2466 Supra
1511 2425 1618 2466 epigr.
1635 2428 1688 2456 30.

993 2484 1080 2506 vers.
1107 2477 1138 2505 4.
1182 2475 1332 2506 Quorum
1364 2479 1508 2516 uterque
1537 2484 1601 2505 non
1632 2475 1688 2505 ha-

991 2525 1078 2565 buit,
1091 2525 1181 2556 unde
1198 2525 1347 2556 solveret
1369 2535 1514 2556 annuam
1530 2525 1690 2557 conducti

991 2578 1071 2609 laris
1088 2578 1279 2617 pensionem
1296 2582 1414 2608 totam.

1034 2631 1053 2659 7
1077 2626 1114 2658 Si
1128 2627 1218 2665 nihil,
1234 2628 1303 2668 δῖα]
1325 2626 1447 2658 Refert
1462 2628 1596 2659 Sextus.

1034 2681 1054 2709 8
1078 2678 1154 2708 Esse
1176 2678 1318 2708 Maronis
1333 2676 1420 2717 opus]
1445 2678 1526 2709 Mea
1538 2677 1687 2710 carmIna

992 2737 1125 2770 aequare
1137 2727 1271 2767 Virgilii
1285 2737 1381 2767 opus.

1033 2781 1053 2809 9
1079 2778 1191 2808 Omnes
1224 2777 1350 2817 gelidis,
1387 2776 1456 2817 ἔξω]
1492 2777 1618 2810 Omnes
1654 2778 1687 2810 hi
