1866 3131
214 178 326 220 1226

258 287 276 314 3
301 284 428 323 Plures,
442 284 511 325 Sym]
535 283 676 316 Lumina
690 289 726 316 et
740 293 915 315 ornamen-

213 340 247 365 ta
263 335 449 365 carminum
467 339 569 366 vocat
584 345 743 374 gemmas.

256 389 275 416 4
302 386 378 415 [mle
402 388 448 415 est
471 385 547 424 haec,
569 386 636 426 εἷα]
661 387 832 418 Gemmeis
857 397 914 417 an-

214 435 300 465 nulis
317 440 469 474 ornatur,
484 436 573 477 quod
600 437 787 478 elegantias
815 443 849 469 et
867 439 913 469 lu-

212 486 301 516 mina
315 487 347 516 in
365 487 516 517 carmine
532 496 657 527 ponere
673 489 774 519 sciat.

257 537 363 567 Epio.
375 545 443 568 ΧΠ.
460 537 762 578 Venustejocatur
776 538 807 568 in
823 548 913 579 gem-

213 596 283 617 mas
310 587 442 625 steine,
465 587 587 628 quibus
604 588 708 619 credo
726 589 912 628 puellarum

213 637 265 668 vel
282 647 353 677 ora,
371 638 422 669 vel
439 638 608 669 nominum
626 639 736 670 literae
751 646 847 669 erant
866 640 912 670 in-

211 690 363 730 scriptae.
410 690 490 725 Alii,
517 691 639 732 inquit,
663 690 780 731 gravia
807 692 914 721 cervi-

211 740 307 772 cibus
323 750 447 779 oncra3
472 741 528 772 alii
552 742 698 771 humeris
715 747 750 771 et
767 741 913 772 brachiis

212 796 344 831 septem
362 795 482 822 octove
497 800 619 831 pueros
631 795 811 831 gestarunt
827 801 833 821 ε
851 791 913 821 hoc

211 841 293 872 nihil
320 847 372 872 est
387 852 395 879 3
433 841 543 872 Stella
573 851 639 872 uno
664 841 770 881 digito
798 847 914 882 portat

211 892 329 924 decem
348 893 486 933 puellas.
512 893 593 923 Rati.

257 946 272 973 l
298 942 476 982 Perticatu]
501 943 540 974 P.
556 943 665 973 Scriv.
680 952 721 973 ex
737 947 809 983 opt.
829 943 914 974 Cod.

211 994 622 1035 autoritate,judicioque
639 999 711 1034 opt.
729 1004 802 1034 suo,
817 1004 914 1034 repo-

212 1045 262 1076 nit
284 1045 449 1085 perticata,
471 1055 546 1076 cum
571 1045 663 1085 prius
679 1046 806 1076 lectum
824 1051 915 1077 esset

210 1097 387 1135 pertinaci:
411 1102 619 1137 censentque
646 1098 854 1128 Mastliliona
878 1103 915 1128 et

212 1146 333 1179 Linum
345 1146 447 1178 fuisse
460 1148 712 1188 θαυματοποιοὺς,
724 1149 914 1189 cujusmodi

210 1197 315 1228 fuisse
333 1198 540 1230 Athanatum
558 1204 593 1230 et
612 1199 746 1230 Fusium
762 1199 916 1230 meminit

211 1248 343 1279 Plinius
370 1249 427 1280 lib.
455 1252 486 1280 7.
514 1259 587 1290 cap.
611 1253 664 1281 20.
693 1251 784 1281 illum
801 1256 913 1281 autem

211 1299 408 1339 resupinum
423 1300 598 1341 (quocirca
614 1301 649 1331 in
665 1310 737 1342 seq.
754 1310 853 1332 versu
868 1302 913 1332 le-

213 1350 318 1389 gerim
334 1350 476 1390 supinus,
495 1352 568 1382 loco
583 1352 639 1382 τοῦ
653 1351 817 1392 superbus)
835 1362 912 1383 con-

210 1405 281 1430 tum
311 1409 370 1430 seu
404 1401 569 1440 perticam
602 1403 784 1442 stupendae
817 1403 913 1434 molis

211 1454 361 1481 erectam
396 1451 427 1480 iu
467 1460 548 1482 area
586 1451 709 1483 frontis
740 1457 913 1493 gestasse3

212 1501 300 1531 hunc
318 1506 462 1542 utroque
487 1501 623 1533 brachio
639 1513 760 1543 pueros
778 1505 913 1536 multos.

210 1551 394 1582 Salmasius
411 1551 495 1583 dicit
510 1553 773 1594 Phalangariuni
796 1555 849 1586 hic
866 1556 914 1586 in-

212 1601 334 1641 telligi.
382 1604 390 1619 ‘
405 1602 646 1644 Plialangarii,’
669 1605 698 1636 οἱ
722 1607 791 1637 ταῖς
815 1607 915 1638 δοκοῖς

210 1653 437 1693 ἀποκρεμῶντες
449 1653 542 1695 βάρη,
553 1655 602 1686 καὶ
613 1657 751 1689 πλείονες
766 1656 828 1695 ἅμα
836 1660 914 1693 βασ-

209 1703 377 1744 wifam-es:
404 1706 512 1737 Paulo
528 1707 680 1739 diversus
696 1710 768 1741 abit
792 1721 813 1742 a
846 1712 915 1742 No·

210 1756 276 1787 nio.
306 1756 370 1787 Ille
388 1758 396 1773 ⁶
411 1756 658 1798 Plialangarios
672 1759 679 1770 '
698 1765 835 1791 vocatos
850 1766 915 1792 tra·

213 1807 275 1843 dit,
292 1807 349 1846 qui
367 1807 489 1846 singuli
506 1818 568 1848 per
593 1818 628 1839 se
645 1808 794 1841 fustibus
811 1821 914 1843 onera

212 1862 373 1887 vectant:
399 1857 474 1887 talis
500 1858 556 1888 ille
582 1859 770 1891 Masclilion
794 1862 914 1892 Marti-

212 1906 287 1938 alis.
332 1906 378 1937 At
396 1907 592 1939 Glossarum
618 1916 737 1940 auctor
753 1910 794 1942 de
813 1912 914 1952 pluri-

214 1957 276 1988 bus
304 1957 478 1998 intelligit,
495 1958 550 1999 qui
568 1960 742 2000 conjuncti
767 1960 914 1994 fustibus

212 2017 316 2039 onera
333 2013 482 2048 poi-tant.
530 2009 575 2040 Et
591 2015 724 2041 veteres
739 2011 914 2043 Gramma-

212 2061 273 2092 tici
291 2065 412 2092 notant
435 2062 444 2078 ‘
457 2061 700 2102 phalangarum
714 2061 721 2073 ’
749 2063 915 2095 vocabulo

211 2111 394 2153 significari
412 2111 551 2143 bacillos
573 2112 644 2143 sive
661 2112 770 2144 fustes
788 2119 913 2146 teretes

212 2163 373 2195 modicos.
434 2163 602 2194 Martialis
630 2163 779 2203 perticas
804 2170 915 2205 vocat,

214 2220 314 2255 atque
329 2214 407 2245 inde
425 2215 433 2231 ‘
448 2214 618 2255 perticata
631 2213 746 2244 frons.’
766 2214 914 2255 Hesych.

213 2263 388 2303 φαλάγγια,
399 2263 582 2304 στράγγυλα
595 2262 672 2302 ξύλα
684 2263 734 2294 καὶ
747 2263 914 2306 σύμμετρα.

212 2316 344 2346 Salmas.

257 2370 277 2397 6
305 2366 372 2396 Uno
394 2375 462 2395 cum
486 2365 600 2405 digito,
611 2365 682 2406 Sym]
705 2366 789 2397 Cum
807 2366 914 2398 Stella

215 2426 280 2447 uuo
296 2415 437 2456 digitulo
457 2420 571 2456 portet
591 2419 641 2447 10.
664 2416 818 2455 annulos,
836 2417 912 2448 toti·

214 2467 291 2498 dem
320 2467 508 2507 puellarum
538 2466 691 2507 pignora,
717 2467 771 2497 vel
802 2469 914 2508 potius

215 2527 274 2547 ora
287 2526 344 2547 seu
357 2514 485 2555 effigies
498 2519 547 2546 10.
562 2517 751 2556 puellarum
764 2516 870 2558 (forte
882 2521 914 2550 9.

216 2566 390 2597 Musarum
407 2571 442 2596 et
461 2565 636 2597 Hiantidis
653 2577 736 2605 suae,
750 2574 853 2609 atque.
869 2569 916 2599 al-

216 2616 324 2647 lusum
339 2615 380 2646 ad
405 2615 529 2656 Pyrrhi
546 2625 725 2656 gemmam,
740 2628 806 2659 qua
824 2617 917 2649 effin-

217 2666 362 2706 gebatur
374 2665 498 2707 Apollo
514 2676 588 2697 cum
606 2669 638 2698 9.
655 2667 779 2708 Musis)
796 2669 829 2699 in
846 2669 915 2699 uni-

217 2726 253 2746 us
265 2716 378 2746 annuli
389 2726 447 2746 scu
459 2717 605 2756 plurium
617 2718 755 2756 genimis
770 2719 917 2760 insculp-

219 2772 269 2798 tas
286 2770 412 2806 portet.

264 2816 364 2847 temo.
383 2824 463 2846 xiii.
494 2815 532 2845 Sc
549 2815 708 2847 divitibus
725 2819 915 2859 autcponit3

685 188 825 218 NOTAE
861 188 1122 219 VARIORUM
1159 188 1208 217 IN

967 282 1057 324 quod
1087 281 1210 313 divites
1235 282 1331 313 multi
1357 286 1392 314 et
1410 291 1435 313 >e
1461 283 1585 323 populo
1612 283 1664 313 vel

965 335 1045 372 siut,
1062 334 1115 364 vel
1130 343 1203 364 esse
1222 333 1372 374 possiut3
1396 332 1507 374 poeta}
1526 333 1591 363 rari
1607 343 1665 364 nu-

965 391 1154 415 merentur.

1007 438 1026 465 2
1054 435 1125 465 Non
1139 433 1292 473 obscurus,
1304 432 1373 473 ξω]
1391 433 1530 473 Ingenio
1543 433 1666 473 clarus,

965 485 1090 515 honore
1109 484 1236 525 equitis
1253 489 1288 514 ct
1309 484 1409 516 titulo
1434 483 1590 515 donatus.
1606 484 1664 516 lib.

965 540 995 568 2.
1013 537 1130 576 Epigr.
1147 539 1201 567 91.
1217 542 1251 566 et
1268 538 1322 566 92.
1339 545 1404 566 non
1421 545 1522 566 censu
1540 545 1665 576 eques:

966 588 1134 628 Equester
1151 587 1241 617 enirn
1263 586 1347 617 ordo
1372 586 1580 626 temporibus
1600 586 1666 616 Do-

965 638 1096 668 mitiani
1114 636 1203 668 faede
1219 637 1484 676 contaminatus,
1499 647 1574 667 cum
1593 646 1667 676 pes-

965 689 1057 719 simis
1068 688 1197 718 artibus
1215 688 1255 719 ad
1269 697 1345 718 euni
1358 689 1514 718 honorem
1531 687 1666 727 pessimi

966 739 1088 780 quique
1126 743 1161 770 et
1207 737 1349 769 infames
1393 738 1665 770 admitterentur.

966 789 1066 822 Quod
1078 789 1253 821 juvenalis
1266 790 1375 820 Sat-3.
1388 789 1566 829 deplorat:
1581 789 1589 804 ⁶
1604 789 1668 819 Ex-

966 845 1034 879 eat,
1064 840 1186 880 inquit,
1216 841 1317 881 Cujus
1345 850 1400 871 res
1423 841 1490 881 legi
1518 850 1585 870 uon
1603 839 1668 870 suf-

966 890 1048 928 ficit,
1064 896 1099 921 et
1115 890 1256 922 sedeant
1281 893 1333 922 liic
1356 892 1530 923 Lenonum
1549 891 1668 931 pueri‚’

966 944 1029 972 &cu

1009 995 1027 1023 3
1056 992 1195 1029 Dicit-ur,
1211 992 1329 1033 hic-est]
1356 992 1474 1033 Digito
1486 996 1667 1024 monstror.

1008 1047 1027 1074 4
1055 1044 1202 1085 Quodque
1222 1045 1314 1083 cinis,
1339 1043 1406 1084 Qu]
1431 1044 1547 1085 Epigr.
1568 1047 1594 1074 1.
1610 1043 1667 1075 lib.

969 1098 996 1126 l.
1014 1104 1099 1126 vers.
1113 1098 1143 1126 4.

1007 1148 1028 1176 6
1050 1145 1229 1177 Libertinas
1244 1145 1334 1185 arca]
1359 1146 1534 1186 IngenteS,
1550 1147 1665 1187 quales

967 1196 1191 1236 possederunt
1208 1197 1321 1228 liberti
1340 1197 1510 1235 ditissimi,
1525 1198 1668 1238 Cliryso-

967 1257 1086 1287 ponus,
1115 1247 1308 1286 Narcissus,
1339 1247 1466 1286 Pallas,
1496 1248 1669 1287 Callistus,

965 1300 1029 1329 διο.
1060 1308 1142 1339 quos
1167 1304 1344 1329 enumerat
1369 1298 1500 1328 Plinius
1531 1298 1587 1329 lib.
1615 1301 1669 1329 36.

966 1357 1042 1388 cap.
1055 1350 1106 1378 18.
1132 1348 1288 1387 Flagellat
1299 1347 1383 1388 opes]
1401 1348 1501 1378 Libro
1518 1356 1550 1379 z.
1564 1349 1666 1388 Epig.

965 1399 1017 1428 30.
1033 1407 1082 1427 vs.
1099 1400 1130 1428 4.
1147 1403 1182 1428 et
1200 1398 1300 1438 Epig.
1313 1400 1367 1428 42.
1382 1398 1440 1428 lib.
1456 1401 1487 1428 4.
1503 1408 1590 1429 vers.
1604 1401 1635 1430 7.

1007 1450 1026 1478 7
1052 1448 1242 1487 Magnaque,
1257 1447 1324 1487 ὃτι]
1351 1448 1438 1479 Sunt
1454 1449 1514 1479 tibi
1533 1449 1667 1480 latifun-

965 1497 1022 1529 dia
1050 1498 1082 1529 in
1107 1498 1212 1529 fertili
1237 1498 1402 1540 Aigypto,
1428 1499 1522 1540 cujus
1547 1499 1667 1530 civitas

968 1549 977 1564 ⁴
988 1548 1136 1579 umbram
1151 1558 1316 1590 nusquam
1332 1548 1462 1580 flexura
1475 1550 1610 1591 Syene!

1007 1602 1027 1630 S
1052 1599 1187 1638 Gallica,
1213 1599 1282 1639 Esou]
1322 1600 1444 1631 Galliae
1483 1600 1667 1641 Cisalpiuae

965 1649 1059 1690 urbs,
1074 1650 1152 1680 lana
1172 1650 1305 1681 nobilis.
1350 1651 1453 1692 Epig.
1478 1653 1530 1683 43.
1554 1652 1612 1683 lib.
1636 1655 1668 1684 2.

967 1711 1054 1731 vers.
1072 1703 1103 1732 4.
1116 1706 1151 1731 et
1164 1701 1222 1732 lib.
1242 1704 1291 1732 14.
1308 1702 1429 1742 Epigr.
1442 1704 1516 1733 155.

1008 1754 1028 1781 9
1053 1751 1124 1781 Hoc
1147 1761 1213 1790 ego,
1236 1751 1305 1792 asma]
1331 1751 1431 1784 Quod
1458 1761 1562 1792 supra
1585 1752 1668 1790 dixi,

965 1809 1028 1841 ego
1043 1801 1173 1832 scilicet
1190 1801 1328 1843 Pauper
1340 1801 1481 1833 doctus:
1509 1808 1545 1834 tu
1560 1803 1666 1834 Dives

965 1851 1133 1883 indoctus.

1007 1902 1114 1932 Epic.
1140 1909 1213 1931 xiv.
1238 1901 1428 1932 Venustum
1451 1911 1531 1932 sane
1548 1907 1583 1933 et
1600 1903 1670 1934 ele-

965 1961 1047 1992 gans
1073 1952 1305 1992 Epigramma,
1333 1957 1368 1982 et
1395 1962 1523 1983 summo
1552 1955 1666 1993 lepore

965 2003 1120 2034 tinctum.
1169 2002 1363 2033 Nauneium
1381 2003 1451 2034 scil.
1464 2004 1599 2035 solitum
1611 2014 1667 2034 au-

966 2058 1000 2084 te
1017 2053 1203 2084 Domitiani
1217 2053 1365 2085 edictum
1383 2054 1501 2085 sedere
1523 2056 1612 2086 inter
1635 2067 1667 2086 e-

965 2105 1088 2146 quites,
1103 2108 1139 2135 et
1156 2104 1291 2145 quidem
1317 2106 1349 2135 in
1365 2107 1570 2146 equestrium
1598 2109 1664 2149 pri-

965 2165 1018 2186 mo
1035 2154 1155 2196 gradu,
1182 2156 1239 2196 qui
1269 2156 1310 2185 ad
1337 2156 1579 2197 Orchestram3
1606 2160 1664 2191 sed

964 2207 1116 2246 agnitum
1132 2211 1166 2236 et
1184 2207 1315 2246 pulsum
1328 2208 1506 2248 aliquoties
1525 2210 1666 2251 adesig-

965 2262 1082 2288 natore
1112 2257 1242 2296 Lectio,
1266 2259 1426 2288 transisse
1455 2260 1590 2290 tandem
1622 2261 1663 2291 ad

964 2318 1126 2339 summani
1149 2317 1299 2348 caveam,
1326 2315 1360 2340 et
1386 2317 1560 2350 spectasse
1577 2312 1666 2344 inter

963 2359 1098 2400 plebem
1115 2363 1149 2390 et
1166 2359 1324 2399 pullatos.
1350 2360 1430 2392 lead.

1009 2415 1023 2442 l
1049 2412 1159 2442 Primo
1182 2412 1301 2451 solitus,
1327 2413 1397 2453 Astu]
1421 2414 1582 2445 Proximo
1599 2415 1663 2447 Or-

965 2463 1121 2494 cliestrae.

1007 2516 1027 2544 2
1055 2513 1139 2544 Tunc
1155 2523 1223 2543 cum
1237 2513 1358 2554 liceret]
1390 2514 1481 2546 Ante
1498 2516 1663 2547 Domitia-

966 2565 999 2595 ni
1017 2563 1178 2603 edictum,
1204 2563 1245 2595 de
1273 2574 1339 2605 quo
1364 2575 1470 2605 supra
1494 2567 1611 2607 Epigr.
1631 2572 1665 2599 ὃ.

968 2625 1054 2646 vers,
1089 2618 1117 2645 l.
1171 2615 1338 2655 Occupnre,
1366 2616 1435 2655 δῖα]
1472 2617 1664 2658 Praeriperc

968 2666 1150 2707 equitibus,

1011 2720 1029 2748 3
1054 2717 1114 2747 Bis
1148 2716 1315 2755 excitatns,
1339 2715 1408 2756 ἱγικ]
1453 2716 1512 2747 Bis
1543 2722 1661 2758 terque

968 2768 1136 2799 excitatus
1159 2777 1176 2796 a
1193 2766 1460 2807 designator-ibus
1476 2773 1511 2798 ct
1527 2774 1664 2800 coactns

968 2819 1114 2858 migrare
1141 2817 1174 2848 in
1207 2818 1418 2847 remotiori-ui
1447 2818 1553 2849 locum
1586 2829 1662 2850 cuin
