<?xml version="1.0" encoding="UTF-8"?>
<!DOCTYPE html PUBLIC "-//W3C//DTD XHTML 1.0 Transitional//EN"
    "http://www.w3.org/TR/xhtml1/DTD/xhtml1-transitional.dtd">
<html xmlns="http://www.w3.org/1999/xhtml" xml:lang="en" lang="en">
 <head>
  <title>
</title>
<meta http-equiv="Content-Type" content="text/html;charset=utf-8" />
  <meta name='ocr-system' content='tesseract 3.04.00' />
  <meta name='ocr-capabilities' content='ocr_page ocr_carea ocr_par ocr_line ocrx_word'/>
</head>
<body>
  <div class='ocr_page' id='page_1' title='image "./epigrammataexedi03martuoft_0142.png"; bbox 0 0 1866 3131; ppageno 0'>
   <div class='ocr_carea' id='block_1_1' title="bbox 244 183 353 225">
    <p class='ocr_par' dir='ltr' id='par_1_1' title="bbox 244 183 353 225">
     <span class='ocr_line' id='line_1_1' title="bbox 244 183 353 225; baseline 0.009 -1"><span class='ocrx_word' id='word_1_1' title='bbox 244 183 353 225; x_wconf 72' lang='lat'>1202</span> 
     </span>
    </p>
   </div>
   <div class='ocr_carea' id='block_1_2' title="bbox 219 289 939 2844">
    <p class='ocr_par' dir='ltr' id='par_1_2' title="bbox 236 289 939 439">
     <span class='ocr_line' id='line_1_2' title="bbox 285 289 938 332; baseline 0.003 -12"><span class='ocrx_word' id='word_1_2' title='bbox 285 293 304 320; x_wconf 87' lang='grc'>8</span> <span class='ocrx_word' id='word_1_3' title='bbox 328 289 609 329; x_wconf 78' lang='lat' dir='ltr'>Sijurissuerint,</span> <span class='ocrx_word' id='word_1_4' title='bbox 629 290 699 332; x_wconf 51' lang='grc' dir='ltr'>ἃμ]</span> <span class='ocrx_word' id='word_1_5' title='bbox 736 291 769 322; x_wconf 87' lang='lat' dir='ltr'>Si</span> <span class='ocrx_word' id='word_1_6' title='bbox 793 291 938 332; x_wconf 87' lang='lat' dir='ltr'>qnando,</span> 
     </span>
     <span class='ocr_line' id='line_1_3' title="bbox 236 339 939 379; baseline 0.006 -10"><span class='ocrx_word' id='word_1_7' title='bbox 236 340 325 379; x_wconf 89' lang='lat' dir='ltr'>juris</span> <span class='ocrx_word' id='word_1_8' title='bbox 342 341 406 370; x_wconf 80' lang='lat' dir='ltr'>inei</span> <span class='ocrx_word' id='word_1_9' title='bbox 423 339 550 379; x_wconf 86' lang='lat' dir='ltr'>factus,</span> <span class='ocrx_word' id='word_1_10' title='bbox 566 351 620 372; x_wconf 90' lang='lat' dir='ltr'>me</span> <span class='ocrx_word' id='word_1_11' title='bbox 643 341 678 372; x_wconf 88' lang='lat' dir='ltr'>in</span> <span class='ocrx_word' id='word_1_12' title='bbox 693 341 885 373; x_wconf 89' lang='lat' dir='ltr'>libertatem</span> <span class='ocrx_word' id='word_1_13' title='bbox 903 350 939 373; x_wconf 89' lang='lat' dir='ltr'>et</span> 
     </span>
     <span class='ocr_line' id='line_1_4' title="bbox 241 391 767 439; baseline 0.006 -19"><span class='ocrx_word' id='word_1_14' title='bbox 241 391 391 431; x_wconf 88' lang='lat' dir='ltr'>quietem</span> <span class='ocrx_word' id='word_1_15' title='bbox 409 400 597 422; x_wconf 82' lang='lat' dir='ltr'>asseruero.</span> <span class='ocrx_word' id='word_1_16' title='bbox 763 430 767 439; x_wconf 44' lang='grc' dir='ltr'>Ι</span> 
     </span>
    </p>

    <p class='ocr_par' dir='ltr' id='par_1_3' title="bbox 235 441 937 888">
     <span class='ocr_line' id='line_1_5' title="bbox 285 441 936 483; baseline 0.006 -12"><span class='ocrx_word' id='word_1_17' title='bbox 285 441 391 472; x_wconf 72' lang='lat' dir='ltr'>Eme.</span> <span class='ocrx_word' id='word_1_18' title='bbox 414 450 519 472; x_wconf 79' lang='lat' dir='ltr'>xxvr.</span> <span class='ocrx_word' id='word_1_19' title='bbox 546 445 561 473; x_wconf 95' lang='lat'>1</span> <span class='ocrx_word' id='word_1_20' title='bbox 589 443 680 478; x_wconf 83' lang='lat' dir='ltr'><em>Quod</em></span> <span class='ocrx_word' id='word_1_21' title='bbox 701 447 732 475; x_wconf 77' lang='lat' dir='ltr'>te</span> <span class='ocrx_word' id='word_1_22' title='bbox 747 454 845 483; x_wconf 82' lang='lat' dir='ltr'>mane,</span> <span class='ocrx_word' id='word_1_23' title='bbox 866 443 936 483; x_wconf 51' lang='lat' dir='ltr'>San]</span> 
     </span>
     <span class='ocr_line' id='line_1_6' title="bbox 239 491 937 534; baseline 0.003 -11"><span class='ocrx_word' id='word_1_24' title='bbox 239 491 340 523; x_wconf 80' lang='lat' dir='ltr'>Quod</span> <span class='ocrx_word' id='word_1_25' title='bbox 377 491 440 522; x_wconf 83' lang='lat' dir='ltr'>tibi</span> <span class='ocrx_word' id='word_1_26' title='bbox 473 496 545 523; x_wconf 82' lang='lat' dir='ltr'>toto</span> <span class='ocrx_word' id='word_1_27' title='bbox 582 502 669 524; x_wconf 87' lang='lat' dir='ltr'>anno</span> <span class='ocrx_word' id='word_1_28' title='bbox 706 504 772 524; x_wconf 90' lang='lat' dir='ltr'>non</span> <span class='ocrx_word' id='word_1_29' title='bbox 806 494 937 534; x_wconf 76' lang='lat' dir='ltr'>praesti-</span> 
     </span>
     <span class='ocr_line' id='line_1_7' title="bbox 238 541 935 585; baseline 0.007 -15"><span class='ocrx_word' id='word_1_30' title='bbox 238 541 339 572; x_wconf 86' lang='lat' dir='ltr'>terim</span> <span class='ocrx_word' id='word_1_31' title='bbox 377 541 510 573; x_wconf 85' lang='lat' dir='ltr'>clientis</span> <span class='ocrx_word' id='word_1_32' title='bbox 543 543 651 583; x_wconf 82' lang='lat' dir='ltr'>togati</span> <span class='ocrx_word' id='word_1_33' title='bbox 688 545 935 585; x_wconf 87' lang='lat' dir='ltr'>salutantisque</span> 
     </span>
     <span class='ocr_line' id='line_1_8' title="bbox 237 590 936 635; baseline 0.004 -14"><span class='ocrx_word' id='word_1_34' title='bbox 237 590 398 630; x_wconf 85' lang='lat' dir='ltr'>officium,</span> <span class='ocrx_word' id='word_1_35' title='bbox 421 593 574 624; x_wconf 87' lang='lat' dir='ltr'>consului</span> <span class='ocrx_word' id='word_1_36' title='bbox 604 594 708 635; x_wconf 82' lang='lat' dir='ltr'>magis</span> <span class='ocrx_word' id='word_1_37' title='bbox 734 600 823 634; x_wconf 83' lang='lat' dir='ltr'>togae</span> <span class='ocrx_word' id='word_1_38' title='bbox 840 604 936 633; x_wconf 77' lang='lat' dir='ltr'>rneae,</span> 
     </span>
     <span class='ocr_line' id='line_1_9' title="bbox 236 642 932 684; baseline 0.004 -13"><span class='ocrx_word' id='word_1_39' title='bbox 236 651 337 682; x_wconf 87' lang='lat' dir='ltr'>quam</span> <span class='ocrx_word' id='word_1_40' title='bbox 372 642 545 682; x_wconf 86' lang='lat' dir='ltr'>jacturam</span> <span class='ocrx_word' id='word_1_41' title='bbox 572 642 641 674; x_wconf 86' lang='lat' dir='ltr'>feci</span> <span class='ocrx_word' id='word_1_42' title='bbox 669 649 735 674; x_wconf 83' lang='lat' dir='ltr'>tuae</span> <span class='ocrx_word' id='word_1_43' title='bbox 771 644 932 684; x_wconf 77' lang='lat' dir='ltr'>sportulae</span> 
     </span>
     <span class='ocr_line' id='line_1_10' title="bbox 236 692 934 734; baseline 0.006 -13"><span class='ocrx_word' id='word_1_44' title='bbox 236 701 347 723; x_wconf 77' lang='lat' dir='ltr'>rarae:</span> <span class='ocrx_word' id='word_1_45' title='bbox 386 703 530 734; x_wconf 86' lang='lat' dir='ltr'>namque</span> <span class='ocrx_word' id='word_1_46' title='bbox 561 693 700 724; x_wconf 82' lang='lat' dir='ltr'>assiduis</span> <span class='ocrx_word' id='word_1_47' title='bbox 731 692 850 724; x_wconf 87' lang='lat' dir='ltr'>officiis</span> <span class='ocrx_word' id='word_1_48' title='bbox 885 699 934 725; x_wconf 87' lang='lat' dir='ltr'>at-</span> 
     </span>
     <span class='ocr_line' id='line_1_11' title="bbox 235 745 933 786; baseline 0.003 -11"><span class='ocrx_word' id='word_1_49' title='bbox 235 745 406 776; x_wconf 86' lang='lat' dir='ltr'>trivissem</span> <span class='ocrx_word' id='word_1_50' title='bbox 431 750 556 786; x_wconf 84' lang='lat' dir='ltr'>togam,</span> <span class='ocrx_word' id='word_1_51' title='bbox 580 750 616 777; x_wconf 90' lang='lat' dir='ltr'>et</span> <span class='ocrx_word' id='word_1_52' title='bbox 631 747 837 786; x_wconf 80' lang='lat' dir='ltr'>accepissem</span> <span class='ocrx_word' id='word_1_53' title='bbox 863 756 883 776; x_wconf 83' lang='lat' dir='ltr'>a</span> <span class='ocrx_word' id='word_1_54' title='bbox 899 751 933 777; x_wconf 89' lang='lat' dir='ltr'>te</span> 
     </span>
     <span class='ocr_line' id='line_1_12' title="bbox 235 798 931 839; baseline 0.001 -12"><span class='ocrx_word' id='word_1_55' title='bbox 235 802 367 828; x_wconf 86' lang='lat' dir='ltr'>tautum</span> <span class='ocrx_word' id='word_1_56' title='bbox 398 801 471 829; x_wconf 80' lang='grc'><strong>120.</strong></span> <span class='ocrx_word' id='word_1_57' title='bbox 494 798 540 829; x_wconf 90' lang='grc' dir='ltr'>Η.</span> <span class='ocrx_word' id='word_1_58' title='bbox 562 798 597 829; x_wconf 91' lang='lat' dir='ltr'>S.</span> <span class='ocrx_word' id='word_1_59' title='bbox 631 808 698 839; x_wconf 79' lang='lat' dir='ltr'>quo</span> <span class='ocrx_word' id='word_1_60' title='bbox 729 798 840 838; x_wconf 84' lang='lat' dir='ltr'>pretio</span> <span class='ocrx_word' id='word_1_61' title='bbox 866 807 931 828; x_wconf 90' lang='lat' dir='ltr'>non</span> 
     </span>
     <span class='ocr_line' id='line_1_13' title="bbox 235 847 839 888; baseline 0.002 -11"><span class='ocrx_word' id='word_1_62' title='bbox 235 847 358 878; x_wconf 86' lang='lat' dir='ltr'>emitur</span> <span class='ocrx_word' id='word_1_63' title='bbox 383 852 484 888; x_wconf 81' lang='lat' dir='ltr'>toga3</span> <span class='ocrx_word' id='word_1_64' title='bbox 508 849 623 888; x_wconf 79' lang='lat' dir='ltr'>Epigr.</span> <span class='ocrx_word' id='word_1_65' title='bbox 639 851 711 879; x_wconf 80' lang='lat'>103.</span> <span class='ocrx_word' id='word_1_66' title='bbox 734 848 794 879; x_wconf 90' lang='lat' dir='ltr'>lib.</span> <span class='ocrx_word' id='word_1_67' title='bbox 808 851 839 879; x_wconf 83' lang='lat'>9.</span> 
     </span>
    </p>

    <p class='ocr_par' dir='ltr' id='par_1_4' title="bbox 228 899 932 1283">
     <span class='ocr_line' id='line_1_14' title="bbox 276 899 932 939; baseline 0.002 -11"><span class='ocrx_word' id='word_1_68' title='bbox 276 899 514 930; x_wconf 61' lang='lat' dir='ltr'>Emoexxvn.</span> <span class='ocrx_word' id='word_1_69' title='bbox 539 899 676 929; x_wconf 86' lang='lat' dir='ltr'>Urbane</span> <span class='ocrx_word' id='word_1_70' title='bbox 701 899 789 939; x_wconf 88' lang='lat' dir='ltr'>petit</span> <span class='ocrx_word' id='word_1_71' title='bbox 808 899 849 930; x_wconf 86' lang='lat' dir='ltr'>ab</span> <span class='ocrx_word' id='word_1_72' title='bbox 875 899 932 929; x_wconf 88' lang='lat' dir='ltr'>im-</span> 
     </span>
     <span class='ocr_line' id='line_1_15' title="bbox 233 949 929 990; baseline 0.003 -12"><span class='ocrx_word' id='word_1_73' title='bbox 233 953 392 988; x_wconf 79' lang='lat' dir='ltr'>peratore</span> <span class='ocrx_word' id='word_1_74' title='bbox 406 959 558 988; x_wconf 86' lang='lat' dir='ltr'>munera,</span> <span class='ocrx_word' id='word_1_75' title='bbox 569 949 655 989; x_wconf 70' lang='lat' dir='ltr'>(prod</span> <span class='ocrx_word' id='word_1_76' title='bbox 668 949 825 980; x_wconf 80' lang='lat' dir='ltr'>laudatus</span> <span class='ocrx_word' id='word_1_77' title='bbox 838 959 929 990; x_wconf 68' lang='lat' dir='ltr'>s‘aepe</span> 
     </span>
     <span class='ocr_line' id='line_1_16' title="bbox 232 998 930 1038; baseline 0.003 -9"><span class='ocrx_word' id='word_1_78' title='bbox 232 998 274 1029; x_wconf 85' lang='lat' dir='ltr'>ab</span> <span class='ocrx_word' id='word_1_79' title='bbox 291 999 364 1038; x_wconf 85' lang='lat' dir='ltr'>ipso</span> <span class='ocrx_word' id='word_1_80' title='bbox 379 999 422 1030; x_wconf 89' lang='lat' dir='ltr'>sit</span> <span class='ocrx_word' id='word_1_81' title='bbox 439 1004 474 1030; x_wconf 86' lang='lat' dir='ltr'>et</span> <span class='ocrx_word' id='word_1_82' title='bbox 490 999 635 1030; x_wconf 82' lang='lat' dir='ltr'>donatus</span> <span class='ocrx_word' id='word_1_83' title='bbox 651 999 841 1030; x_wconf 81' lang='lat' dir='ltr'>muneribus</span> <span class='ocrx_word' id='word_1_84' title='bbox 863 1010 930 1031; x_wconf 87' lang='lat' dir='ltr'>non</span> 
     </span>
     <span class='ocr_line' id='line_1_17' title="bbox 234 1051 929 1089; baseline 0.003 -9"><span class='ocrx_word' id='word_1_85' title='bbox 234 1051 510 1089; x_wconf 87' lang='lat' dir='ltr'>contemnendis;</span> <span class='ocrx_word' id='word_1_86' title='bbox 556 1061 631 1082; x_wconf 84' lang='lat' dir='ltr'>cum</span> <span class='ocrx_word' id='word_1_87' title='bbox 662 1057 773 1082; x_wconf 84' lang='lat' dir='ltr'>tamen</span> <span class='ocrx_word' id='word_1_88' title='bbox 796 1057 832 1082; x_wconf 90' lang='lat' dir='ltr'>et</span> <span class='ocrx_word' id='word_1_89' title='bbox 859 1052 929 1082; x_wconf 80' lang='lat' dir='ltr'>laus</span> 
     </span>
     <span class='ocr_line' id='line_1_18' title="bbox 233 1101 927 1132; baseline 0.004 -3"><span class='ocrx_word' id='word_1_90' title='bbox 233 1104 268 1129; x_wconf 84' lang='lat' dir='ltr'>et</span> <span class='ocrx_word' id='word_1_91' title='bbox 305 1110 444 1131; x_wconf 87' lang='lat' dir='ltr'>munera</span> <span class='ocrx_word' id='word_1_92' title='bbox 486 1101 696 1132; x_wconf 78' lang='lat' dir='ltr'><strong>lacesserent</strong></span> <span class='ocrx_word' id='word_1_93' title='bbox 739 1101 927 1132; x_wconf 84' lang='lat' dir='ltr'>invidorum</span> 
     </span>
     <span class='ocr_line' id='line_1_19' title="bbox 231 1150 928 1191; baseline 0.006 -13"><span class='ocrx_word' id='word_1_94' title='bbox 231 1150 517 1190; x_wconf 83' lang='lat' dir='ltr'>maledicentiam,</span> <span class='ocrx_word' id='word_1_95' title='bbox 548 1156 644 1191; x_wconf 76' lang='lat' dir='ltr'>rogat</span> <span class='ocrx_word' id='word_1_96' title='bbox 679 1152 861 1191; x_wconf 87' lang='lat' dir='ltr'>Caesarem,</span> <span class='ocrx_word' id='word_1_97' title='bbox 892 1156 928 1182; x_wconf 86' lang='lat' dir='ltr'>nt</span> 
     </span>
     <span class='ocr_line' id='line_1_20' title="bbox 228 1201 927 1243; baseline 0.006 -13"><span class='ocrx_word' id='word_1_98' title='bbox 228 1201 421 1231; x_wconf 82' lang='lat' dir='ltr'>muneribus</span> <span class='ocrx_word' id='word_1_99' title='bbox 439 1201 501 1232; x_wconf 79' lang='lat' dir='ltr'>sibi</span> <span class='ocrx_word' id='word_1_100' title='bbox 522 1202 642 1233; x_wconf 89' lang='lat' dir='ltr'>dandis</span> <span class='ocrx_word' id='word_1_101' title='bbox 659 1207 783 1243; x_wconf 83' lang='lat' dir='ltr'>augeat</span> <span class='ocrx_word' id='word_1_102' title='bbox 799 1203 927 1234; x_wconf 85' lang='lat' dir='ltr'>invido-</span> 
     </span>
     <span class='ocr_line' id='line_1_21' title="bbox 230 1251 631 1283; baseline 0.007 -3"><span class='ocrx_word' id='word_1_103' title='bbox 230 1260 302 1281; x_wconf 85' lang='lat' dir='ltr'>rum</span> <span class='ocrx_word' id='word_1_104' title='bbox 321 1251 483 1283; x_wconf 83' lang='lat' dir='ltr'>dolorem.</span> <span class='ocrx_word' id='word_1_105' title='bbox 509 1253 631 1283; x_wconf 81' lang='lat' dir='ltr'>Ramir.</span> 
     </span>
    </p>

    <p class='ocr_par' dir='ltr' id='par_1_5' title="bbox 274 1301 811 1341">
     <span class='ocr_line' id='line_1_22' title="bbox 274 1301 811 1341; baseline 0.007 -11"><span class='ocrx_word' id='word_1_106' title='bbox 274 1303 290 1330; x_wconf 93' lang='lat' dir='ltr'>l</span> <span class='ocrx_word' id='word_1_107' title='bbox 316 1301 473 1341; x_wconf 79' lang='lat' dir='ltr'>Auguste]</span> <span class='ocrx_word' id='word_1_108' title='bbox 499 1301 612 1332; x_wconf 87' lang='lat' dir='ltr'>Caesar</span> <span class='ocrx_word' id='word_1_109' title='bbox 626 1303 811 1334; x_wconf 86' lang='lat' dir='ltr'>Domitian.</span> 
     </span>
    </p>

    <p class='ocr_par' dir='ltr' id='par_1_6' title="bbox 228 1351 925 1441">
     <span class='ocr_line' id='line_1_23' title="bbox 271 1351 925 1394; baseline 0.008 -14"><span class='ocrx_word' id='word_1_110' title='bbox 271 1352 291 1380; x_wconf 79' lang='lat'><strong>2</strong></span> <span class='ocrx_word' id='word_1_111' title='bbox 317 1351 390 1381; x_wconf 80' lang='grc' dir='ltr'>Νοη</span> <span class='ocrx_word' id='word_1_112' title='bbox 406 1352 507 1382; x_wconf 79' lang='lat' dir='ltr'>minus</span> <span class='ocrx_word' id='word_1_113' title='bbox 531 1362 604 1391; x_wconf 83' lang='lat' dir='ltr'>ergo</span> <span class='ocrx_word' id='word_1_114' title='bbox 626 1353 719 1394; x_wconf 80' lang='lat' dir='ltr'>soles]</span> <span class='ocrx_word' id='word_1_115' title='bbox 754 1353 810 1384; x_wconf 81' lang='lat' dir='ltr'>Al.</span> <span class='ocrx_word' id='word_1_116' title='bbox 841 1355 925 1385; x_wconf 71' lang='lat' dir='ltr'>Num</span> 
     </span>
     <span class='ocr_line' id='line_1_24' title="bbox 228 1401 534 1441; baseline 0.01 -11"><span class='ocrx_word' id='word_1_117' title='bbox 228 1401 332 1431; x_wconf 78' lang='lat' dir='ltr'>minus</span> <span class='ocrx_word' id='word_1_118' title='bbox 344 1411 416 1441; x_wconf 79' lang='lat' dir='ltr'>ergo</span> <span class='ocrx_word' id='word_1_119' title='bbox 432 1401 534 1434; x_wconf 77' lang='lat' dir='ltr'>soles?</span> 
     </span>
    </p>

    <p class='ocr_par' dir='ltr' id='par_1_7' title="bbox 226 1452 923 1683">
     <span class='ocr_line' id='line_1_25' title="bbox 271 1452 922 1493; baseline 0.006 -12"><span class='ocrx_word' id='word_1_120' title='bbox 271 1454 289 1481; x_wconf 84' lang='lat'><strong>3</strong></span> <span class='ocrx_word' id='word_1_121' title='bbox 315 1452 385 1482; x_wconf 76' lang='lat' dir='ltr'>Non</span> <span class='ocrx_word' id='word_1_122' title='bbox 402 1454 466 1483; x_wconf 80' lang='lat' dir='ltr'>sola</span> <span class='ocrx_word' id='word_1_123' title='bbox 482 1463 561 1488; x_wconf 75' lang='lat' dir='ltr'>voce,</span> <span class='ocrx_word' id='word_1_124' title='bbox 583 1453 652 1493; x_wconf 46' lang='grc' dir='ltr'>ἐγὼ]</span> <span class='ocrx_word' id='word_1_125' title='bbox 675 1453 740 1484; x_wconf 85' lang='lat' dir='ltr'>Sed</span> <span class='ocrx_word' id='word_1_126' title='bbox 756 1459 791 1485; x_wconf 90' lang='lat' dir='ltr'>et</span> <span class='ocrx_word' id='word_1_127' title='bbox 808 1464 922 1485; x_wconf 87' lang='lat' dir='ltr'>mnne-</span> 
     </span>
     <span class='ocr_line' id='line_1_26' title="bbox 226 1501 923 1545; baseline 0.006 -14"><span class='ocrx_word' id='word_1_128' title='bbox 226 1501 319 1532; x_wconf 86' lang='lat' dir='ltr'><strong>ribus</strong></span> <span class='ocrx_word' id='word_1_129' title='bbox 338 1502 425 1541; x_wconf 82' lang='lat' dir='ltr'>jnris</span> <span class='ocrx_word' id='word_1_130' title='bbox 441 1503 542 1533; x_wconf 85' lang='lat' dir='ltr'>trium</span> <span class='ocrx_word' id='word_1_131' title='bbox 569 1503 772 1543; x_wconf 82' lang='lat' dir='ltr'>liberorum3</span> <span class='ocrx_word' id='word_1_132' title='bbox 806 1505 923 1545; x_wconf 83' lang='lat' dir='ltr'>Epigr.</span> 
     </span>
     <span class='ocr_line' id='line_1_27' title="bbox 227 1552 923 1593; baseline 0.006 -12"><span class='ocrx_word' id='word_1_133' title='bbox 227 1553 279 1582; x_wconf 83' lang='lat'>91.</span> <span class='ocrx_word' id='word_1_134' title='bbox 316 1559 349 1582; x_wconf 85' lang='lat' dir='ltr'>et</span> <span class='ocrx_word' id='word_1_135' title='bbox 376 1555 428 1582; x_wconf 81' lang='lat'>92.</span> <span class='ocrx_word' id='word_1_136' title='bbox 457 1552 514 1583; x_wconf 90' lang='lat' dir='ltr'>lib.</span> <span class='ocrx_word' id='word_1_137' title='bbox 537 1555 568 1583; x_wconf 80' lang='lat'>2.</span> <span class='ocrx_word' id='word_1_138' title='bbox 596 1559 631 1583; x_wconf 91' lang='lat' dir='ltr'>et</span> <span class='ocrx_word' id='word_1_139' title='bbox 655 1553 822 1593; x_wconf 71' lang='lat' dir='ltr'>dignitate</span> <span class='ocrx_word' id='word_1_140' title='bbox 850 1555 923 1585; x_wconf 89' lang='lat' dir='ltr'>Tri-</span> 
     </span>
     <span class='ocr_line' id='line_1_28' title="bbox 227 1600 923 1644; baseline 0.007 -14"><span class='ocrx_word' id='word_1_141' title='bbox 227 1600 358 1632; x_wconf 85' lang='lat' dir='ltr'>bunitia</span> <span class='ocrx_word' id='word_1_142' title='bbox 376 1608 411 1632; x_wconf 87' lang='lat' dir='ltr'>et</span> <span class='ocrx_word' id='word_1_143' title='bbox 428 1603 599 1643; x_wconf 79' lang='lat' dir='ltr'>equestri3</span> <span class='ocrx_word' id='word_1_144' title='bbox 626 1604 741 1644; x_wconf 82' lang='lat' dir='ltr'>Epigr.</span> <span class='ocrx_word' id='word_1_145' title='bbox 754 1607 805 1634; x_wconf 77' lang='grc'>64.</span> <span class='ocrx_word' id='word_1_146' title='bbox 821 1604 923 1636; x_wconf 81' lang='lat' dir='ltr'>lib.3.</span> 
     </span>
     <span class='ocr_line' id='line_1_29' title="bbox 226 1655 364 1683; baseline 0.029 -4"><span class='ocrx_word' id='word_1_147' title='bbox 226 1659 313 1681; x_wconf 75' lang='lat' dir='ltr'>vers.</span> <span class='ocrx_word' id='word_1_148' title='bbox 333 1655 364 1683; x_wconf 84' lang='lat'>6.</span> 
     </span>
    </p>

    <p class='ocr_par' dir='ltr' id='par_1_8' title="bbox 225 1702 921 1842">
     <span class='ocr_line' id='line_1_30' title="bbox 268 1702 920 1743; baseline 0.008 -12"><span class='ocrx_word' id='word_1_149' title='bbox 268 1705 285 1731; x_wconf 88' lang='grc'><em>5</em></span> <span class='ocrx_word' id='word_1_150' title='bbox 314 1702 471 1740; x_wconf 70' lang='lat' dir='ltr'>corrodit,</span> <span class='ocrx_word' id='word_1_151' title='bbox 496 1703 563 1743; x_wconf 45' lang='grc' dir='ltr'>ἕω]</span> <span class='ocrx_word' id='word_1_152' title='bbox 593 1703 727 1734; x_wconf 88' lang='lat' dir='ltr'>Invidia</span> <span class='ocrx_word' id='word_1_153' title='bbox 754 1709 790 1735; x_wconf 87' lang='lat' dir='ltr'>et</span> <span class='ocrx_word' id='word_1_154' title='bbox 819 1705 920 1737; x_wconf 87' lang='lat' dir='ltr'>animi</span> 
     </span>
     <span class='ocr_line' id='line_1_31' title="bbox 226 1752 921 1796; baseline 0.006 -14"><span class='ocrx_word' id='word_1_155' title='bbox 226 1752 420 1784; x_wconf 76' lang='lat' dir='ltr'>anxietate:</span> <span class='ocrx_word' id='word_1_156' title='bbox 451 1753 588 1784; x_wconf 78' lang='lat' dir='ltr'>solliciti</span> <span class='ocrx_word' id='word_1_157' title='bbox 616 1754 703 1785; x_wconf 88' lang='lat' dir='ltr'>enim</span> <span class='ocrx_word' id='word_1_158' title='bbox 730 1755 831 1785; x_wconf 81' lang='lat' dir='ltr'>animi</span> <span class='ocrx_word' id='word_1_159' title='bbox 857 1756 921 1796; x_wconf 85' lang='lat' dir='ltr'>sig-</span> 
     </span>
     <span class='ocr_line' id='line_1_32' title="bbox 225 1803 666 1842; baseline 0.009 -11"><span class='ocrx_word' id='word_1_160' title='bbox 225 1811 316 1840; x_wconf 84' lang='lat' dir='ltr'>num,</span> <span class='ocrx_word' id='word_1_161' title='bbox 332 1803 491 1842; x_wconf 77' lang='lat' dir='ltr'>unguium</span> <span class='ocrx_word' id='word_1_162' title='bbox 507 1805 666 1835; x_wconf 84' lang='lat' dir='ltr'>corrosio.</span> 
     </span>
    </p>

    <p class='ocr_par' dir='ltr' id='par_1_9' title="bbox 223 1853 919 2043">
     <span class='ocr_line' id='line_1_33' title="bbox 267 1853 919 1893; baseline 0.008 -11"><span class='ocrx_word' id='word_1_163' title='bbox 267 1855 286 1882; x_wconf 87' lang='grc'><strong>6</strong></span> <span class='ocrx_word' id='word_1_164' title='bbox 311 1854 374 1891; x_wconf 74' lang='lat' dir='ltr'>Da,</span> <span class='ocrx_word' id='word_1_165' title='bbox 393 1853 591 1893; x_wconf 69' lang='lat' dir='ltr'>Caesa1·‚&amp;c.]</span> <span class='ocrx_word' id='word_1_166' title='bbox 626 1854 764 1885; x_wconf 83' lang='lat' dir='ltr'>Urbana</span> <span class='ocrx_word' id='word_1_167' title='bbox 781 1860 816 1886; x_wconf 86' lang='lat' dir='ltr'>et</span> <span class='ocrx_word' id='word_1_168' title='bbox 841 1857 919 1887; x_wconf 90' lang='lat' dir='ltr'>arti-</span> 
     </span>
     <span class='ocr_line' id='line_1_34' title="bbox 223 1901 918 1946; baseline 0.007 -14"><span class='ocrx_word' id='word_1_169' title='bbox 223 1901 339 1933; x_wconf 78' lang='lat' dir='ltr'>ficiosa</span> <span class='ocrx_word' id='word_1_170' title='bbox 365 1903 589 1941; x_wconf 79' lang='lat' dir='ltr'>mendicatio3</span> <span class='ocrx_word' id='word_1_171' title='bbox 624 1909 660 1934; x_wconf 90' lang='lat' dir='ltr'>ut</span> <span class='ocrx_word' id='word_1_172' title='bbox 682 1914 748 1935; x_wconf 84' lang='lat' dir='ltr'>nou</span> <span class='ocrx_word' id='word_1_173' title='bbox 772 1911 841 1936; x_wconf 89' lang='lat' dir='ltr'>tam</span> <span class='ocrx_word' id='word_1_174' title='bbox 862 1916 918 1946; x_wconf 90' lang='lat' dir='ltr'>pe-</span> 
     </span>
     <span class='ocr_line' id='line_1_35' title="bbox 224 1953 915 1996; baseline 0.006 -13"><span class='ocrx_word' id='word_1_175' title='bbox 224 1959 309 1991; x_wconf 81' lang='lat' dir='ltr'>tere,</span> <span class='ocrx_word' id='word_1_176' title='bbox 333 1963 407 1983; x_wconf 80' lang='lat' dir='ltr'>cuni</span> <span class='ocrx_word' id='word_1_177' title='bbox 433 1953 578 1983; x_wconf 77' lang='lat' dir='ltr'>maxime</span> <span class='ocrx_word' id='word_1_178' title='bbox 613 1954 711 1994; x_wconf 78' lang='lat' dir='ltr'>petit,</span> <span class='ocrx_word' id='word_1_179' title='bbox 747 1955 915 1996; x_wconf 87' lang='lat' dir='ltr'>videatur,</span> 
     </span>
     <span class='ocr_line' id='line_1_36' title="bbox 224 2003 636 2043; baseline 0.005 -10"><span class='ocrx_word' id='word_1_180' title='bbox 224 2012 323 2043; x_wconf 79' lang='lat' dir='ltr'>quam</span> <span class='ocrx_word' id='word_1_181' title='bbox 340 2003 457 2034; x_wconf 85' lang='lat' dir='ltr'>ulcisci</span> <span class='ocrx_word' id='word_1_182' title='bbox 475 2003 636 2035; x_wconf 87' lang='lat' dir='ltr'>invidum.</span> 
     </span>
    </p>

    <p class='ocr_par' dir='ltr' id='par_1_10' title="bbox 220 2053 919 2288">
     <span class='ocr_line' id='line_1_37' title="bbox 266 2053 915 2088; baseline 0.008 -5"><span class='ocrx_word' id='word_1_183' title='bbox 266 2053 370 2084; x_wconf 85' lang='lat' dir='ltr'>EP1G.</span> <span class='ocrx_word' id='word_1_184' title='bbox 393 2061 529 2084; x_wconf 72' lang='lat' dir='ltr'>xxvru.</span> <span class='ocrx_word' id='word_1_185' title='bbox 564 2053 759 2086; x_wconf 85' lang='lat' dir='ltr'>Insectatur</span> <span class='ocrx_word' id='word_1_186' title='bbox 787 2056 915 2088; x_wconf 65' lang='lat' dir='ltr'>Chloen</span> 
     </span>
     <span class='ocr_line' id='line_1_38' title="bbox 222 2103 919 2147; baseline 0.007 -15"><span class='ocrx_word' id='word_1_187' title='bbox 222 2103 403 2143; x_wconf 85' lang='lat' dir='ltr'>quandam,</span> <span class='ocrx_word' id='word_1_188' title='bbox 427 2113 502 2144; x_wconf 82' lang='lat' dir='ltr'>quae</span> <span class='ocrx_word' id='word_1_189' title='bbox 529 2103 685 2145; x_wconf 83' lang='lat' dir='ltr'>Luperco</span> <span class='ocrx_word' id='word_1_190' title='bbox 711 2105 819 2136; x_wconf 86' lang='lat' dir='ltr'>amico</span> <span class='ocrx_word' id='word_1_191' title='bbox 842 2117 919 2147; x_wconf 88' lang='lat' dir='ltr'>pro-</span> 
     </span>
     <span class='ocr_line' id='line_1_39' title="bbox 220 2152 918 2191; baseline 0.009 -9"><span class='ocrx_word' id='word_1_192' title='bbox 220 2152 293 2183; x_wconf 76' lang='lat' dir='ltr'>i&#39;nse</span> <span class='ocrx_word' id='word_1_193' title='bbox 310 2152 458 2184; x_wconf 85' lang='lat' dir='ltr'>donabat</span> <span class='ocrx_word' id='word_1_194' title='bbox 473 2162 553 2191; x_wconf 84' lang='lat' dir='ltr'>sua;</span> <span class='ocrx_word' id='word_1_195' title='bbox 578 2159 614 2185; x_wconf 90' lang='lat' dir='ltr'>et</span> <span class='ocrx_word' id='word_1_196' title='bbox 629 2161 802 2187; x_wconf 82' lang='lat' dir='ltr'>enumerat</span> <span class='ocrx_word' id='word_1_197' title='bbox 814 2158 918 2189; x_wconf 85' lang='lat' dir='ltr'>multa</span> 
     </span>
     <span class='ocr_line' id='line_1_40' title="bbox 220 2203 917 2246; baseline 0.009 -13"><span class='ocrx_word' id='word_1_198' title='bbox 220 2208 256 2234; x_wconf 89' lang='lat' dir='ltr'>et</span> <span class='ocrx_word' id='word_1_199' title='bbox 273 2204 366 2235; x_wconf 87' lang='lat' dir='ltr'>varia</span> <span class='ocrx_word' id='word_1_200' title='bbox 379 2203 467 2234; x_wconf 89' lang='lat' dir='ltr'>dona</span> <span class='ocrx_word' id='word_1_201' title='bbox 481 2214 490 2241; x_wconf 90' lang='grc'><strong>;</strong></span> <span class='ocrx_word' id='word_1_202' title='bbox 514 2209 697 2246; x_wconf 89' lang='lat' dir='ltr'>monetque</span> <span class='ocrx_word' id='word_1_203' title='bbox 713 2204 864 2238; x_wconf 85' lang='lat' dir='ltr'>futurum</span> <span class='ocrx_word' id='word_1_204' title='bbox 879 2213 917 2239; x_wconf 88' lang='lat' dir='ltr'>ut</span> 
     </span>
     <span class='ocr_line' id='line_1_41' title="bbox 220 2255 711 2288; baseline 0.004 -3"><span class='ocrx_word' id='word_1_205' title='bbox 220 2255 310 2285; x_wconf 89' lang='lat' dir='ltr'>nuda</span> <span class='ocrx_word' id='word_1_206' title='bbox 324 2258 509 2286; x_wconf 83' lang='lat' dir='ltr'>remaneat.</span> <span class='ocrx_word' id='word_1_207' title='bbox 554 2257 711 2288; x_wconf 79' lang='lat' dir='ltr'>Ramires.</span> 
     </span>
    </p>

    <p class='ocr_par' dir='ltr' id='par_1_11' title="bbox 220 2305 917 2438">
     <span class='ocr_line' id='line_1_42' title="bbox 262 2305 917 2348; baseline 0.008 -13"><span class='ocrx_word' id='word_1_208' title='bbox 262 2307 282 2335; x_wconf 83' lang='lat'><strong>2</strong></span> <span class='ocrx_word' id='word_1_209' title='bbox 306 2305 480 2347; x_wconf 66' lang='lat' dir='ltr'>Hispanas,</span> <span class='ocrx_word' id='word_1_210' title='bbox 495 2307 563 2348; x_wconf 51' lang='lat' dir='ltr'>ge]</span> <span class='ocrx_word' id='word_1_211' title='bbox 595 2308 763 2338; x_wconf 80' lang='lat' dir='ltr'>Laoernas</span> <span class='ocrx_word' id='word_1_212' title='bbox 785 2308 917 2341; x_wconf 89' lang='lat' dir='ltr'>scilicet</span> 
     </span>
     <span class='ocr_line' id='line_1_43' title="bbox 220 2356 916 2399; baseline 0.007 -13"><span class='ocrx_word' id='word_1_213' title='bbox 220 2365 239 2386; x_wconf 89' lang='lat' dir='ltr'>e</span> <span class='ocrx_word' id='word_1_214' title='bbox 254 2356 331 2387; x_wconf 86' lang='lat' dir='ltr'>lana</span> <span class='ocrx_word' id='word_1_215' title='bbox 345 2357 490 2395; x_wconf 81' lang='lat' dir='ltr'>Baetica,</span> <span class='ocrx_word' id='word_1_216' title='bbox 505 2358 633 2389; x_wconf 86' lang='lat' dir='ltr'>murice</span> <span class='ocrx_word' id='word_1_217' title='bbox 648 2359 748 2399; x_wconf 89' lang='lat' dir='ltr'>Tyrio</span> <span class='ocrx_word' id='word_1_218' title='bbox 760 2364 796 2390; x_wconf 86' lang='lat' dir='ltr'>et</span> <span class='ocrx_word' id='word_1_219' title='bbox 812 2369 916 2391; x_wconf 89' lang='lat' dir='ltr'>cocco</span> 
     </span>
     <span class='ocr_line' id='line_1_44' title="bbox 220 2407 358 2438; baseline -0.007 -1"><span class='ocrx_word' id='word_1_220' title='bbox 220 2407 358 2438; x_wconf 83' lang='lat' dir='ltr'>tinctas.</span> 
     </span>
    </p>

    <p class='ocr_par' dir='ltr' id='par_1_12' title="bbox 222 2457 912 2539">
     <span class='ocr_line' id='line_1_45' title="bbox 262 2457 912 2500; baseline 0.006 -12"><span class='ocrx_word' id='word_1_221' title='bbox 262 2459 280 2488; x_wconf 84' lang='lat'>3</span> <span class='ocrx_word' id='word_1_222' title='bbox 304 2457 428 2500; x_wconf 77' lang='lat' dir='ltr'>Lotum,</span> <span class='ocrx_word' id='word_1_223' title='bbox 443 2458 512 2499; x_wconf 53' lang='lat' dir='ltr'>ihu]</span> <span class='ocrx_word' id='word_1_224' title='bbox 528 2459 734 2500; x_wconf 82' lang='lat' dir='ltr'>Epigramm.</span> <span class='ocrx_word' id='word_1_225' title='bbox 747 2463 800 2492; x_wconf 82' lang='lat'>43.</span> <span class='ocrx_word' id='word_1_226' title='bbox 813 2461 869 2493; x_wconf 90' lang='lat' dir='ltr'>lib.</span> <span class='ocrx_word' id='word_1_227' title='bbox 881 2464 912 2492; x_wconf 83' lang='lat'>2.</span> 
     </span>
     <span class='ocr_line' id='line_1_46' title="bbox 222 2511 356 2539; baseline 0.015 -2"><span class='ocrx_word' id='word_1_228' title='bbox 222 2517 308 2539; x_wconf 80' lang='lat' dir='ltr'>vers.</span> <span class='ocrx_word' id='word_1_229' title='bbox 323 2511 356 2539; x_wconf 83' lang='lat'>2.</span> 
     </span>
    </p>

    <p class='ocr_par' dir='ltr' id='par_1_13' title="bbox 219 2551 914 2646">
     <span class='ocr_line' id='line_1_47' title="bbox 261 2551 914 2594; baseline 0.008 -13"><span class='ocrx_word' id='word_1_230' title='bbox 261 2553 281 2581; x_wconf 88' lang='grc'>4</span> <span class='ocrx_word' id='word_1_231' title='bbox 305 2551 400 2582; x_wconf 80' lang='lat' dir='ltr'><em>Indos</em></span> <span class='ocrx_word' id='word_1_232' title='bbox 425 2551 654 2593; x_wconf 80' lang='lat' dir='ltr'>Sardonychas,</span> <span class='ocrx_word' id='word_1_233' title='bbox 675 2553 744 2594; x_wconf 55' lang='lat' dir='ltr'>Bm]</span> <span class='ocrx_word' id='word_1_234' title='bbox 777 2553 914 2586; x_wconf 81' lang='lat' dir='ltr'>Indicos</span> 
     </span>
     <span class='ocr_line' id='line_1_48' title="bbox 219 2600 813 2646; baseline 0.012 -16"><span class='ocrx_word' id='word_1_235' title='bbox 219 2600 350 2632; x_wconf 81' lang='lat' dir='ltr'>sardou.</span> <span class='ocrx_word' id='word_1_236' title='bbox 366 2606 402 2632; x_wconf 89' lang='lat' dir='ltr'>et</span> <span class='ocrx_word' id='word_1_237' title='bbox 417 2603 594 2643; x_wconf 83' lang='lat' dir='ltr'>Scythicos</span> <span class='ocrx_word' id='word_1_238' title='bbox 607 2604 813 2646; x_wconf 80' lang='lat' dir='ltr'>smaragdos.</span> 
     </span>
    </p>

    <p class='ocr_par' dir='ltr' id='par_1_14' title="bbox 220 2651 914 2746">
     <span class='ocr_line' id='line_1_49' title="bbox 261 2651 914 2696; baseline 0.011 -15"><span class='ocrx_word' id='word_1_239' title='bbox 261 2654 278 2680; x_wconf 88' lang='lat'>5</span> <span class='ocrx_word' id='word_1_240' title='bbox 303 2651 466 2692; x_wconf 78' lang='lat' dir='ltr'>Dominos,</span> <span class='ocrx_word' id='word_1_241' title='bbox 489 2653 556 2694; x_wconf 51' lang='lat' dir='ltr'>tren]</span> <span class='ocrx_word' id='word_1_242' title='bbox 585 2653 716 2686; x_wconf 89' lang='lat' dir='ltr'>Aureos</span> <span class='ocrx_word' id='word_1_243' title='bbox 749 2666 914 2696; x_wconf 85' lang='lat' dir='ltr'>nummos,</span> 
     </span>
     <span class='ocr_line' id='line_1_50' title="bbox 220 2699 859 2746; baseline 0.014 -17"><span class='ocrx_word' id='word_1_244' title='bbox 220 2699 331 2740; x_wconf 86' lang='lat' dir='ltr'>effigie</span> <span class='ocrx_word' id='word_1_245' title='bbox 347 2701 472 2733; x_wconf 87' lang='lat' dir='ltr'>domini</span> <span class='ocrx_word' id='word_1_246' title='bbox 490 2704 676 2736; x_wconf 87' lang='lat' dir='ltr'>Domitiani</span> <span class='ocrx_word' id='word_1_247' title='bbox 693 2706 859 2746; x_wconf 79' lang='lat' dir='ltr'>signatos.</span> 
     </span>
    </p>

    <p class='ocr_par' dir='ltr' id='par_1_15' title="bbox 219 2749 912 2844">
     <span class='ocr_line' id='line_1_51' title="bbox 262 2749 912 2798; baseline 0.015 -20"><span class='ocrx_word' id='word_1_248' title='bbox 262 2752 279 2779; x_wconf 90' lang='grc'>7</span> <span class='ocrx_word' id='word_1_249' title='bbox 306 2749 486 2790; x_wconf 60' lang='lat' dir='ltr'>maban-ia,</span> <span class='ocrx_word' id='word_1_250' title='bbox 511 2753 582 2793; x_wconf 54' lang='lat' dir='ltr'>Sym]</span> <span class='ocrx_word' id='word_1_251' title='bbox 620 2755 704 2787; x_wconf 79' lang='lat' dir='ltr'>Quae</span> <span class='ocrx_word' id='word_1_252' title='bbox 729 2760 763 2787; x_wconf 86' lang='lat' dir='ltr'>te</span> <span class='ocrx_word' id='word_1_253' title='bbox 801 2756 912 2798; x_wconf 84' lang='lat' dir='ltr'>degla-</span> 
     </span>
     <span class='ocr_line' id='line_1_52' title="bbox 219 2799 667 2844; baseline 0.009 -14"><span class='ocrx_word' id='word_1_254' title='bbox 219 2799 311 2840; x_wconf 85' lang='lat' dir='ltr'>bras,</span> <span class='ocrx_word' id='word_1_255' title='bbox 325 2801 464 2841; x_wconf 83' lang='lat' dir='ltr'>spolias,</span> <span class='ocrx_word' id='word_1_256' title='bbox 478 2807 512 2833; x_wconf 88' lang='lat' dir='ltr'>et</span> <span class='ocrx_word' id='word_1_257' title='bbox 525 2804 667 2844; x_wconf 84' lang='lat' dir='ltr'>expilas.</span> 
     </span>
    </p>
   </div>
   <div class='ocr_carea' id='block_1_3' title="bbox 706 195 1227 227">
    <p class='ocr_par' dir='ltr' id='par_1_16' title="bbox 706 195 1227 227">
     <span class='ocr_line' id='line_1_53' title="bbox 706 195 1227 227; baseline 0.004 -3"><span class='ocrx_word' id='word_1_258' title='bbox 706 195 847 225; x_wconf 85' lang='lat' dir='ltr'>NOTAE</span> <span class='ocrx_word' id='word_1_259' title='bbox 881 195 1142 226; x_wconf 82' lang='lat' dir='ltr'><strong>VARIORUM</strong></span> <span class='ocrx_word' id='word_1_260' title='bbox 1179 198 1227 227; x_wconf 87' lang='lat' dir='ltr'>IN</span> 
     </span>
    </p>
   </div>
   <div class='ocr_carea' id='block_1_4' title="bbox 962 291 1699 2855">
    <p class='ocr_par' dir='ltr' id='par_1_17' title="bbox 981 291 1685 986">
     <span class='ocr_line' id='line_1_54' title="bbox 1025 291 1683 332; baseline 0.003 -10"><span class='ocrx_word' id='word_1_261' title='bbox 1025 295 1044 322; x_wconf 85' lang='lat' dir='ltr'>S</span> <span class='ocrx_word' id='word_1_262' title='bbox 1072 293 1207 332; x_wconf 77' lang='lat' dir='ltr'>Nudam,</span> <span class='ocrx_word' id='word_1_263' title='bbox 1231 291 1301 331; x_wconf 54' lang='lat' dir='ltr'>Astu]</span> <span class='ocrx_word' id='word_1_264' title='bbox 1336 292 1428 323; x_wconf 83' lang='lat' dir='ltr'>Cave</span> <span class='ocrx_word' id='word_1_265' title='bbox 1457 301 1500 322; x_wconf 82' lang='lat' dir='ltr'>ne</span> <span class='ocrx_word' id='word_1_266' title='bbox 1525 297 1603 324; x_wconf 80' lang='lat' dir='ltr'>tuus</span> <span class='ocrx_word' id='word_1_267' title='bbox 1629 294 1683 324; x_wconf 84' lang='lat' dir='ltr'>hic</span> 
     </span>
     <span class='ocr_line' id='line_1_55' title="bbox 990 341 1684 384; baseline 0.003 -13"><span class='ocrx_word' id='word_1_268' title='bbox 990 346 1121 372; x_wconf 85' lang='lat' dir='ltr'>amator</span> <span class='ocrx_word' id='word_1_269' title='bbox 1151 343 1324 382; x_wconf 81' lang='lat' dir='ltr'>Lupercus</span> <span class='ocrx_word' id='word_1_270' title='bbox 1349 348 1382 372; x_wconf 89' lang='lat' dir='ltr'>te</span> <span class='ocrx_word' id='word_1_271' title='bbox 1409 341 1531 372; x_wconf 79' lang='lat' dir='ltr'>reddat</span> <span class='ocrx_word' id='word_1_272' title='bbox 1557 343 1684 384; x_wconf 87' lang='lat' dir='ltr'>Luper-</span> 
     </span>
     <span class='ocr_line' id='line_1_56' title="bbox 989 391 1685 432; baseline 0.006 -12"><span class='ocrx_word' id='word_1_273' title='bbox 989 400 1076 429; x_wconf 82' lang='lat' dir='ltr'>cam,</span> <span class='ocrx_word' id='word_1_274' title='bbox 1093 391 1126 422; x_wconf 91' lang='lat' dir='ltr'>id</span> <span class='ocrx_word' id='word_1_275' title='bbox 1143 397 1208 431; x_wconf 83' lang='lat' dir='ltr'>est,</span> <span class='ocrx_word' id='word_1_276' title='bbox 1222 392 1355 423; x_wconf 80' lang='lat' dir='ltr'>nudam.</span> <span class='ocrx_word' id='word_1_277' title='bbox 1381 391 1554 432; x_wconf 79' lang='lat' dir='ltr'>Lupercus]</span> <span class='ocrx_word' id='word_1_278' title='bbox 1578 393 1685 424; x_wconf 85' lang='lat' dir='ltr'>Erant</span> 
     </span>
     <span class='ocr_line' id='line_1_57' title="bbox 989 443 1685 482; baseline 0.004 -10"><span class='ocrx_word' id='word_1_279' title='bbox 989 446 1100 472; x_wconf 80' lang='lat' dir='ltr'>autem</span> <span class='ocrx_word' id='word_1_280' title='bbox 1117 443 1263 482; x_wconf 81' lang='lat' dir='ltr'>Luperci</span> <span class='ocrx_word' id='word_1_281' title='bbox 1284 443 1480 473; x_wconf 77' lang='lat' dir='ltr'>sacerdotes</span> <span class='ocrx_word' id='word_1_282' title='bbox 1495 443 1636 475; x_wconf 85' lang='lat' dir='ltr'>Romulo</span> <span class='ocrx_word' id='word_1_283' title='bbox 1650 450 1685 475; x_wconf 83' lang='lat' dir='ltr'>ct</span> 
     </span>
     <span class='ocr_line' id='line_1_58' title="bbox 987 491 1684 533; baseline 0.004 -12"><span class='ocrx_word' id='word_1_284' title='bbox 987 491 1092 522; x_wconf 86' lang='lat' dir='ltr'>Remo</span> <span class='ocrx_word' id='word_1_285' title='bbox 1117 492 1291 531; x_wconf 84' lang='lat' dir='ltr'>destinati,</span> <span class='ocrx_word' id='word_1_286' title='bbox 1311 492 1367 533; x_wconf 82' lang='lat' dir='ltr'>qui</span> <span class='ocrx_word' id='word_1_287' title='bbox 1390 493 1600 524; x_wconf 78' lang='lat' dir='ltr'>Februantes</span> <span class='ocrx_word' id='word_1_288' title='bbox 1617 493 1684 524; x_wconf 88' lang='lat' dir='ltr'>‹lis-</span> 
     </span>
     <span class='ocr_line' id='line_1_59' title="bbox 986 542 1683 583; baseline 0.004 -12"><span class='ocrx_word' id='word_1_289' title='bbox 986 542 1170 573; x_wconf 84' lang='lat' dir='ltr'>currebant</span> <span class='ocrx_word' id='word_1_290' title='bbox 1184 543 1263 573; x_wconf 89' lang='lat' dir='ltr'>nndi</span> <span class='ocrx_word' id='word_1_291' title='bbox 1280 552 1340 583; x_wconf 89' lang='lat' dir='ltr'>per</span> <span class='ocrx_word' id='word_1_292' title='bbox 1356 544 1485 582; x_wconf 86' lang='lat' dir='ltr'>urbem,</span> <span class='ocrx_word' id='word_1_293' title='bbox 1507 544 1683 574; x_wconf 87' lang='lat' dir='ltr'>obviarnm</span> 
     </span>
     <span class='ocr_line' id='line_1_60' title="bbox 985 590 1682 634; baseline 0.006 -13"><span class='ocrx_word' id='word_1_294' title='bbox 985 590 1197 623; x_wconf 73' lang='lat' dir='ltr'>foeminarum</span> <span class='ocrx_word' id='word_1_295' title='bbox 1224 603 1340 623; x_wconf 88' lang='lat' dir='ltr'>manns</span> <span class='ocrx_word' id='word_1_296' title='bbox 1366 593 1508 624; x_wconf 72' lang='lat' dir='ltr'>hoedinis</span> <span class='ocrx_word' id='word_1_297' title='bbox 1537 594 1682 634; x_wconf 85' lang='lat' dir='ltr'>pellibus</span> 
     </span>
     <span class='ocr_line' id='line_1_61' title="bbox 986 642 1681 684; baseline 0.004 -12"><span class='ocrx_word' id='word_1_298' title='bbox 986 642 1216 683; x_wconf 84' lang='lat' dir='ltr'>verberantes,</span> <span class='ocrx_word' id='word_1_299' title='bbox 1236 654 1309 684; x_wconf 78' lang='lat' dir='ltr'>quae</span> <span class='ocrx_word' id='word_1_300' title='bbox 1325 644 1388 676; x_wconf 88' lang='lat' dir='ltr'>hoc</span> <span class='ocrx_word' id='word_1_301' title='bbox 1412 645 1483 676; x_wconf 85' lang='lat' dir='ltr'>ictu</span> <span class='ocrx_word' id='word_1_302' title='bbox 1505 643 1681 676; x_wconf 79' lang='lat' dir='ltr'>foecundas</span> 
     </span>
     <span class='ocr_line' id='line_1_62' title="bbox 985 692 1680 735; baseline 0.006 -13"><span class='ocrx_word' id='word_1_303' title='bbox 985 702 1019 723; x_wconf 80' lang='lat' dir='ltr'>se</span> <span class='ocrx_word' id='word_1_304' title='bbox 1047 692 1120 724; x_wconf 88' lang='lat' dir='ltr'>fieri</span> <span class='ocrx_word' id='word_1_305' title='bbox 1145 694 1348 725; x_wconf 85' lang='lat' dir='ltr'>credebant.</span> <span class='ocrx_word' id='word_1_306' title='bbox 1389 695 1502 727; x_wconf 79' lang='lat' dir='ltr'>Quum</span> <span class='ocrx_word' id='word_1_307' title='bbox 1527 705 1610 735; x_wconf 86' lang='lat' dir='ltr'>ergo</span> <span class='ocrx_word' id='word_1_308' title='bbox 1627 696 1680 726; x_wconf 82' lang='lat' dir='ltr'>liic</span> 
     </span>
     <span class='ocr_line' id='line_1_63' title="bbox 984 742 1683 784; baseline 0.004 -12"><span class='ocrx_word' id='word_1_309' title='bbox 984 742 1181 774; x_wconf 85' lang='lat' dir='ltr'>adolescens</span> <span class='ocrx_word' id='word_1_310' title='bbox 1216 745 1389 784; x_wconf 87' lang='lat' dir='ltr'>Lupercus</span> <span class='ocrx_word' id='word_1_311' title='bbox 1423 750 1614 783; x_wconf 68' lang='lat' dir='ltr'>vocaretur,</span> <span class='ocrx_word' id='word_1_312' title='bbox 1646 750 1683 775; x_wconf 87' lang='lat' dir='ltr'>et</span> 
     </span>
     <span class='ocr_line' id='line_1_64' title="bbox 984 793 1680 834; baseline 0.003 -11"><span class='ocrx_word' id='word_1_313' title='bbox 984 793 1130 833; x_wconf 88' lang='lat' dir='ltr'>Luperci</span> <span class='ocrx_word' id='word_1_314' title='bbox 1145 795 1341 826; x_wconf 87' lang='lat' dir='ltr'>sacerdotes</span> <span class='ocrx_word' id='word_1_315' title='bbox 1359 795 1439 826; x_wconf 89' lang='lat' dir='ltr'>nudi</span> <span class='ocrx_word' id='word_1_316' title='bbox 1466 795 1680 834; x_wconf 86' lang='lat' dir='ltr'>incederent,</span> 
     </span>
     <span class='ocr_line' id='line_1_65' title="bbox 982 843 1679 885; baseline 0.007 -13"><span class='ocrx_word' id='word_1_317' title='bbox 982 843 1106 874; x_wconf 88' lang='lat' dir='ltr'>nudam</span> <span class='ocrx_word' id='word_1_318' title='bbox 1130 844 1285 875; x_wconf 86' lang='lat' dir='ltr'>relictum</span> <span class='ocrx_word' id='word_1_319' title='bbox 1301 845 1342 875; x_wconf 86' lang='lat' dir='ltr'>iri</span> <span class='ocrx_word' id='word_1_320' title='bbox 1359 855 1378 875; x_wconf 88' lang='lat' dir='ltr'>a</span> <span class='ocrx_word' id='word_1_321' title='bbox 1401 856 1460 876; x_wconf 89' lang='lat' dir='ltr'>suo</span> <span class='ocrx_word' id='word_1_322' title='bbox 1477 846 1631 885; x_wconf 84' lang='lat' dir='ltr'>Luperco</span> <span class='ocrx_word' id='word_1_323' title='bbox 1648 848 1679 877; x_wconf 82' lang='lat' dir='ltr'>ei</span> 
     </span>
     <span class='ocr_line' id='line_1_66' title="bbox 981 894 1680 928; baseline 0.006 -4"><span class='ocrx_word' id='word_1_324' title='bbox 981 894 1140 925; x_wconf 83' lang='lat' dir='ltr'>minatur.</span> <span class='ocrx_word' id='word_1_325' title='bbox 1166 895 1253 925; x_wconf 76' lang='lat' dir='ltr'>Vide</span> <span class='ocrx_word' id='word_1_326' title='bbox 1265 895 1344 927; x_wconf 87' lang='lat' dir='ltr'>Juv.</span> <span class='ocrx_word' id='word_1_327' title='bbox 1372 897 1485 927; x_wconf 77' lang='lat' dir='ltr'>Sat.2.</span> <span class='ocrx_word' id='word_1_328' title='bbox 1502 906 1590 927; x_wconf 87' lang='lat' dir='ltr'>vers.</span> <span class='ocrx_word' id='word_1_329' title='bbox 1607 899 1680 928; x_wconf 65' lang='lat'>141.</span> 
     </span>
     <span class='ocr_line' id='line_1_67' title="bbox 982 945 1467 986; baseline 0.002 -11"><span class='ocrx_word' id='word_1_330' title='bbox 982 950 1017 975; x_wconf 90' lang='lat' dir='ltr'>et</span> <span class='ocrx_word' id='word_1_331' title='bbox 1034 955 1107 986; x_wconf 80' lang='lat' dir='ltr'>quae</span> <span class='ocrx_word' id='word_1_332' title='bbox 1125 945 1207 975; x_wconf 88' lang='lat' dir='ltr'>ibid.</span> <span class='ocrx_word' id='word_1_333' title='bbox 1221 946 1467 977; x_wconf 81' lang='lat' dir='ltr'>adnotavimus.</span> 
     </span>
    </p>

    <p class='ocr_par' dir='ltr' id='par_1_18' title="bbox 978 996 1680 1339">
     <span class='ocr_line' id='line_1_68' title="bbox 1024 996 1680 1028; baseline 0.005 -3"><span class='ocrx_word' id='word_1_334' title='bbox 1024 996 1127 1026; x_wconf 70' lang='lat' dir='ltr'>Epio.</span> <span class='ocrx_word' id='word_1_335' title='bbox 1141 1004 1246 1027; x_wconf 69' lang='lat' dir='ltr'>xxm.</span> <span class='ocrx_word' id='word_1_336' title='bbox 1271 996 1527 1027; x_wconf 85' lang='lat' dir='ltr'>Multitudinem</span> <span class='ocrx_word' id='word_1_337' title='bbox 1545 1006 1680 1028; x_wconf 84' lang='lat' dir='ltr'>suornm</span> 
     </span>
     <span class='ocr_line' id='line_1_69' title="bbox 980 1046 1680 1089; baseline 0.001 -12"><span class='ocrx_word' id='word_1_338' title='bbox 980 1046 1141 1078; x_wconf 86' lang='lat' dir='ltr'>librorum</span> <span class='ocrx_word' id='word_1_339' title='bbox 1156 1053 1310 1087; x_wconf 70' lang='lat' dir='ltr'>excusat,</span> <span class='ocrx_word' id='word_1_340' title='bbox 1325 1047 1522 1089; x_wconf 82' lang='lat' dir='ltr'>fateturque</span> <span class='ocrx_word' id='word_1_341' title='bbox 1535 1049 1680 1089; x_wconf 84' lang='lat' dir='ltr'>pulchri-</span> 
     </span>
     <span class='ocr_line' id='line_1_70' title="bbox 980 1098 1678 1139; baseline 0.004 -12"><span class='ocrx_word' id='word_1_342' title='bbox 980 1106 1039 1127; x_wconf 90' lang='lat' dir='ltr'>ora</span> <span class='ocrx_word' id='word_1_343' title='bbox 1071 1108 1145 1138; x_wconf 77' lang='lat' dir='ltr'>qnae</span> <span class='ocrx_word' id='word_1_344' title='bbox 1168 1107 1253 1137; x_wconf 86' lang='lat' dir='ltr'>rara,</span> <span class='ocrx_word' id='word_1_345' title='bbox 1282 1098 1384 1139; x_wconf 84' lang='lat' dir='ltr'>idque</span> <span class='ocrx_word' id='word_1_346' title='bbox 1412 1099 1525 1129; x_wconf 83' lang='lat' dir='ltr'>multis</span> <span class='ocrx_word' id='word_1_347' title='bbox 1553 1099 1678 1139; x_wconf 88' lang='lat' dir='ltr'>probat</span> 
     </span>
     <span class='ocr_line' id='line_1_71' title="bbox 980 1148 1679 1189; baseline 0.003 -11"><span class='ocrx_word' id='word_1_348' title='bbox 980 1149 1164 1188; x_wconf 82' lang='lat' dir='ltr'>exemplis:</span> <span class='ocrx_word' id='word_1_349' title='bbox 1197 1153 1363 1189; x_wconf 83' lang='lat' dir='ltr'>rogatque</span> <span class='ocrx_word' id='word_1_350' title='bbox 1391 1148 1596 1189; x_wconf 84' lang='lat' dir='ltr'>Pudentem,</span> <span class='ocrx_word' id='word_1_351' title='bbox 1627 1155 1679 1187; x_wconf 90' lang='lat' dir='ltr'>nt,</span> 
     </span>
     <span class='ocr_line' id='line_1_72' title="bbox 979 1199 1678 1239; baseline 0.006 -13"><span class='ocrx_word' id='word_1_352' title='bbox 979 1207 1212 1239; x_wconf 85' lang='lat' dir='ltr'>quemcunque</span> <span class='ocrx_word' id='word_1_353' title='bbox 1236 1199 1360 1230; x_wconf 88' lang='lat' dir='ltr'>librum</span> <span class='ocrx_word' id='word_1_354' title='bbox 1382 1199 1505 1239; x_wconf 79' lang='lat' dir='ltr'>legerit</span> <span class='ocrx_word' id='word_1_355' title='bbox 1530 1209 1573 1230; x_wconf 84' lang='lat' dir='ltr'>ex</span> <span class='ocrx_word' id='word_1_356' title='bbox 1596 1201 1678 1239; x_wconf 83' lang='lat' dir='ltr'>suis,</span> 
     </span>
     <span class='ocr_line' id='line_1_73' title="bbox 979 1248 1678 1290; baseline 0.007 -13"><span class='ocrx_word' id='word_1_357' title='bbox 979 1248 1113 1279; x_wconf 87' lang='lat' dir='ltr'>unicum</span> <span class='ocrx_word' id='word_1_358' title='bbox 1132 1253 1238 1288; x_wconf 88' lang='lat' dir='ltr'>putet,</span> <span class='ocrx_word' id='word_1_359' title='bbox 1265 1259 1329 1290; x_wconf 88' lang='lat' dir='ltr'>qno</span> <span class='ocrx_word' id='word_1_360' title='bbox 1347 1250 1451 1289; x_wconf 84' lang='lat' dir='ltr'>pluris</span> <span class='ocrx_word' id='word_1_361' title='bbox 1475 1250 1516 1280; x_wconf 83' lang='lat' dir='ltr'>ab</span> <span class='ocrx_word' id='word_1_362' title='bbox 1540 1260 1579 1282; x_wconf 90' lang='lat' dir='ltr'>eo</span> <span class='ocrx_word' id='word_1_363' title='bbox 1602 1250 1678 1290; x_wconf 86' lang='lat' dir='ltr'>fiat,</span> 
     </span>
     <span class='ocr_line' id='line_1_74' title="bbox 978 1300 1398 1339; baseline 0.005 -11"><span class='ocrx_word' id='word_1_364' title='bbox 978 1301 1136 1339; x_wconf 86' lang='lat' dir='ltr'>tanquam</span> <span class='ocrx_word' id='word_1_365' title='bbox 1158 1310 1280 1331; x_wconf 84' lang='lat' dir='ltr'>rarum.</span> <span class='ocrx_word' id='word_1_366' title='bbox 1306 1300 1398 1331; x_wconf 82' lang='lat' dir='ltr'>Ram.</span> 
     </span>
    </p>

    <p class='ocr_par' dir='ltr' id='par_1_19' title="bbox 974 1350 1677 1542">
     <span class='ocr_line' id='line_1_75' title="bbox 1020 1350 1677 1393; baseline 0.008 -14"><span class='ocrx_word' id='word_1_367' title='bbox 1020 1352 1034 1379; x_wconf 93' lang='grc'>1</span> <span class='ocrx_word' id='word_1_368' title='bbox 1063 1350 1188 1386; x_wconf 65' lang='lat' dir='ltr'>Obstat,</span> <span class='ocrx_word' id='word_1_369' title='bbox 1204 1351 1272 1391; x_wconf 51' lang='grc' dir='ltr'>ἐξα]</span> <span class='ocrx_word' id='word_1_370' title='bbox 1300 1351 1422 1382; x_wconf 80' lang='lat' dir='ltr'>Libelli</span> <span class='ocrx_word' id='word_1_371' title='bbox 1437 1351 1580 1383; x_wconf 85' lang='lat' dir='ltr'>fortasse</span> <span class='ocrx_word' id='word_1_372' title='bbox 1594 1354 1677 1393; x_wconf 78' lang='lat' dir='ltr'>mei,</span> 
     </span>
     <span class='ocr_line' id='line_1_76' title="bbox 974 1399 1674 1444; baseline 0.009 -15"><span class='ocrx_word' id='word_1_373' title='bbox 974 1399 1071 1430; x_wconf 84' lang='lat' dir='ltr'>nimis</span> <span class='ocrx_word' id='word_1_374' title='bbox 1088 1401 1197 1440; x_wconf 85' lang='lat' dir='ltr'>multi,</span> <span class='ocrx_word' id='word_1_375' title='bbox 1224 1407 1349 1433; x_wconf 87' lang='lat' dir='ltr'>nocent</span> <span class='ocrx_word' id='word_1_376' title='bbox 1374 1403 1494 1442; x_wconf 79' lang='lat' dir='ltr'>gratiae</span> <span class='ocrx_word' id='word_1_377' title='bbox 1512 1405 1674 1444; x_wconf 80' lang='lat' dir='ltr'>ipsorum,</span> 
     </span>
     <span class='ocr_line' id='line_1_77' title="bbox 978 1450 1672 1496; baseline 0.01 -16"><span class='ocrx_word' id='word_1_378' title='bbox 978 1450 1097 1482; x_wconf 88' lang='lat' dir='ltr'>lectori</span> <span class='ocrx_word' id='word_1_379' title='bbox 1121 1451 1292 1483; x_wconf 82' lang='lat' dir='ltr'>fastidium</span> <span class='ocrx_word' id='word_1_380' title='bbox 1324 1455 1493 1493; x_wconf 84' lang='lat' dir='ltr'>parientes</span> <span class='ocrx_word' id='word_1_381' title='bbox 1530 1462 1672 1496; x_wconf 82' lang='lat' dir='ltr'>propter</span> 
     </span>
     <span class='ocr_line' id='line_1_78' title="bbox 975 1503 1530 1542; baseline 0.007 -12"><span class='ocrx_word' id='word_1_382' title='bbox 975 1509 1163 1533; x_wconf 86' lang='lat' dir='ltr'>nnmerum.</span> <span class='ocrx_word' id='word_1_383' title='bbox 1191 1503 1306 1542; x_wconf 80' lang='lat' dir='ltr'>Turba]</span> <span class='ocrx_word' id='word_1_384' title='bbox 1329 1504 1530 1535; x_wconf 70' lang='lat' dir='ltr'>Multitudo.</span> 
     </span>
    </p>

    <p class='ocr_par' dir='ltr' id='par_1_20' title="bbox 973 1554 1699 1641">
     <span class='ocr_line' id='line_1_79' title="bbox 1016 1554 1699 1597; baseline 0.006 -14"><span class='ocrx_word' id='word_1_385' title='bbox 1016 1554 1035 1582; x_wconf 85' lang='lat'>2</span> <span class='ocrx_word' id='word_1_386' title='bbox 1061 1554 1218 1594; x_wconf 68' lang='lat' dir='ltr'>Frequens</span> <span class='ocrx_word' id='word_1_387' title='bbox 1233 1555 1324 1595; x_wconf 76' lang='lat' dir='ltr'>opus]</span> <span class='ocrx_word' id='word_1_388' title='bbox 1357 1555 1567 1596; x_wconf 81' lang='lat' dir='ltr'>Frequentia</span> <span class='ocrx_word' id='word_1_389' title='bbox 1592 1557 1673 1597; x_wconf 85' lang='lat' dir='ltr'>Epi·</span> <span class='ocrx_word' id='word_1_390' title='bbox 1692 1587 1699 1595; x_wconf 64' lang='grc'><strong>,</strong></span> 
     </span>
     <span class='ocr_line' id='line_1_80' title="bbox 973 1608 1170 1641; baseline 0.015 -11"><span class='ocrx_word' id='word_1_391' title='bbox 973 1608 1170 1641; x_wconf 82' lang='lat' dir='ltr'>grammata.</span> 
     </span>
    </p>

    <p class='ocr_par' dir='ltr' id='par_1_21' title="bbox 969 1651 1673 1894">
     <span class='ocr_line' id='line_1_81' title="bbox 1015 1651 1673 1693; baseline 0.011 -12"><span class='ocrx_word' id='word_1_392' title='bbox 1015 1654 1033 1681; x_wconf 82' lang='lat'><strong>3</strong></span> <span class='ocrx_word' id='word_1_393' title='bbox 1060 1651 1163 1691; x_wconf 80' lang='lat' dir='ltr'>Rara]</span> <span class='ocrx_word' id='word_1_394' title='bbox 1194 1654 1280 1686; x_wconf 79' lang='lat' dir='ltr'>Quae</span> <span class='ocrx_word' id='word_1_395' title='bbox 1312 1664 1400 1693; x_wconf 74' lang='lat' dir='ltr'>rara,</span> <span class='ocrx_word' id='word_1_396' title='bbox 1428 1665 1515 1687; x_wconf 74' lang='lat' dir='ltr'>cara.</span> <span class='ocrx_word' id='word_1_397' title='bbox 1553 1657 1673 1688; x_wconf 79' lang='lat' dir='ltr'>Primis</span> 
     </span>
     <span class='ocr_line' id='line_1_82' title="bbox 969 1702 1672 1744; baseline 0.011 -13"><span class='ocrx_word' id='word_1_398' title='bbox 969 1702 1081 1742; x_wconf 80' lang='lat' dir='ltr'>pomis]</span> <span class='ocrx_word' id='word_1_399' title='bbox 1105 1703 1152 1734; x_wconf 78' lang='lat' dir='ltr'>Ut</span> <span class='ocrx_word' id='word_1_400' title='bbox 1169 1704 1266 1744; x_wconf 82' lang='lat' dir='ltr'>primi</span> <span class='ocrx_word' id='word_1_401' title='bbox 1294 1703 1426 1737; x_wconf 84' lang='lat' dir='ltr'>fructus</span> <span class='ocrx_word' id='word_1_402' title='bbox 1453 1707 1620 1739; x_wconf 86' lang='lat' dir='ltr'>dulciores</span> <span class='ocrx_word' id='word_1_403' title='bbox 1636 1715 1672 1739; x_wconf 91' lang='lat' dir='ltr'>et</span> 
     </span>
     <span class='ocr_line' id='line_1_83' title="bbox 971 1752 1671 1795; baseline 0.01 -13"><span class='ocrx_word' id='word_1_404' title='bbox 971 1752 1154 1792; x_wconf 82' lang='lat' dir='ltr'>chariores,</span> <span class='ocrx_word' id='word_1_405' title='bbox 1195 1754 1243 1784; x_wconf 89' lang='lat' dir='ltr'>ita</span> <span class='ocrx_word' id='word_1_406' title='bbox 1287 1756 1474 1795; x_wconf 75' lang='lat' dir='ltr'>gratiore53</span> <span class='ocrx_word' id='word_1_407' title='bbox 1514 1757 1571 1788; x_wconf 91' lang='lat' dir='ltr'>lib.</span> <span class='ocrx_word' id='word_1_408' title='bbox 1619 1762 1671 1789; x_wconf 85' lang='lat'>10.</span> 
     </span>
     <span class='ocr_line' id='line_1_84' title="bbox 969 1802 1670 1848; baseline 0.011 -16"><span class='ocrx_word' id='word_1_409' title='bbox 969 1802 1084 1842; x_wconf 84' lang='lat' dir='ltr'>Epigr.</span> <span class='ocrx_word' id='word_1_410' title='bbox 1099 1806 1151 1835; x_wconf 79' lang='lat'>63.</span> <span class='ocrx_word' id='word_1_411' title='bbox 1175 1805 1183 1820; x_wconf 90' lang='lat'>‘</span> <span class='ocrx_word' id='word_1_412' title='bbox 1198 1805 1246 1836; x_wconf 87' lang='lat' dir='ltr'>Ut</span> <span class='ocrx_word' id='word_1_413' title='bbox 1264 1815 1341 1836; x_wconf 78' lang='lat' dir='ltr'>rosa</span> <span class='ocrx_word' id='word_1_414' title='bbox 1353 1807 1515 1848; x_wconf 77' lang='lat' dir='ltr'>delectat,</span> <span class='ocrx_word' id='word_1_415' title='bbox 1531 1809 1670 1840; x_wconf 81' lang='lat' dir='ltr'>metitur</span> 
     </span>
     <span class='ocr_line' id='line_1_85' title="bbox 971 1854 1335 1894; baseline 0.014 -12"><span class='ocrx_word' id='word_1_416' title='bbox 971 1862 1046 1892; x_wconf 84' lang='lat' dir='ltr'>quae</span> <span class='ocrx_word' id='word_1_417' title='bbox 1063 1854 1186 1893; x_wconf 82' lang='lat' dir='ltr'>pollice</span> <span class='ocrx_word' id='word_1_418' title='bbox 1204 1856 1335 1894; x_wconf 68' lang='lat' dir='ltr'>primo.y</span> 
     </span>
    </p>

    <p class='ocr_par' dir='ltr' id='par_1_22' title="bbox 965 1903 1669 2347">
     <span class='ocr_line' id='line_1_86' title="bbox 1008 1903 1669 1946; baseline 0.017 -14"><span class='ocrx_word' id='word_1_419' title='bbox 1008 1905 1028 1932; x_wconf 84' lang='grc'>4</span> <span class='ocrx_word' id='word_1_420' title='bbox 1055 1903 1219 1945; x_wconf 76' lang='lat' dir='ltr'>Hibernoe]</span> <span class='ocrx_word' id='word_1_421' title='bbox 1245 1906 1300 1936; x_wconf 90' lang='lat' dir='ltr'>De</span> <span class='ocrx_word' id='word_1_422' title='bbox 1317 1906 1475 1946; x_wconf 83' lang='lat' dir='ltr'>hybernis</span> <span class='ocrx_word' id='word_1_423' title='bbox 1495 1911 1578 1941; x_wconf 87' lang='lat' dir='ltr'>rosis</span> <span class='ocrx_word' id='word_1_424' title='bbox 1594 1911 1669 1942; x_wconf 78' lang='lat' dir='ltr'>mis-</span> 
     </span>
     <span class='ocr_line' id='line_1_87' title="bbox 969 1952 1669 1998; baseline 0.016 -16"><span class='ocrx_word' id='word_1_425' title='bbox 969 1952 1012 1982; x_wconf 84' lang='lat' dir='ltr'>sis</span> <span class='ocrx_word' id='word_1_426' title='bbox 1024 1962 1065 1983; x_wconf 84' lang='lat' dir='ltr'>ex</span> <span class='ocrx_word' id='word_1_427' title='bbox 1082 1954 1227 1995; x_wconf 67' lang='lat' dir='ltr'>AEgypto</span> <span class='ocrx_word' id='word_1_428' title='bbox 1241 1956 1282 1986; x_wconf 87' lang='lat' dir='ltr'>ad</span> <span class='ocrx_word' id='word_1_429' title='bbox 1296 1956 1540 1998; x_wconf 85' lang='lat' dir='ltr'>Domitianum,</span> <span class='ocrx_word' id='word_1_430' title='bbox 1556 1967 1669 1993; x_wconf 76' lang='lat' dir='ltr'>exstat</span> 
     </span>
     <span class='ocr_line' id='line_1_88' title="bbox 968 2004 1666 2050; baseline 0.014 -17"><span class='ocrx_word' id='word_1_431' title='bbox 968 2004 1105 2044; x_wconf 79' lang='lat' dir='ltr'>elegans</span> <span class='ocrx_word' id='word_1_432' title='bbox 1123 2006 1240 2046; x_wconf 77' lang='lat' dir='ltr'>Epigr.</span> <span class='ocrx_word' id='word_1_433' title='bbox 1253 2010 1305 2038; x_wconf 78' lang='grc'>80.</span> <span class='ocrx_word' id='word_1_434' title='bbox 1320 2007 1376 2039; x_wconf 89' lang='lat' dir='ltr'>lib.</span> <span class='ocrx_word' id='word_1_435' title='bbox 1393 2011 1424 2038; x_wconf 88' lang='grc'>6.</span> <span class='ocrx_word' id='word_1_436' title='bbox 1442 2014 1476 2039; x_wconf 89' lang='lat' dir='ltr'>et</span> <span class='ocrx_word' id='word_1_437' title='bbox 1492 2020 1557 2050; x_wconf 89' lang='lat' dir='ltr'>quo</span> <span class='ocrx_word' id='word_1_438' title='bbox 1569 2012 1666 2042; x_wconf 83' lang='lat' dir='ltr'>inodo</span> 
     </span>
     <span class='ocr_line' id='line_1_89' title="bbox 969 2053 1666 2097; baseline 0.016 -15"><span class='ocrx_word' id='word_1_439' title='bbox 969 2053 1024 2094; x_wconf 86' lang='lat' dir='ltr'>qni</span> <span class='ocrx_word' id='word_1_440' title='bbox 1051 2064 1108 2084; x_wconf 88' lang='lat' dir='ltr'>eas</span> <span class='ocrx_word' id='word_1_441' title='bbox 1138 2055 1340 2097; x_wconf 81' lang='lat' dir='ltr'>afferebant,</span> <span class='ocrx_word' id='word_1_442' title='bbox 1372 2059 1562 2091; x_wconf 82' lang='lat' dir='ltr'>invenerint</span> <span class='ocrx_word' id='word_1_443' title='bbox 1580 2071 1666 2093; x_wconf 83' lang='lat' dir='ltr'>sum-</span> 
     </span>
     <span class='ocr_line' id='line_1_90' title="bbox 968 2105 1665 2150; baseline 0.013 -17"><span class='ocrx_word' id='word_1_444' title='bbox 968 2113 1054 2134; x_wconf 88' lang='lat' dir='ltr'>mam</span> <span class='ocrx_word' id='word_1_445' title='bbox 1079 2105 1210 2145; x_wconf 85' lang='lat' dir='ltr'>copiam</span> <span class='ocrx_word' id='word_1_446' title='bbox 1230 2107 1359 2146; x_wconf 76' lang='lat' dir='ltr'>Romae,</span> <span class='ocrx_word' id='word_1_447' title='bbox 1374 2118 1455 2149; x_wconf 87' lang='lat' dir='ltr'>quas</span> <span class='ocrx_word' id='word_1_448' title='bbox 1472 2110 1607 2150; x_wconf 87' lang='lat' dir='ltr'>quidem</span> <span class='ocrx_word' id='word_1_449' title='bbox 1633 2112 1665 2142; x_wconf 88' lang='lat' dir='ltr'>in</span> 
     </span>
     <span class='ocr_line' id='line_1_91' title="bbox 968 2154 1664 2199; baseline 0.014 -16"><span class='ocrx_word' id='word_1_450' title='bbox 968 2154 1079 2193; x_wconf 90' lang='lat' dir='ltr'>pretio</span> <span class='ocrx_word' id='word_1_451' title='bbox 1110 2155 1294 2196; x_wconf 82' lang='lat' dir='ltr'>habebant,</span> <span class='ocrx_word' id='word_1_452' title='bbox 1327 2159 1416 2199; x_wconf 85' lang='lat' dir='ltr'>qnod</span> <span class='ocrx_word' id='word_1_453' title='bbox 1447 2160 1556 2191; x_wconf 88' lang='lat' dir='ltr'>alieno</span> <span class='ocrx_word' id='word_1_454' title='bbox 1581 2167 1664 2192; x_wconf 73' lang='lat' dir='ltr'>tem=</span> 
     </span>
     <span class='ocr_line' id='line_1_92' title="bbox 968 2207 1665 2251; baseline 0.014 -17"><span class='ocrx_word' id='word_1_455' title='bbox 968 2213 1049 2244; x_wconf 90' lang='lat' dir='ltr'>pore</span> <span class='ocrx_word' id='word_1_456' title='bbox 1074 2207 1306 2248; x_wconf 85' lang='lat' dir='ltr'>provenirent,</span> <span class='ocrx_word' id='word_1_457' title='bbox 1321 2215 1505 2251; x_wconf 85' lang='lat' dir='ltr'>essentque</span> <span class='ocrx_word' id='word_1_458' title='bbox 1522 2213 1665 2244; x_wconf 85' lang='lat' dir='ltr'>rariores</span> 
     </span>
     <span class='ocr_line' id='line_1_93' title="bbox 967 2256 1664 2305; baseline 0.017 -21"><span class='ocrx_word' id='word_1_459' title='bbox 967 2265 1065 2295; x_wconf 84' lang='lat' dir='ltr'>quam</span> <span class='ocrx_word' id='word_1_460' title='bbox 1087 2256 1121 2286; x_wconf 91' lang='lat' dir='ltr'>in</span> <span class='ocrx_word' id='word_1_461' title='bbox 1137 2257 1240 2289; x_wconf 80' lang='lat' dir='ltr'>Vere.</span> <span class='ocrx_word' id='word_1_462' title='bbox 1265 2259 1388 2290; x_wconf 76' lang='lat' dir='ltr'>Ramir.</span> <span class='ocrx_word' id='word_1_463' title='bbox 1420 2261 1493 2292; x_wconf 89' lang='lat' dir='ltr'>Lib.</span> <span class='ocrx_word' id='word_1_464' title='bbox 1520 2266 1571 2294; x_wconf 91' lang='lat'>10.</span> <span class='ocrx_word' id='word_1_465' title='bbox 1598 2265 1664 2305; x_wconf 88' lang='lat' dir='ltr'>Ep.</span> 
     </span>
     <span class='ocr_line' id='line_1_94' title="bbox 965 2306 1246 2347; baseline 0.018 -13"><span class='ocrx_word' id='word_1_466' title='bbox 965 2307 1016 2335; x_wconf 82' lang='lat'>93.</span> <span class='ocrx_word' id='word_1_467' title='bbox 1034 2306 1055 2336; x_wconf 92' lang='lat'>1.</span> <span class='ocrx_word' id='word_1_468' title='bbox 1070 2308 1101 2336; x_wconf 88' lang='lat'>6.</span> <span class='ocrx_word' id='word_1_469' title='bbox 1117 2307 1180 2347; x_wconf 83' lang='lat' dir='ltr'>Ep.</span> <span class='ocrx_word' id='word_1_470' title='bbox 1194 2310 1246 2339; x_wconf 84' lang='lat'>80.</span> 
     </span>
    </p>

    <p class='ocr_par' dir='ltr' id='par_1_23' title="bbox 962 2355 1661 2699">
     <span class='ocr_line' id='line_1_95' title="bbox 1007 2355 1661 2401; baseline 0.012 -15"><span class='ocrx_word' id='word_1_471' title='bbox 1007 2360 1026 2386; x_wconf 87' lang='lat'>5</span> <span class='ocrx_word' id='word_1_472' title='bbox 1051 2355 1105 2387; x_wconf 83' lang='lat' dir='ltr'>Sic</span> <span class='ocrx_word' id='word_1_473' title='bbox 1125 2358 1343 2398; x_wconf 75' lang='lat' dir='ltr'>spoliatricem,</span> <span class='ocrx_word' id='word_1_474' title='bbox 1371 2361 1439 2401; x_wconf 50' lang='grc' dir='ltr'>ξω]</span> <span class='ocrx_word' id='word_1_475' title='bbox 1465 2361 1495 2392; x_wconf 84' lang='grc' dir='ltr'>Α</span> <span class='ocrx_word' id='word_1_476' title='bbox 1522 2363 1661 2394; x_wconf 87' lang='lat' dir='ltr'>raritate</span> 
     </span>
     <span class='ocr_line' id='line_1_96' title="bbox 965 2406 1661 2452; baseline 0.011 -16"><span class='ocrx_word' id='word_1_477' title='bbox 965 2410 999 2437; x_wconf 85' lang='lat' dir='ltr'>et</span> <span class='ocrx_word' id='word_1_478' title='bbox 1016 2406 1168 2439; x_wconf 83' lang='lat' dir='ltr'>caritate.</span> <span class='ocrx_word' id='word_1_479' title='bbox 1185 2409 1299 2439; x_wconf 77' lang='lat' dir='ltr'>Fasaeus</span> <span class='ocrx_word' id='word_1_480' title='bbox 1310 2410 1454 2451; x_wconf 78' lang='lat' dir='ltr'>amicum]</span> <span class='ocrx_word' id='word_1_481' title='bbox 1471 2412 1661 2452; x_wconf 87' lang='lat' dir='ltr'>Superbum</span> 
     </span>
     <span class='ocr_line' id='line_1_97' title="bbox 964 2456 1658 2504; baseline 0.012 -17"><span class='ocrx_word' id='word_1_482' title='bbox 964 2456 1140 2488; x_wconf 81' lang='lat' dir='ltr'>fastidium</span> <span class='ocrx_word' id='word_1_483' title='bbox 1175 2461 1378 2501; x_wconf 49' lang='lat' dir='ltr'>mereti-ion,</span> <span class='ocrx_word' id='word_1_484' title='bbox 1399 2472 1557 2503; x_wconf 82' lang='lat' dir='ltr'>magnum</span> <span class='ocrx_word' id='word_1_485' title='bbox 1584 2474 1658 2504; x_wconf 91' lang='lat' dir='ltr'>pos-</span> 
     </span>
     <span class='ocr_line' id='line_1_98' title="bbox 963 2507 1661 2549; baseline 0.013 -13"><span class='ocrx_word' id='word_1_486' title='bbox 963 2507 1071 2537; x_wconf 80' lang='lat' dir='ltr'>centis</span> <span class='ocrx_word' id='word_1_487' title='bbox 1097 2509 1258 2549; x_wconf 77' lang='lat' dir='ltr'>pretium,</span> <span class='ocrx_word' id='word_1_488' title='bbox 1275 2516 1310 2542; x_wconf 90' lang='lat' dir='ltr'>et</span> <span class='ocrx_word' id='word_1_489' title='bbox 1345 2518 1530 2544; x_wconf 87' lang='lat' dir='ltr'>amatorem</span> <span class='ocrx_word' id='word_1_490' title='bbox 1554 2515 1661 2546; x_wconf 87' lang='lat' dir='ltr'>rarius</span> 
     </span>
     <span class='ocr_line' id='line_1_99' title="bbox 964 2557 1659 2604; baseline 0.012 -17"><span class='ocrx_word' id='word_1_491' title='bbox 964 2557 1185 2597; x_wconf 79' lang='lat' dir='ltr'>admittentis,</span> <span class='ocrx_word' id='word_1_492' title='bbox 1202 2559 1286 2591; x_wconf 88' lang='lat' dir='ltr'>facit</span> <span class='ocrx_word' id='word_1_493' title='bbox 1302 2566 1339 2593; x_wconf 93' lang='lat' dir='ltr'>ut</span> <span class='ocrx_word' id='word_1_494' title='bbox 1355 2563 1475 2603; x_wconf 83' lang='lat' dir='ltr'>majori</span> <span class='ocrx_word' id='word_1_495' title='bbox 1495 2563 1528 2593; x_wconf 93' lang='lat' dir='ltr'>in</span> <span class='ocrx_word' id='word_1_496' title='bbox 1546 2565 1659 2604; x_wconf 87' lang='lat' dir='ltr'>pretio</span> 
     </span>
     <span class='ocr_line' id='line_1_100' title="bbox 962 2607 1655 2649; baseline 0.013 -12"><span class='ocrx_word' id='word_1_497' title='bbox 962 2607 1009 2638; x_wconf 88' lang='lat' dir='ltr'>sit</span> <span class='ocrx_word' id='word_1_498' title='bbox 1027 2613 1061 2639; x_wconf 83' lang='lat' dir='ltr'>et</span> <span class='ocrx_word' id='word_1_499' title='bbox 1077 2611 1218 2649; x_wconf 82' lang='lat' dir='ltr'>gratior.</span> <span class='ocrx_word' id='word_1_500' title='bbox 1251 2612 1354 2643; x_wconf 90' lang='lat' dir='ltr'>Ovid.</span> <span class='ocrx_word' id='word_1_501' title='bbox 1374 2613 1536 2645; x_wconf 89' lang='lat' dir='ltr'>Amorum</span> <span class='ocrx_word' id='word_1_502' title='bbox 1548 2615 1606 2646; x_wconf 85' lang='lat' dir='ltr'>lib.</span> <span class='ocrx_word' id='word_1_503' title='bbox 1626 2619 1655 2647; x_wconf 88' lang='lat'>1.</span> 
     </span>
     <span class='ocr_line' id='line_1_101' title="bbox 964 2658 1442 2699; baseline 0.013 -11"><span class='ocrx_word' id='word_1_504' title='bbox 964 2658 1058 2699; x_wconf 85' lang='lat' dir='ltr'>Eleg.</span> <span class='ocrx_word' id='word_1_505' title='bbox 1075 2661 1105 2690; x_wconf 82' lang='lat'>8.</span> <span class='ocrx_word' id='word_1_506' title='bbox 1123 2665 1158 2690; x_wconf 88' lang='lat' dir='ltr'>et</span> <span class='ocrx_word' id='word_1_507' title='bbox 1181 2660 1222 2692; x_wconf 85' lang='lat' dir='ltr'>de</span> <span class='ocrx_word' id='word_1_508' title='bbox 1239 2661 1323 2692; x_wconf 84' lang='lat' dir='ltr'>Arte</span> <span class='ocrx_word' id='word_1_509' title='bbox 1336 2661 1393 2694; x_wconf 90' lang='lat' dir='ltr'>lib.</span> <span class='ocrx_word' id='word_1_510' title='bbox 1412 2666 1442 2694; x_wconf 84' lang='lat'>3.</span> 
     </span>
    </p>

    <p class='ocr_par' dir='ltr' id='par_1_24' title="bbox 962 2707 1656 2855">
     <span class='ocr_line' id='line_1_102' title="bbox 1005 2707 1656 2752; baseline 0.012 -15"><span class='ocrx_word' id='word_1_511' title='bbox 1005 2710 1023 2737; x_wconf 88' lang='grc'>7</span> <span class='ocrx_word' id='word_1_512' title='bbox 1048 2707 1173 2748; x_wconf 79' lang='lat' dir='ltr'>Soepz&#39;us</span> <span class='ocrx_word' id='word_1_513' title='bbox 1187 2709 1221 2740; x_wconf 83' lang='lat' dir='ltr'>in</span> <span class='ocrx_word' id='word_1_514' title='bbox 1236 2710 1325 2751; x_wconf 79' lang='lat' dir='ltr'>libro,</span> <span class='ocrx_word' id='word_1_515' title='bbox 1353 2712 1422 2752; x_wconf 49' lang='lat' dir='ltr'>circu]</span> <span class='ocrx_word' id='word_1_516' title='bbox 1447 2713 1586 2744; x_wconf 87' lang='lat' dir='ltr'>Gratior</span> <span class='ocrx_word' id='word_1_517' title='bbox 1602 2719 1656 2745; x_wconf 87' lang='lat' dir='ltr'>est</span> 
     </span>
     <span class='ocr_line' id='line_1_103' title="bbox 962 2759 1656 2804; baseline 0.009 -16"><span class='ocrx_word' id='word_1_518' title='bbox 962 2767 1084 2798; x_wconf 87' lang='lat' dir='ltr'>parvus</span> <span class='ocrx_word' id='word_1_519' title='bbox 1098 2759 1182 2790; x_wconf 87' lang='lat' dir='ltr'>liber</span> <span class='ocrx_word' id='word_1_520' title='bbox 1203 2760 1400 2801; x_wconf 72' lang='lat' dir='ltr'>satyrarum</span> <span class='ocrx_word' id='word_1_521' title='bbox 1417 2763 1538 2801; x_wconf 86' lang='lat' dir='ltr'>Persii,</span> <span class='ocrx_word' id='word_1_522' title='bbox 1554 2773 1656 2804; x_wconf 83' lang='lat' dir='ltr'>quam</span> 
     </span>
     <span class='ocr_line' id='line_1_104' title="bbox 962 2808 1652 2855; baseline 0.009 -16"><span class='ocrx_word' id='word_1_523' title='bbox 962 2808 1077 2849; x_wconf 81' lang='lat' dir='ltr'>ingens</span> <span class='ocrx_word' id='word_1_524' title='bbox 1105 2811 1261 2842; x_wconf 85' lang='lat' dir='ltr'>volumen</span> <span class='ocrx_word' id='word_1_525' title='bbox 1289 2812 1406 2853; x_wconf 82' lang='lat' dir='ltr'>Marsi,</span> <span class='ocrx_word' id='word_1_526' title='bbox 1433 2823 1497 2855; x_wconf 81' lang='lat' dir='ltr'>quo</span> <span class='ocrx_word' id='word_1_527' title='bbox 1528 2814 1652 2845; x_wconf 87' lang='lat' dir='ltr'>bellum</span> 
     </span>
    </p>
   </div>
  </div>
 </body>
</html>
