1866 3131
431 168 480 198 M.
514 166 621 195 VAL.
658 164 933 194 MAR'1'1.›x1,1s
974 165 1132 194 repicit.

154 262 266 299 lai-tus,
293 262 428 292 nolente.
457 261 536 292 ticet
568 265 688 299 matre,
709 259 849 298 'l'rojam

157 311 330 350 profectus
348 316 412 341 est.

196 364 212 391 7
242 361 287 391 Tu
302 372 355 391 uec
367 360 510 401 propera]
533 360 563 392 Ο
577 360 693 391 barba.
740 360 853 400 Crede]

156 412 232 442 Non
244 412 347 443 crede
362 413 548 452 Encolpum
559 415 742 451 propterea
755 419 851 449 gran-

151 463 228 494 dem
246 472 321 494 csse
347 468 384 494 et
398 463 505 493 virum
521 461 664 499 factum,
689 460 778 501 quod
795 460 850 490 ab·

154 515 293 546 sciderit
307 515 418 545 crines
435 514 575 554 primm,
591 523 676 554 quos
690 513 779 542 alere
803 522 852 542 so-

155 565 269 595 lebant
296 564 433 595 delicati
465 564 562 604 pueri
585 563 625 593 ad
649 572 772 593 annum
799 564 851 593 17.

156 615 302 656 Capillis]
327 617 491 647 Detonsae
509 624 613 645 coinae
638 614 670 644 in
690 614 851 644 honorem

157 667 283 697 domini
296 667 358 697 sui.

196 720 215 747 8
243 715 493 756 Τω·ι1αᾳιιε,ἑ5”ε.]
509 715 561 746 Ita
574 715 782 755 Epigramm.
797 716 851 744 32.

154 768 212 798 lib.
232 771 260 798 1.
280 776 366 797 vers.
383 769 413 798 8.

190 819 413 849 Βριακωκ.
442 821 457 848 l
488 817 657 856 Vidissem,
674 816 742 856 Sym]
775 816 854 847 Cat·

154 879 228 900 vam
243 869 381 900 Labieni
399 868 500 900 ridet.

195 923 215 951 2
232 920 305 950 Tres
316 919 441 960 putari]
458 919 557 952 Quod
571 919 679 950 tribus
693 920 728 950 in
740 918 853 959 capite

155 969 308 1010 partibus
335 974 426 1000 esset
453 970 647 1010 capillatus,
675 968 790 1000 fronte
818 974 852 1000 et

154 1019 310 1060 utrisque
329 1020 551 1061 temporibus.

194 1073 212 1101 3
240 1070 345 1101 Cast-ce
373 1080 420 1101 me
444 1081 600 1109 numerus,
623 1072 694 1113 ξω]
717 1071 818 1111 Quae,
834 1081 853 1102 a

154 1119 271 1151 frome
284 1126 318 1151 et
334 1126 481 1163 utroque
505 1127 660 1163 tempore
683 1122 855 1162 capillata,

153 1176 189 1202 et
205 1171 316 1202 medio
329 1173 443 1212 capite
465 1172 596 1212 glabra,
612 1172 684 1203 visa
698 1176 751 1203 est
773 1171 854 1202 mihi

152 1226 263 1253 terna.
286 1221 375 1253 Vide
392 1222 601 1264 Epigramm.
621 1226 676 1254 83.
700 1223 786 1253 libro
803 1226 855 1254 10.

155 1282 244 1304 vers.
260 1275 312 1304 10.

195 1325 215 1353 4
242 1322 372 1364 Capilli]
386 1323 549 1355 Promissi
560 1323 650 1356 forte
669 1329 705 1356 et
721 1324 854 1365 cirrati,

156 1373 274 1414 quales
298 1374 394 1405 alunt
412 1374 523 1413 pueri.
605 1378 607 1380 '

195 1426 214 1455 7
237 1423 325 1455 Area
344 1424 488 1464 notatur]
511 1425 648 1456 Summa
666 1426 775 1458 calva.
797 1426 855 1457 Sic

155 1474 298 1505 Petron.
332 1474 510 1516 ‘Areaque
533 1476 663 1508 attritis
683 1475 772 1508 ridet
795 1477 853 1508 ad‘

155 1530 232 1556 usta
256 1524 357 1565 pilis.'

197 1578 218 1605 9
243 1575 327 1606 Tunc
340 1585 423 1615 cum,
443 1577 512 1617 ξω]
546 1576 615 1607 Ubi
642 1586 684 1607 ex
714 1586 853 1608 nurnero

157 1625 265 1656 calvae
283 1631 349 1656 tuae
377 1634 437 1665 pro
455 1625 562 1656 tribus
583 1630 784 1656 numeratus
799 1635 855 1656 ac-

154 1676 278 1715 cepisti
303 1676 368 1707 tria
392 1677 532 1717 panaria
553 1677 643 1718 (sive
664 1686 770 1717 panes
794 1677 855 1716 illi,

156 1726 227 1757 sive
251 1727 373 1758 corbes
398 1727 534 1758 viiuinei
560 1737 646 1768 pane
668 1726 788 1759 referti
804 1727 854 1758 fu-

155 1776 263 1817 erint)
293 1787 369 1818 quae
397 1777 431 1808 in
455 1778 699 1817 SaturnalitiiS,
728 1779 794 1819 vel,
819 1783 857 1810 nt

157 1827 264 1858 refert
280 1828 461 1859 Suetonius
476 1837 553 1868 cap.
570 1831 600 1859 4.
616 1828 650 1858 in
666 1829 857 1869 Septimon-

157 1878 228 1910 tiali
244 1889 340 1910 sacro
356 1879 568 1911 Domitianus
584 1880 722 1912 Senatui
737 1882 858 1923 equiti-

155 1939 222 1971 que
234 1930 420 1962 distribuit.

201 1985 241 2013 10
267 1983 345 2014 Cum
366 1984 551 2024 panariolis]
573 1984 712 2016 Sueton.
729 1984 762 2016 in
787 1985 858 2016 Do-

157 2033 231 2064 mit.
264 2033 308 2064 de
345 2034 408 2065 hac
444 2035 649 2076 largitione:
686 2036 695 2053 ‘
710 2036 860 2067 Panaria

155 2084 299 2125 sparsa,'
314 2087 380 2117 &c.
424 2086 470 2116 Et
485 2086 518 2117 in
542 2086 712 2128 Caligula:
738 2087 859 2128 ‘Spar-

155 2135 201 2166 sit
212 2140 249 2167 et
264 2135 404 2167 missilia
427 2137 597 2168 variarum
613 2147 738 2177 rerum,
752 2142 787 2169 et
801 2147 858 2178 pa-

156 2186 251 2217 naria
281 2196 358 2217 cum
388 2186 528 2219 obsonio
558 2188 684 2220 viritim
715 2188 858 2220 divisit:

157 2235 198 2266 Id
214 2241 328 2267 autem
347 2241 413 2277 est,
427 2247 503 2269 mea
517 2238 655 2279 quidem
671 2239 858 2277 sententia,

159 2287 249 2327 quod
266 2287 406 2319 Persius
422 2289 576 2330 appellat
586 2294 773 2330 artocreas,
785 2290 857 2322 Sat.

158 2346 208 2369 vt.
241 2338 251 2353 ‘
273 2337 410 2379 Oleum,
445 2343 684 2381 artocreasque
720 2341 858 2381 popello

160 2388 322 2429 Largior:
339 2399 380 2419 an
397 2390 552 2430 prohibes
564 2390 586 2421 ?'
603 2391 793 2422 Visceratio
808 2402 858 2423 so-

158 2439 189 2469 la
205 2449 306 2470 carne
322 2440 498 2471 constabat
512 2452 519 2471 z
545 2451 658 2472 verum
670 2442 765 2482 panis
782 2452 859 2483 pos-

159 2489 276 2520 tremis
291 2490 498 2529 temporibus
515 2490 661 2531 additus,
677 2496 713 2523 et
728 2491 858 2523 idcirco

161 2540 422 2571 viscerationem
461 2541 732 2582 interpretantur
769 2542 858 2583 ἀρτό-

159 2604 259 2632 κρεας.
319 2593 405 2623 Cum
449 2592 675 2624 visceratione
720 2595 857 2635 epulum

159 2643 362 2684 quandoque
388 2642 515 2674 dabant
544 2644 572 2673 οἱ
602 2645 858 2684 μεγαλοπρεπεῖς.

159 2694 301 2725 Sueton.
315 2694 347 2723 in
361 2693 430 2725 Jul.
443 2693 528 2724 Caes.
552 2695 560 2711 ‘
572 2693 710 2735 Adjecit
723 2696 857 2735 epulum

160 2754 199 2776 ac
215 2745 489 2785 viscerationein,
506 2750 542 2776 et
559 2750 635 2786 post
651 2746 857 2787 Hispanien-

1170 165 1213 193 ω
1227 166 1260 193 κ.
1299 166 1341 193 ν.
1494 155 1605 195 ‘te-il

904 268 972 288 seni
992 259 1162 288 victorium
1177 258 1242 288 'luo
1259 257 1420 299 prandia!
1447 259 1578 290 lleruld.

947 312 982 339 11
1014 309 1116 339 Talem
1146 311 1332 349 (it-rycmem,
1359 310 1427 349 ἔθα]
1465 311 1607 350 'tricipi-

903 364 988 398 tem,
1011 369 1156 400 namque
1181 360 1274 390 illum
1303 361 1525 400 tricorporem
1544 361 1606 391 fin-

902 413 986 449 gunt
1004 408 1135 448 Po'etae,
1150 419 1249 449 quein
1274 411 1442 441 Hercules
1469 412 1501 441 iu
1525 412 1604 442 His-

903 460 1004 499 pania
1030 458 1218 498 interfecit,
1243 459 1374 490 abactis
1406 461 1439 491 iu
1467 461 1603 491 Italiam

902 511 1035 549 bubus3
1057 510 1101 541 de
1117 509 1297 551 quoinl'ra,
1321 511 1530 551 Epigramin.
1552 515 1605 543 (56.

903 570 994 592 vers.
1013 563 1065 591 12.

947 614 986 642 12
1011 610 1171 641 Porticum
1188 610 1348 651 Philippi]
1374 611 1550 642 Porticum
1571 617 1607 642 ct

902 661 994 692 aedes
1011 660 1173 692 Herculis
1190 665 1292 701 atque
1315 661 1491 691 Musarum
1515 663 1608 692 Mar-

903 714 969 743 tius
997 712 1176 752 Philippus
1208 711 1354 752 Augusti
1389 711 1529 742 vitricus
1557 722 1608 743 re-

902 763 1082 802 stauravit,
1095 768 1129 793 et
1141 762 1223 793 iniis
1240 762 1420 803 imaginem
1434 763 1608 794 Herculis.

948 817 986 845 13
1011 813 1047 844 Si
1061 817 1091 844 te
1105 813 1218 844 viderit
1236 813 1402 853 Hercules]
1434 814 1497 845 Est
1515 814 1605 844 enim

903 864 959 895 ille
975 863 1166 903 ἀλεξίκακος,
1181 869 1218 895 et
1239 868 1468 894 monstrorum
1494 863 1608 905 profli-

903 921 1013 956 gator.
1059 914 1198 955 Peristi]
1215 915 1266 946 Ex
1278 915 1385 954 calva,
1397 919 1430 946 tc
1445 915 1610 955 tricorpo-

904 976 975 998 rem
1014 966 1210 1007 Geryonem
1249 965 1419 998 creditnm
1455 965 1609 997 invadet.

904 1018 1045 1058 Geryon
1058 1022 1173 1048 autem
1188 1017 1232 1048 ab
1256 1017 1411 1048 Hesiodo
1424 1016 1610 1057 τρικέφαλος

903 1067 1030 1106 dietus,
1046 1068 1090 1099 ab
1101 1068 1172 1098 aliis
1184 1065 1372 1108 τρικάρηνυς.

948 1119 1051 1150 ΕΡιῦ.
1068 1127 1098 1150 Ι..
1115 1122 1128 1149 l
1161 1119 1253 1149 Coeno
1276 1118 1359 1149 domi
1381 1118 1512 1159 quoties,
1540 1117 1610 1158 aa]

905 1169 1138 1210 Charopinum
1155 1168 1384 1209 importunum
1399 1169 1604 1209 coenipetam

904 1224 1015 1250 notat.
1059 1220 1184 1250 Sensus
1200 1224 1236 1250 et
1249 1221 1331 1250 ordo
1342 1220 1521 1251 verborum
1538 1225 1608 1250 est:

906 1270 1052 1303 Quoties
1068 1269 1160 1301 domi
1181 1280 1293 1311 coeno,
1315 1275 1350 1302 te
1367 1281 1433 1302 non
1451 1272 1610 1311 invitato,

904 1320 1062 1352 irasceris
1078 1329 1145 1351 non
1163 1330 1261 1353 secus
1286 1331 1324 1353 ac
1337 1321 1476 1363 juratus
1493 1321 1610 1353 hostis.

906 1372 1060 1403 Raderus.

949 1426 968 1453 3
992 1422 1112 1454 Stricto
1138 1423 1284 1461 medium,
1311 1422 1380 1463 δῖα]
1413 1423 1515 1454 Gulae
1539 1422 1612 1464 ejus

906 1472 1003 1504 iratae
1021 1473 1148 1504 rabiem
1166 1473 1353 1513 amplificat
1368 1473 1489 1506 Poeta.

948 1528 966 1554 5
993 1524 1259 1564 Necsevnel,8sc.]
1289 1525 1368 1556 Non
1396 1525 1513 1556 licebit
1529 1525 1610 1556 milii

905 1575 960 1604 vol
974 1574 1080 1605 semel
1094 1575 1185 1606 domi
1201 1575 1332 1616 absque
1349 1581 1383 1606 te
1396 1575 1481 1606 clam
1498 1584 1609 1606 coena-

905 1625 964 1655 re?
989 1625 1131 1656 Furtum
1144 1624 1274 1665 facere,
1287 1630 1341 1657 est
1357 1635 1365 1656 :
1390 1626 1503 1657 celare
1519 1631 1610 1656 tuam

906 1676 1032 1716 gulam,
1057 1680 1095 1706 et
1120 1676 1374 1717 resupinantem
1396 1685 1526 1715 nasum,
1554 1676 1612 1717 qui

907 1735 1037 1757 coenain
1053 1735 1161 1757 meam
1180 1736 1286 1767 usque
1303 1725 1435 1757 odorat.

949 1779 969 1807 8
995 1777 1133 1818 coquus]
1154 1777 1292 1815 Lateat,
1307 1774 1404 1807 fallat
1420 1781 1467 1807 te.

951 1827 1056 1857 EPtG.
1074 1835 1121 1858 Li.
1145 1828 1265 1868 Carpit
1279 1827 1483 1858 insolentem
1500 1827 1613 1868 cujus-

908 1876 987 1909 dam
1016 1878 1147 1910 indocti
1175 1879 1399 1920 illaudatique
1427 1879 1611 1910 caussidici

907 1930 1153 1971 arrogantiam,
1170 1930 1227 1971 qui
1243 1940 1308 1961 non
1325 1931 1460 1971 salutet,
1475 1940 1540 1961 nec
1560 1940 1612 1961 sa-

909 1981 1034 2012 lutanti
1050 1981 1269 2022 respondeat,
1293 1981 1386 2023 quod
1410 1981 1443 2012 in
1470 1980 1611 2021 ἀλαζόνα

908 2031 1083 2064 convenit.
1126 2032 1193 2063 Vel
1219 2031 1357 2063 videtur
1382 2032 1495 2073 potius
1522 2033 1610 2063 illius

909 2083 1088 2114 caussidici
1111 2083 1290 2123 inscitiam,
1304 2083 1385 2114 etin
1401 2083 1546 2115 dicendo
1561 2084 1610 2114 in-

908 2133 1049 2165 fantiam
1065 2134 1155 2164 velle
1172 2138 1312 2173 notare;
1336 2135 1406 2175 qui,
1421 2143 1487 2175 quo
1503 2135 1611 2174 magis

909 2194 944 2215 se
963 2194 1022 2225 pro
1036 2183 1225 2215 caussidico
1239 2189 1276 2215 et
1291 2184 1428 2216 erudito
1445 2185 1516 2215 viro
1530 2193 1609 2215 ven-

907 2235 1007 2274 ditet,
1021 2234 1085 2265 hoc
1109 2234 1219 2265 minus
1235 2234 1343 2273 sciat3
1367 2235 1476 2275 utqui
1493 2244 1534 2265 ne
1558 2244 1608 2265 sa-

908 2286 1060 2317 lutantes
1074 2285 1208 2326 quidem
1226 2286 1333 2325 possit
1357 2284 1506 2317 officiose
1522 2286 1610 2316 salu-

908 2342 995 2368 tare.

952 2392 967 2420 1
992 2388 1132 2426 Libellis,
1155 2387 1225 2427 Esou]
1258 2387 1486 2428 SupplicibuS,
1512 2398 1609 2420 accu-

909 2439 1057 2478 satoriis,
1081 2447 1138 2468 seu
1156 2437 1348 2477 judiciariis
1374 2438 1497 2469 libellis
1513 2448 1608 2469 onus-

909 2495 995 2520 tam:
1033 2493 1174 2529 captans
1209 2487 1287 2519 hinc
1322 2489 1607 2520 existimationem

909 2540 997 2581 apud
1010 2540 1172 2581 populum
1186 2539 1288 2579 periti
1301 2539 1493 2581 caussidici,
1504 2544 1543 2571 ut
1554 2541 1609 2571 cui

909 2592 1090 2624 multitudo
1105 2592 1336 2631 negociorum.
1579 2620 1581 2623 ,

951 2646 971 2673 2
996 2642 1214 2680 Notariorum,
1225 2640 1292 2680 iffa]
1316 2642 1504 2673 Puerorum
1517 2652 1609 2674 ama-

909 2694 1096 2732 nuensium,
1122 2693 1252 2724 Clerlcs:
1275 2693 1332 2733 qui
1349 2693 1420 2733 ejus
1446 2698 1607 2735 tanquam

909 2743 1060 2785 pluribus
1071 2743 1218 2775 districti
1231 2743 1374 2784 negotiis
1386 2743 1516 2775 dictata
1529 2744 1610 2775 scri-
