1866 3131
260 166 365 207 1:3th

256 273 351 303 (lenti
368 271 567 302 tetrasticho
583 270 737 303 divisum.

298 325 316 353 7
342 323 408 353 Pro
423 321 584 361 libertate]
608 322 700 362 Lips.
718 321 774 352 lib.
793 324 822 353 l.
841 321 950 362 Epist.

256 373 386 405 Quaest.
415 376 445 402 5.
473 372 553 411 legit
578 381 644 412 prce
669 372 831 404 libertate:
855 372 949 414 quasi

255 421 369 452 dicat:
406 422 566 452 Camillus
583 426 618 452 te
641 422 828 463 principem
845 422 952 461 malit,

255 481 354 512 quam
385 481 476 502 suam
515 472 605 502 illam
644 472 860 503 libertatem:
898 472 950 502 vel

255 521 340 551 adeo
365 523 475 561 potior
491 521 555 552 eris
573 521 645 561 ipsa
663 523 849 553 Libertate.
892 522 951 552 Ca·

254 572 371 612 millus]
396 572 462 605 Qui
486 572 624 603 Romam
640 582 659 603 a
675 573 781 604 Gallis
804 582 948 613 occupa-

256 627 323 653 tam
342 623 504 654 Dictator
525 622 649 654 absens
672 628 817 662 creatuS,
833 623 952 653 libera-

256 674 317 703 vit.

297 727 315 755 8
341 724 513 764 Fabricius,
537 724 604 764 ssa]
629 723 696 756 Qui
727 723 951 755 continentis-

256 775 336 805 sime
365 775 398 805 in
424 780 629 815 paupertate
655 775 784 812 vivens,
810 783 951 804 munera

254 824 316 855 sibi
332 834 351 855 a
364 825 510 865 Pyrrho,
522 830 556 855 et
573 834 690 855 aurum
708 834 728 854 a
742 823 949 855 Samnitibus

254 875 386 905 missum
404 875 610 915 repudiavit.

295 928 315 955 9
338 926 474 965 Brutus]
497 926 665 957 Juniusne
681 924 738 966 qui
762 933 861 964 reges
882 924 950 964 eje—

253 975 324 1005 cit?
364 975 417 1005 An
434 976 570 1005 Marcus
584 975 724 1014 Brutus,
738 984 821 1005 unus
834 984 852 1006 e
868 974 950 1006 Julii

255 1026 341 1056 (tres.
366 1026 642 1065 percussoribus?
669 1025 836 1065 eruentus]
859 1025 951 1056 c.M.

253 1075 422 1106 hominum
460 1075 649 1115 deleverat,
690 1081 864 1107 senatores
899 1078 951 1106 90.

253 1126 450 1156 consulares
468 1129 518 1157 15.
534 1126 666 1167 equites
680 1129 754 1157 260.

297 1179 337 1207 10
361 1176 528 1216 Imperium
543 1177 657 1215 tradet,
672 1176 740 1216 ξω]
769 1176 866 1209 Quod
886 1185 951 1206 uon

253 1226 362 1258 Julius
393 1226 518 1264 Caesar,
545 1236 611 1257 non
642 1226 816 1266 Augustus
846 1225 951 1257 fecit:

254 1277 310 1307 ille
334 1276 424 1306 enim
451 1275 626 1315 retinebit,
651 1282 683 1306 et
707 1276 751 1306 ob
780 1281 951 1307 retentum

253 1326 353 1357 Bruti
390 1326 540 1356 manibus
580 1326 771 1357 trucidatus
814 1326 951 1366 peribit.

254 1376 322 1407 Hic
346 1375 387 1406 de
413 1375 589 1406 reddendo
614 1375 790 1416 cogitabit,
811 1381 870 1407 aut
892 1386 950 1416 po-

253 1426 321 1457 tius
343 1425 551 1456 redditurum
576 1426 770 1457 simulabit:
794 1435 869 1456 nam
892 1427 951 1456 im·

254 1477 349 1517 peria
360 1486 435 1507 cum
447 1476 569 1506 laetitia
581 1475 777 1514 induuntur,
789 1485 865 1507 cum
882 1485 951 1506 mo-

253 1528 352 1558 lestia
389 1532 572 1558 exuuntur.
609 1528 773 1559 Dorleans.
820 1527 950 1567 Imperi-

252 1590 304 1610 um
320 1580 437 1619 tradet]
481 1579 531 1610 Ut
550 1580 718 1620 quondam
743 1579 950 1610 dictaturam

253 1632 422 1672 deposuit,
448 1632 655 1672 secessitque
683 1631 860 1662 Puteolos.
906 1632 951 1662 Et

253 1691 351 1722 quem
377 1681 491 1712 Caesar
516 1681 615 1720 dixit,
632 1682 778 1712 nescisse
804 1681 950 1720 littei-as,

253 1732 340 1773 quod
357 1731 465 1764 fasces
483 1732 671 1772 abjecerit.

298 1784 335 1812 ll
360 1782 492 1813 Privato
505 1792 572 1812 cum
589 1783 724 1823 Caesare]
750 1782 825 1813 Non
840 1791 949 1812 rerum

254 1841 414 1862 Summam
433 1831 632 1871 affectante,
653 1832 753 1872 idque
776 1831 866 1863 civili
883 1832 949 1862 bel-

256 1882 297 1911 10.

299 1933 337 1961 12
363 1930 506 1970 Crassus]
532 1931 721 1961 Liciniusne
740 1930 892 1967 Crassus,
909 1940 949 1961 an

255 1981 403 2019 Marcus,
420 1981 476 2021 qui
494 1981 597 2020 periit
611 1980 699 2020 apud
718 1980 882 2010 Parthos?

300 2035 336 2062 14
363 2033 441 2062 Coto
471 2033 629 2069 reddatur,
664 2031 733 2071 ξω]
782 2031 849 2063 Qui
886 2031 949 2061 sibi

255 2088 397 2112 mortem
422 2082 587 2113 conscivit
607 2082 731 2120 Uticae,
752 2090 794 2111 ne
820 2081 950 2112 videret

255 2132 446 2162 Caesarem:
478 2136 536 2162 tua
565 2136 678 2161 tamen
703 2131 863 2171 aequitate
896 2131 949 2160 ad-

254 2182 376 2212 ductus
399 2191 418 2212 a
443 2182 576 2212 Caesare
607 2180 723 2211 stabit.
768 2181 873 2213 Quasi
901 2180 948 2211 di-

254 2236 328 2269 cat3
360 2230 390 2261 Ο
416 2230 588 2270 princeps,
614 2234 707 2260 tanta
732 2235 781 2260 est
806 2231 949 2271 aequitas

254 2285 323 2319 tua,
338 2286 374 2311 ut
389 2279 537 2310 vindices
557 2279 726 2310 libertatis
742 2280 804 2311 tibi
823 2281 948 2312 servire

254 2330 384 2368 malint,
400 2338 496 2371 quam
512 2329 618 2360 libere
634 2330 762 2361 vivere.

296 2381 401 2412 Eme.
417 2389 465 2410 vr.
482 2383 497 2411 1
519 2381 788 2422 Unclisfalciferi,
803 2382 869 2422 eya]
887 2383 947 2413 Fe-

254 2432 312 2463 riis
343 2431 476 2462 Saturni
509 2430 630 2462 falcem
669 2434 818 2471 gerentis
845 2432 948 2474 (quod

256 2480 377 2521 Κρόνος,
403 2481 522 2520 χρόνος,
544 2480 578 2511 id
603 2485 666 2520 est,
682 2487 815 2522 tempus
839 2484 949 2513 omnia

253 2530 377 2570 metat)
393 2531 424 2560 iu
443 2530 562 2570 quibus
579 2537 689 2561 unctae
707 2541 823 2563 coenae.
861 2533 947 2563 Tum

253 2587 288 2611 et
317 2581 413 2611 festis
443 2579 563 2611 diebus
592 2581 757 2621 unguenti
787 2583 948 2622 plurimus

256 2640 343 2661 usus.
391 2630 435 2660 Et
458 2631 490 2660 in
512 2630 586 2670 ipsa
609 2636 722 2662 castra
744 2632 816 2663 haec
834 2634 947 2673 volup-

257 2680 336 2709 tatis
352 2679 519 2710 lenocinia
537 2685 767 2719 penetravere.
786 2682 873 2715 Pliu.
894 2683 948 2714 lib.

707 177 847 207 NOTAE
881 178 1097 206 vARth
1111 178 1141 205 M

1180 178 1227 206 IN

1002 274 1052 301 13.
1079 280 1153 310 cap.
1182 272 1211 301 3.
1256 270 1300 300 Et
1326 269 1403 311 quid
1435 270 1574 301 Saturni
1604 269 1696 301 feriis

1001 321 1157 351 unctius?
1183 320 1316 360 quando
1338 330 1440 351 coenae
1469 321 1638 351 unctiores
1662 326 1697 351 et

999 372 1247 411 elegantiores?
1286 371 1367 402 Her.

1043 424 1062 451 2
1091 422 1261 461 Regnator,
1275 422 1344 462 8)·ε.]
1368 421 1406 452 In
1424 421 1543 463 quibus
1560 420 1697 462 impune

1001 478 1119 513 regnat
1142 473 1228 503 alea.
1253 475 1261 489 ‘
1279 473 1430 503 Fritillus
1443 472 1452 485 ’
1470 482 1549 511 ergo
1572 481 1698 512 pyrgus

1000 532 1058 553 seu
1074 523 1247 560 turricula,
1261 531 1302 553 ex
1327 532 1392 563 qua
1415 528 1551 553 tesserae
1569 523 1698 552 excuti-

1001 577 1112 603 untur.
1158 573 1274 612 Epigr.
1299 575 1350 603 14.
1378 571 1434 603 lib.
1458 575 1489 602 4.
1513 580 1599 602 vers.
1623 574 1651 602 8.
1666 573 1698 602 9.

1002 627 1036 652 et
1053 622 1170 661 Epigr.
1188 624 1239 652 84.
1258 621 1313 652 lib.
1329 625 1360 652 5.
1376 630 1463 651 vers,
1481 624 1512 652 3.

1043 674 1060 702 3
1087 672 1157 702 Non
1173 671 1334 711 laborioso]
1359 671 1475 710 Facili,
1489 672 1618 710 jocoso.

1042 725 1061 753 4
1086 722 1212 752 Pilenta
1244 721 1358 761 Roma]
1395 721 1435 753 In
1466 720 1699 752 Saturnalibus

1001 773 1089 804 servi
1116 772 1320 804 incedebant
1345 772 1451 812 pileos
1473 771 1584 802 induti
1606 771 1700 801 velut

1001 822 1143 853 domini:
1169 832 1242 852 narn
1268 827 1302 853 et
1322 821 1467 853 Romani
1487 822 1559 852 aliis
1582 820 1700 852 diebus

1000 872 1091 903 nudo
1116 872 1230 912 capite
1257 876 1369 910 erant,
1395 877 1455 903 aut
1482 876 1587 912 caput
1607 877 1700 901 veste

1000 922 1169 952 velabant.
1215 921 1337 962 Itaque
1355 927 1489 952 veteres
1512 921 1613 951 nullae
1634 921 1698 951 Ro-

1000 981 1175 1002 manorum
1191 976 1311 1002 statuae
1325 981 1401 1002 cum
1419 971 1509 1011 pileo
1526 970 1700 1001 visuntur:

1001 1030 1142 1062 eamque
1155 1020 1435 1052 consuetudinem
1449 1030 1467 1051 a
1479 1019 1593 1060 prisca
1604 1019 1701 1050 Grae-

1000 1071 1054 1102 cia
1066 1070 1201 1102 duxisse
1215 1071 1418 1102 Eustachius
1431 1071 1551 1101 asserit
1566 1081 1576 1109 ;
1599 1080 1698 1112 quum

1000 1120 1090 1160 apud
1114 1120 1314 1161 Homerum,
1335 1130 1398 1151 nec
1425 1120 1507 1161 pilei
1535 1129 1598 1151 nec
1622 1129 1701 1151 cau-

1001 1171 1059 1201 siae
1087 1171 1155 1201 ulla
1183 1172 1309 1202 mentio
1334 1170 1389 1202 sit.
1411 1170 1559 1202 Turneb.
1585 1170 1643 1200 lib.
1669 1172 1699 1201 8.

1001 1229 1076 1259 cap.
1094 1222 1126 1250 4.

1044 1272 1061 1298 5
1087 1267 1215 1307 Ηὶεὶειὶ]
1240 1267 1325 1299 Risu
1343 1278 1491 1300 annuere
1509 1273 1545 1300 et
1561 1278 1700 1300 consen-

1002 1318 1065 1348 tire
1083 1318 1220 1349 videris.

1043 1371 1063 1399 9
1089 1367 1243 1408 Trientes]
1265 1368 1431 1399 Dimidius
1445 1369 1550 1400 triens
1562 1372 1613 1400 est
1625 1378 1698 1399 sex-

1001 1424 1087 1456 tans,
1105 1419 1166 1449 hoc
1191 1425 1256 1457 est,
1274 1420 1339 1450 duo
1362 1419 1488 1459 cyathi.
1510 1420 1629 1460 Epigr.
1646 1422 1698 1451 28.

1001 1468 1058 1500 lib.
1078 1471 1204 1499 Lvers.
1221 1472 1251 1500 2.

1044 1521 1083 1549 10
1107 1519 1317 1559 Pythagoras,
1348 1519 1417 1560 lym]
1462 1519 1554 1551 Puer
1578 1528 1596 1549 e
1621 1528 1700 1550 con-

1001 1569 1241 1599 taminatorum
1259 1579 1374 1609 grege,
1391 1570 1445 1600 cni
1461 1570 1577 1610 nupsit
1594 1569 1700 1601 Nero.

999 1619 1105 1650 Tacit.
1122 1619 1247 1650 Annal.
1271 1623 1323 1650 15.
1341 1629 1439 1660 quem
1463 1620 1600 1651 Sueton.
1624 1629 1700 1660 cap.

999 1672 1053 1701 29.
1077 1669 1225 1700 Neronis
1241 1670 1469 1711 Doriphorum
1487 1670 1645 1701 nominat.

1043 1724 1080 1752 11
1106 1721 1277 1762 Dindyme,
1299 1721 1367 1762 dra]
1408 1722 1512 1761 Puer,
1538 1721 1699 1761 minister,

1001 1771 1118 1811 Epigr.
1133 1773 1184 1803 42.
1207 1772 1265 1802 lib.
1291 1775 1342 1803 10.
1366 1777 1402 1802 et
1425 1771 1543 1812 Epigr.
1569 1774 1622 1804 84.
1641 1772 1699 1803 lib.

999 1824 1030 1852 6.

1043 1873 1082 1900 12
1106 1871 1250 1911 Bibenti]
1275 1872 1396 1903 Calens
1409 1882 1501 1904 mero
1514 1873 1620 1914 (quod
1633 1874 1700 1904 ani-

1001 1921 1044 1951 mi
1065 1920 1181 1951 educit
1207 1922 1446 1963 instrumenta)
1462 1922 1599 1953 fundam
1617 1924 1699 1954 Car-

1000 1971 1090 2001 mina
1107 1976 1141 2001 et
1159 1972 1344 2011 exprimam
1373 1973 1508 2012 ingenia
1524 1983 1580 2004 xv.
1602 1973 1697 2004 simul

1001 2022 1187 2061 poetarum.
1240 2024 1409 2063 Exprimit
1438 2031 1530 2055 certe
1560 2024 1698 2064 AEschy-

1003 2072 1082 2111 lum,
1115 2073 1389 2112 Aristophanem,
1432 2073 1701 2114 Anacreonteni,

1003 2123 1160 2161 Ennium,
1187 2122 1379 2163 Horatium,
1408 2126 1471 2155 ἃς.
1501 2124 1620 2165 quibus
1652 2127 1698 2156 vi-

1003 2182 1080 2202 uum
1104 2177 1178 2202 erat
1204 2173 1438 2213 Hippocrene.
1482 2175 1572 2214 Lege
1598 2175 1699 2206 Anti-

1003 2222 1091 2262 patri
1117 2221 1343 2262 Epigramfss
1368 2223 1475 2254 ἑλικὼν
1494 2223 1616 2265 Βοιωτὲ,
1631 2230 1695 2256 ἃς.

1001 2274 1058 2304 lib.
1076 2277 1107 2304 2.
1147 2274 1330 2315 Antholog.
1348 2285 1423 2316 cap.
1440 2279 1494 2308 46.

1045 2327 1083 2354 14
1110 2324 1299 2365 Catulliana]
1320 2328 1416 2356 3300.
1443 2326 1618 2367 Epigram.
1642 2329 1695 2358 34.

1000 2374 1058 2405 lib.
1075 2377 1106 2405 6.
1125 2385 1209 2406 vers.
1225 2378 1255 2406 7.
1275 2377 1326 2406 vel
1349 2377 1491 2409 infinita.
1515 2380 1524 2395 ‘
1542 2379 1696 2419 Namque

1000 2427 1121 2466 quum’
1151 2427 1260 2467 inquit
1290 2429 1298 2444 ⁴
1316 2428 1420 2459 millia
1443 2429 1548 2459 multa
1578 2427 1698 2460 feceri-

1001 2486 1085 2515 muS,
1103 2477 1379 2508 conturbabimus
1402 2479 1469 2517 illa,
1484 2488 1527 2510 ne
1542 2479 1697 2519 sciamus,

1001 2526 1068 2556 Aut
1086 2535 1127 2556 ne
1143 2526 1240 2566 quis,’
1256 2529 1318 2558 &a
1345 2529 1468 2559 Catull.
1485 2529 1602 2569 Epigr.
1619 2534 1651 2561 5.

1044 2579 1084 2607 16
1106 2577 1266 2608 Passerem
1294 2578 1429 2618 Catulli]
1456 2579 1600 2610 Carmen
1631 2579 1693 2610 tibi

1000 2636 1065 2657 non
1082 2627 1188 2658 minus
1208 2634 1339 2667 gratum
1355 2639 1452 2670 quam
1469 2630 1692 2661 Catullianum

1001 2677 1041 2708 de
1062 2687 1195 2717 passere
1219 2677 1360 2710 Lesbiae.
1399 2679 1487 2719 Ang-
1504 2680 1692 2711 Pontianus
