1866 3131
220 203 332 244 1158

213 308 265 347 gis
279 309 418 348 placeant
442 317 519 338 mea.
563 306 641 338 Hoc
657 305 742 337 facis
759 307 791 338 in
811 317 919 338 meam

213 359 369 400 gratiam,
395 358 491 398 quasi
509 363 545 388 tn
573 357 664 398 legas
687 356 871 396 deteriora,
886 362 921 388 et

214 419 302 448 mea,
320 419 394 449 quae
421 417 483 447 ego
507 408 570 438 tibi
593 408 672 448 legi,
689 407 794 447 magis
809 408 920 447 place-

215 464 286 499 ant,
312 461 338 490 si
357 469 431 490 cum
450 459 521 489 istis
545 462 798 499 comparentur.
824 458 923 490 Gran.

257 513 276 541 3
290 510 406 549 Marsi,
417 513 470 540 aut
483 508 614 549 Catulli]
631 508 760 548 Poetae,
773 508 829 548 qni
841 509 922 539 mul·

216 565 250 592 ta
267 571 344 592 cum
357 560 456 591 laude
472 560 608 600 scripsit
626 559 884 600 epigrammata.

256 614 277 642 4
302 611 383 642 Hoec
398 611 485 649 mihi,
502 609 569 651 δῖα]
592 610 677 640 Mihi
690 608 870 649 χαρίζεσθαι
886 612 923 639 et

214 661 400 702 gratificari
414 661 499 691 velle
518 660 655 698 videris,
668 670 738 700 prae
757 665 790 690 te
807 658 923 690 ferens

214 722 292 743 mea
308 716 342 742 te
367 721 441 742 cum
466 711 532 741 illis
558 711 664 741 Marsi
680 716 715 740 et
732 708 856 739 Catulli
873 719 922 739 re-

215 762 323 793 citare
339 760 556 802 παραλλήλως,
567 766 604 791 ut
617 769 691 790 mea
703 760 832 790 scilicet
845 768 922 790 cum

216 813 258 844 iis
274 813 399 844 collata
417 816 608 853 appareant
624 821 697 842 esse
723 820 819 850 aeque
843 809 922 840 boni

218 868 277 894 aut
302 863 452 894 melioris
476 862 602 902 ingenii
630 866 734 903 atque
767 860 920 893 artificii:

216 924 293 945 cum
312 923 432 944 revera
455 913 517 943 hoc
533 911 629 952 facis,
646 918 684 943 ut
701 922 774 943 mea
794 922 862 952 prae
880 913 922 943 iis

217 964 426 1003 sordescant,
443 963 535 1004 quasi
548 963 665 1004 majori
677 963 802 993 lumine
819 961 922 994 offus-

217 1021 306 1046 cata.
352 1015 524 1045 Heraldus
541 1015 634 1053 legit,
661 1015 731 1044 Hoc
754 1014 830 1044 mihi
853 1016 921 1046 das.

218 1065 295 1096 Hoc
312 1071 377 1105 est,
395 1065 480 1096 Ideo
504 1065 568 1095 hoc
590 1064 672 1096 facis
688 1074 735 1095 sc.
759 1070 921 1106 tanquam

216 1116 326 1147 Marsi
343 1121 377 1147 et
394 1116 519 1147 Catulli
536 1115 667 1156 scripta
683 1117 752 1147 siut
768 1116 850 1146 meis
865 1116 922 1147 de-

217 1166 360 1205 teriora,
394 1172 495 1207 atque
528 1171 566 1197 ut
594 1175 634 1197 ea
665 1167 922 1206 comparatione

217 1216 349 1257 scripta
367 1222 482 1248 nostra
499 1216 605 1257 magis
621 1217 779 1256 placeant
795 1222 831 1248 et
846 1227 923 1257 pro-

217 1266 354 1298 bentur.
398 1267 481 1297 Tam
507 1266 681 1307 simplices
707 1277 787 1298 vero
808 1277 923 1298 sumus

219 1322 258 1348 ut
288 1317 379 1348 istud
410 1317 601 1348 credamus.
662 1318 776 1350 Quare
808 1319 924 1358 placet

217 1367 294 1398 tolli
320 1367 597 1407 interrogationis
629 1372 758 1406 notam,
786 1373 821 1399 et
847 1369 924 1398 sim-

218 1418 357 1458 pliciter
383 1418 473 1458 legi:
504 1418 548 1448 Ut
563 1419 677 1448 collata
700 1419 800 1457 magis
823 1420 924 1458 place-

219 1471 273 1498 ant
290 1478 367 1498 mea.

263 1521 280 1548 5
299 1517 463 1548 Credimus
476 1517 568 1558 illud]
587 1517 742 1550 Ironice:
761 1528 827 1550 non
844 1528 925 1550 sane

220 1568 325 1599 credo
339 1574 372 1599 te
387 1568 448 1599 hac
464 1574 577 1600 mente
593 1570 778 1600 contulisse
795 1579 847 1600 ea.

261 1621 282 1648 6
305 1618 404 1657 Malo,
419 1618 487 1657 ξω]
509 1618 590 1649 Tuis
604 1623 699 1649 certe
713 1619 838 1650 collata
851 1628 927 1649 mea

218 1667 319 1698 facile
336 1668 553 1708 apparebunt
569 1669 721 1699 meliora.

262 1718 370 1749 Erro.
402 1727 530 1749 Lxxiv.
555 1721 571 1749 1
592 1718 750 1758 Cinctum]
786 1718 927 1749 Nullum

220 1779 325 1810 genus
342 1774 396 1800 est
411 1770 595 1809 hominum,
620 1779 762 1811 quorum
777 1770 928 1800 stultitia

221 1820 344 1860 saepius
361 1820 562 1850 traducatur
580 1830 600 1850 a
616 1820 790 1859 Martiale,
805 1825 839 1850 et
855 1820 928 1850 aliis

220 1870 325 1901 etiam
359 1869 598 1909 scriptoribus,
629 1879 729 1910 quam
759 1869 928 1909 ἀλαζόνων.

222 1919 355 1950 Horum
401 1920 566 1960 imagines
599 1921 721 1960 saepius
759 1921 931 1960 expressit

221 1972 405 2012 Martialis,
442 1978 543 2013 atque
581 1973 646 2003 hoc
684 1973 930 2013 epigrammate

222 2024 397 2065 eleganter
420 2023 588 2064 depingit.
633 2024 835 2055 Inscribitur
859 2025 931 2065 epi-

223 2084 384 2114 gramma,
433 2076 485 2106 Aa·
528 2075 723 2114 Maternum,
772 2075 933 2116 nobilem,

223 2126 343 2157 Po‘etae
379 2132 549 2166 tempore,
589 2127 787 2158 Oratorem.
842 2127 934 2158 Huic

222 2182 388 2208 consonat
413 2178 521 2217 epigr.
548 2180 601 2208 57.
630 2187 744 2218 supra.
795 2178 933 2217 Togatz‘s,

222 2227 292 2267 ‹ts-a]
315 2228 504 2258 Comitibus
530 2227 862 2267 anteambulonibus,
887 2229 933 2258 la-

224 2278 413 2317 tei-onibus,
427 2278 624 2317 clientibus,
636 2278 934 2319 pedissequisffier-

223 2329 295 2366 vis3
321 2328 396 2358 vide
415 2328 472 2359 lib.
496 2331 526 2358 1.
543 2328 650 2368 epigr.
669 2331 742 2359 109.

265 2382 285 2409 2
310 2379 448 2417 Regulus
470 2380 545 2409 solet
571 2379 676 2419 turha]
702 2379 934 2418 Caussidicus‚

225 2428 266 2459 ad
286 2439 384 2469 quem
409 2431 516 2470 epigr.
544 2431 611 2461 tria
629 2430 688 2460 lib.
715 2434 743 2460 l.
770 2430 933 2460 Oratores

225 2489 305 2510 vero
322 2481 405 2510 clari
426 2486 461 2511 et
486 2481 635 2511 victores
664 2480 800 2511 domum
825 2490 843 2511 e
860 2479 934 2511 foro

225 2531 484 2562 deducebantur
510 2542 529 2561 a
554 2532 678 2572 populo
698 2536 733 2562 et
749 2531 865 2562 amicis
882 2541 935 2562 re—

226 2590 321 2612 orum
347 2581 593 2621 absolutorum,
611 2583 665 2623 qui
684 2584 775 2622 prius
792 2582 935 2623 squalidi

226 2632 358 2672 capillis
374 2637 407 2663 et
426 2633 529 2663 barba
554 2634 734 2673 promissa,
749 2633 820 2673 jam
838 2633 934 2663 abso-

225 2682 299 2712 luto
316 2682 437 2720 amico,
463 2682 703 2721 tondebantur,
727 2683 936 2724 mutatisque

229 2732 381 2763 vestibus
409 2735 503 2764 uncti
535 2734 741 2774 Capitolium
772 2736 936 2767 ascende-

231 2781 330 2821 bant,
347 2783 424 2814 Jovi
443 2784 570 2823 gratias
588 2793 627 2814 ex
647 2790 727 2815 voto
745 2785 868 2816 acturi.

688 211 831 242 NoTAE
866 211 1127 243 VARIORUM
1162 212 1211 241 IN

1016 310 1036 338 6
1060 307 1129 338 Hos
1144 307 1203 345 illi,
1220 305 1290 347 Sym]
1326 305 1470 336 Foenore
1496 305 1640 344 sumpsit
1658 315 1678 335 a

973 358 1073 388 Fuso.
1091 362 1125 388 et
1145 357 1227 388 Fav.
1244 354 1521 394 foeneratoribus,
1537 363 1604 395 quo
1622 364 1677 385 co-

973 407 1128 438 mitatum
1144 407 1234 437 hunc
1250 406 1434 437 conduc-at.

1015 460 1033 488 7
1060 457 1278 488 Fascia-ulmus
1300 459 1329 486 et
1359 453 1562 494 Faventinus]
1584 454 1680 484 Prae-

974 507 1104 538 diorum
1143 508 1257 547 potius
1296 516 1396 547 quam
1435 505 1679 536 foeneratorum

974 567 1048 588 esse
1064 558 1214 596 nomina,
1230 557 1302 588 vult
1314 557 1502 587 Heraldus:
1526 555 1681 595 dicitque

974 610 1033 640 illa
1049 610 1165 649 vendi,
1182 610 1236 640 vel
1256 608 1391 649 pignori
1409 607 1538 647 opponi
1555 606 1680 643 solere,

974 666 1011 690 ut
1029 667 1119 691 esset
1138 660 1226 691 unde
1243 659 1476 691 adulatoribus
1500 659 1566 689 illis
1582 657 1683 689 satis·

973 711 1084 742 fieret.

1018 763 1123 793 Epio.
1145 770 1256 793 Lxxv.
1276 764 1292 792 1
1322 759 1544 800 Vei·bera,25c.]
1570 758 1684 790 Arena

974 812 1211 853 amphitheatri
1222 812 1385 851 sanguiue
1398 810 1546 842 ferarum
1561 816 1596 841 et
1611 812 1681 850 gla-

974 863 1143 894 diatorum
1166 867 1324 901 eruenta,
1348 862 1390 892 de
1415 871 1508 892 more
1533 872 1551 892 a
1568 862 1682 902 pueris

975 913 1215 944 renovabatur.
1277 912 1476 949 Vagabatur
1502 912 1535 941 in
1563 911 1682 942 eadem

975 964 1122 995 domitus
1137 970 1172 994 et
1187 963 1281 994 cicur
1297 964 1360 1002 leo,
1376 962 1432 1002 qui
1445 968 1557 993 tamen
1569 962 1683 993 subito

975 1015 1075 1046 datus
1103 1016 1135 1045 in
1163 1015 1342 1055 pristinum
1370 1013 1532 1053 furorem,
1559 1023 1684 1054 pueros

975 1066 1114 1103 invasit,
1131 1071 1165 1095 et
1183 1065 1422 1095 miserabiliter
1437 1064 1469 1094 in
1491 1069 1682 1105 conspectu

975 1117 1123 1148 omnium
1154 1115 1332 1147 laceravit.
1380 1115 1560 1146 Exclamat
1582 1115 1683 1154 poeta

975 1177 1036 1207 per
1061 1167 1291 1207 apostrophen
1321 1165 1363 1196 ad
1390 1166 1534 1205 leonem,
1560 1170 1596 1196 et
1615 1175 1683 1196 mo-

975 1224 1049 1255 net,
1066 1224 1104 1248 ut
1133 1217 1379 1248 humanitatem
1405 1226 1423 1246 a
1452 1216 1532 1256 lupa
1560 1215 1684 1254 discat,

977 1279 1052 1310 quae
1080 1268 1263 1299 Romulum
1291 1271 1326 1297 et
1350 1267 1493 1297 Remum
1521 1267 1554 1296 in
1587 1266 1686 1296 alveo

976 1320 1154 1361 expositos
1170 1317 1257 1349 fovit
1275 1323 1310 1348 et
1324 1316 1481 1347 nutrivit.
1506 1317 1588 1347 Rad.
1626 1317 1685 1346 vi-

978 1371 1019 1401 de
1034 1380 1088 1410 ep.
1108 1371 1160 1399 10.
1176 1368 1232 1398 lib.
1248 1367 1408 1406 Spectac.

1019 1423 1038 1451 4
1062 1419 1201 1460 Libycis,
1229 1417 1298 1458 awa]
1351 1416 1526 1448 Montibus
1553 1415 1683 1447 Africae

976 1473 1110 1503 leonum
1127 1469 1281 1501 nutricis.
1327 1469 1372 1498 Et
1399 1468 1550 1498 Gaetulia
1577 1468 1608 1497 in
1634 1468 1688 1498 Li-

975 1523 1042 1563 bya
1068 1527 1134 1560 est,
1164 1520 1221 1551 ubi
1252 1519 1453 1550 ferocissimi
1490 1524 1690 1550 nascuntur.

976 1573 1076 1613 Virg.
1114 1573 1123 1588 ‘
1140 1570 1270 1603 Gaetuli
1295 1575 1427 1610 tergum
1455 1570 1598 1600 immane
1620 1570 1688 1600 leo-

977 1622 1054 1653 nis!

1021 1677 1038 1703 5
1066 1673 1142 1704 Duo
1158 1673 1195 1703 de
1212 1675 1330 1710 tenera,
1347 1669 1417 1710 ἦκα]
1449 1671 1546 1701 Duos
1563 1679 1689 1710 pueros

979 1724 1151 1755 ministros
1166 1723 1364 1761 theatrales,
1375 1721 1431 1762 qui
1446 1720 1689 1761 amphitheatri

978 1784 1116 1806 arenam
1133 1773 1284 1805 ferarum
1302 1773 1595 1812 gladiatorumque
1613 1781 1689 1802 san-

979 1827 1081 1866 guiue
1112 1823 1238 1855 foedam
1268 1824 1435 1854 versando
1466 1822 1694 1854 renovabant,

979 1877 1108 1916 injecta
1122 1875 1263 1914 insuper
1288 1882 1374 1903 nova
1391 1882 1505 1904 arena.
1549 1873 1636 1903 Tum
1654 1878 1689 1903 et

980 1924 1237 1966 Amphitheatri
1248 1932 1473 1961 cavea,arena
1485 1927 1690 1961 strataerat,

981 1987 1023 2007 ne
1041 1975 1203 2015 sanguine
1227 1973 1371 2012 lubrica,
1385 1972 1491 2013 pedes
1509 1973 1689 2004 decertan-

983 2028 1065 2059 tium
1083 2027 1233 2057 falleret.

1025 2080 1043 2108 7
1068 2079 1176 2107 Soerus
1198 2080 1227 2106 et
1251 2074 1379 2115 infelice]
1404 2076 1533 2114 Saevus‚
1561 2082 1690 2116 praeter

982 2127 1285 2168 exspectationem.
1337 2125 1473 2166 InseIIx]
1512 2127 1600 2158 Quia
1629 2136 1689 2167 pu-

983 2188 1058 2209 eros
1075 2179 1274 2208 innocentes
1299 2178 1464 2208 mactavit
1487 2182 1522 2207 et
1540 2177 1692 2209 reddidit

983 2234 1091 2259 morte
1113 2227 1284 2267 infelices,
1301 2233 1361 2258 aut
1378 2228 1457 2269 quia
1473 2229 1546 2269 ipse
1570 2234 1690 2269 postea

983 2278 1186 2310 interfectus
1205 2284 1266 2309 est.
1292 2279 1375 2309 Rau.

1027 2334 1046 2361 8
1069 2331 1206 2369 Martia,
1232 2329 1302 2370 elya]
1341 2330 1447 2360 Marti
1478 2340 1586 2363 sacra.
1625 2331 1690 2362 Ro-

983 2390 1093 2417 mana,
1110 2385 1148 2410 ut
1159 2390 1214 2420 ep.
1231 2380 1299 2410 4.1.
1318 2382 1346 2410 1.
1362 2389 1448 2410 vers.
1463 2383 1495 2411 4.

1027 2434 1046 2462 9
1071 2430 1309 2470 Οτ·ιιιλεὶιέ,ἑ)·ε.]
1343 2429 1561 2471 Apostrophe
1579 2432 1622 2463 ad
1646 2433 1691 2462 le-

983 2491 1093 2513 onem.

1028 2534 1067 2562 10
1092 2531 1224 2570 Nostra,
1248 2530 1318 2571 Esca]
1351 2531 1508 2572 Namque
1533 2531 1593 2562 illa
1623 2531 1692 2563 Ro-

983 2583 1073 2614 mulo
1105 2587 1140 2612 et
1168 2582 1274 2612 Remo
1302 2581 1493 2613 infantibus
1520 2583 1694 2624 pepercit,

982 2633 1084 2664 immo
1097 2631 1203 2662 ubera
1220 2631 1376 2671 praebnit.

1028 2684 1133 2714 Eme..
1149 2691 1274 2714 Lxxw.
1302 2686 1316 2713 1
1341 2683 1492 2723 Argcnti,
1516 2683 1585 2724 Qun]
1614 2684 1691 2714 Ele-

985 2744 1066 2776 gans
1078 2735 1176 2774 jocus
1200 2738 1253 2764 est
1276 2733 1310 2764 in
1327 2734 1495 2775 quendam
1512 2734 1608 2774 cujus
1631 2744 1692 2764 uo-

985 2795 1059 2818 men
1082 2785 1287 2825 ignoramus,
1312 2788 1525 2825 captatorem
1544 2789 1576 2814 et
1593 2784 1690 2814 here·
