1866 3131
440 179 488 207 M.
523 178 631 207 VAL.
666 177 934 207 MAR'rlAms
970 178 1126 208 EPlGR.
1163 179 1252 208 [ΑΒ.
1286 181 1356 209 111.

226 274 246 300 ὓ
257 271 431 301 Invalidum
441 272 661 312 ingenuumque
671 272 765 312 latus]
778 271 877 304 Quod

184 322 307 352 undam
337 323 520 362 prementis
538 323 653 363 populi
674 328 794 354 contra
817 322 878 353 niti

186 379 344 413 nequeat,
377 374 524 413 pudeat:
557 374 665 414 epigr.
694 377 746 405 47.
773 374 795 405 l.
829 376 879 404 10.

182 423 190 436 ‘
209 424 305 453 Vires
322 424 500 463 ingeuuae,’
516 434 591 454 mox
618 433 703 455 vers.
718 428 748 455 9.
766 424 800 454 id
814 429 878 462 est,

186 483 260 512 quae
286 473 408 503 homini
438 475 582 512 ingenuo
598 473 776 504 sufficiant.
822 474 878 504 Sic.

182 527 191 539 ⁴
209 524 385 562 ingenuum
403 524 500 554 latus’
516 523 697 554 invalidum
713 524 877 564 appellat.

183 574 271 612 quod
294 574 428 613 ingenui
452 574 593 604 hominis
621 574 709 604 vires
737 574 876 605 modicae

182 624 261 661 sint,
286 629 321 654 et
345 633 419 665 quae
444 633 509 654 non
535 623 602 654 sint
617 624 710 654 oneri
727 622 876 656 ferendo.

184 674 339 705 Rumires.

225 727 242 753 7
267 725 337 763 Ipse
364 723 482 763 tacebo]
508 726 580 766 Ego
599 724 661 756 tibi
686 725 795 756 oranti
811 735 877 756 non

183 774 302 804 valebo
315 775 515 805 acclamare.

229 828 248 854 8
271 825 315 856 At
327 826 385 855 tibi
401 826 522 866 sophos]
544 826 585 857 Id
611 832 675 866 est,
695 826 875 857 maximum

183 876 341 906 clamabit
356 877 489 917 sophos,
532 877 682 909 Turneb.
707 878 728 909 l.
744 880 797 908 24.
824 878 876 908 vel

181 930 232 956 29.
249 926 307 957 lib.
320 929 372 958 32.
397 926 472 957 vide
486 926 544 958 lib.
562 930 591 958 l.
616 927 722 968 epigr.
738 930 770 958 4.
788 937 874 958 vers.

188 979 237 1006 10.

224 1029 244 1056 9
266 1026 406 1065 Ingenti,
423 1027 492 1067 fisa]
518 1027 659 1068 Ingeret
680 1027 876 1058 adversario

181 1082 240 1107 tuo
257 1077 484 1107 conviciorum
502 1078 647 1117 abunde,
670 1087 731 1108 nec
755 1078 789 1108 iu
819 1087 875 1108 au-

180 1138 262 1159 rem.
279 1128 339 1161 Gr.
352 1129 551 1165 καταβοήσει.

223 1182 261 1210 12
287 1179 453 1219 Quidquid,
465 1180 534 1220 ξω]
551 1179 672 1212 Officia
684 1181 876 1212 liberaliora

178 1235 214 1261 et
234 1240 308 1271 quae
332 1239 384 1261 me
413 1231 536 1262 decent
553 1231 670 1271 magis,
687 1231 875 1271 praestabo:

178 1288 212 1312 et
232 1293 304 1322 quae
322 1292 384 1313 nec
399 1292 513 1312 servus
535 1291 598 1313 nec
615 1282 756 1314 libertus
779 1292 873 1313 meus

178 1332 320 1363 reddere
351 1337 511 1373 possunt3
543 1331 678 1372 famam,
703 1333 873 1364 aeternita·

178 1388 246 1413 tem
264 1383 418 1422 nominis,
440 1388 476 1414 et
496 1383 783 1414 immortalitatem
800 1393 873 1414 car-

174 1434 262 1463 mine
281 1433 490 1464 firmandam.
513 1434 595 1465 Rad.

221 1484 324 1514 Epio.
342 1493 454 1515 xnvu.
487 1484 535 1515 De
559 1483 675 1524 Basso]
700 1483 753 1515 Ad
772 1493 870 1524 quem

177 1534 269 1573 epig.
284 1537 336 1565 57.
357 1534 448 1564 iufra
470 1533 513 1565 de
540 1534 692 1565 Faustini
710 1534 797 1565 villae
816 1544 871 1565 co-

179 1584 244 1623 pia.

223 1636 235 1663 l
265 1633 334 1668 Qua
348 1633 427 1673 pluit
439 1633 549 1672 gutta]
574 1633 701 1665 Irridet
716 1635 871 1674 Bassum,

177 1684 266 1724 qnod
282 1684 390 1714 villam
404 1683 629 1715 suburbanam
643 1685 791 1715 sterilem
804 1695 871 1715 om-

177 1734 255 1764 niuo
284 1735 426 1773 coleret,
453 1740 489 1765 et
517 1744 559 1765 ex
576 1735 660 1766 urbe
679 1735 712 1765 iu
736 1745 809 1766 eam
832 1745 872 1766 ea

178 1785 299 1823 omnia,
316 1795 390 1826 quae
405 1795 446 1817 ex
464 1786 552 1816 villis
569 1787 602 1816 in
619 1786 735 1817 urbem
751 1787 871 1826 depor-

178 1837 240 1867 tari
277 1838 398 1876 solent,
442 1837 660 1878 importabat.
717 1840 872 1870 Ramires.

179 1888 329 1928 Propter
358 1897 454 1928 aquae
480 1888 604 1920 ductus
630 1893 666 1920 et
686 1888 796 1921 fontes
814 1890 870 1931 qui

176 1938 218 1968 ad
237 1942 367 1978 portam
385 1938 574 1978 Cap.11nde
587 1943 622 1970 et
644 1940 654 1956 ‘
666 1940 870 1971 Fontinalis'

176 1988 267 2019 dicta
287 1988 386 2019 hodie
397 1988 432 2019 S.
448 1988 636 2020 Sebastiani.
651 1990 774 2022 Juven.
790 1993 821 2022 3.
835 1991 870 2022 S.

176 2042 228 2069 ll.
253 2039 394 2070 eandem
426 2044 527 2070 vocat
551 2040 739 2071 ‘madidam
762 2041 872 2082 Cape-

175 2089 271 2120 nam.'
318 2090 456 2121 Dicitur
467 2099 542 2121 esse
560 2091 592 2121 in
612 2091 718 2130 prima
734 2091 870 2132 regione

177 2141 280 2171 urbis.
328 2141 456 2171 Eadem
473 2145 508 2171 et
529 2141 763 2182 ‘triumphalis
775 2141 783 2154 '
800 2142 869 2173 dic-

177 2195 224 2228 ta,
255 2196 289 2220 et
325 2189 485 2230 ‘Appia,'
512 2190 554 2221 ab
576 2190 691 2232 Appio
716 2201 871 2232 censore,

176 2241 231 2279 qni
250 2241 334 2270 viam
352 2239 499 2280 Appiam
517 2241 673 2273 munivit.
705 2242 789 2272 Tum
810 2252 870 2282 pro

176 2289 396 2330 Plirygioeque,
441 2296 525 2321 vett.
563 2290 641 2322 edd.
679 2296 714 2322 et
759 2292 869 2324 Palat.

177 2339 418 2380 Phrygiumque.
462 2340 550 2371 Vide
567 2339 678 2373 Amm.
696 2342 868 2374 Marcelli-

177 2399 254 2420 num
271 2391 292 2420 Ι.
310 2393 362 2421 23.
387 2391 443 2421 ubi
459 2391 620 2432 ostendit,
634 2391 743 2433 ipsum
767 2394 869 2436 etiam

176 2441 391 2472 simulacrum
408 2443 509 2473 lavari
527 2444 675 2476 solitum.

218 2494 238 2521 2
260 2491 364 2530 Almo,
387 2493 455 2532 gna]
489 2493 539 2524 Fl.
566 2494 709 2534 Tusciae,
742 2495 775 2526 in
802 2506 868 2537 quo

177 2541 292 2572 Mater
321 2542 430 2573 Deum
459 2551 479 2572 a
502 2543 606 2574 Gallis
634 2544 868 2576 sacerdotibus

173 2584 353 2632 quotannis
370 2592 582 2624 abluebatur.
616 2593 715 2626 Ovid.
727 2598 760 2626 4.
776 2596 867 2627 Fast.

175 2647 211 2672 et
228 2642 378 2674 Marcell.
405 2643 527 2674 lib.23.
560 2643 708 2684 Ferrum]
732 2645 867 2677 Cultros

175 2693 216 2723 ad
232 2693 356 2724 hostias
369 2693 575 2725 mactandas.

218 2745 236 2773 3
283 2743 494 2784 Horatiorum,
536 2743 602 2782 cisa]
640 2745 706 2776 Ubi
744 2745 865 2786 sepulti

1508 171 1620 213 1177

929 270 1067 302 fuerunt
1081 271 1215 304 Horatii
1231 274 1278 304 illi
1290 273 1472 314 trigemini,
1494 275 1535 305 de
1551 276 1625 316 qui-

930 320 990 351 bus
1006 322 1078 352 Liv.
1097 325 1124 352 1.

971 373 990 402 4
1009 373 1053 402 Et
1072 383 1130 412 qua
1139 374 1245 413 pusilli
1246 374 1353 412 servet
1366 375 1526 416 Herculis]
1544 376 1621 407 Non

929 421 1056 461 placet,
1080 423 1167 463 quod
1191 425 1305 456 volunt
1327 428 1336 442 ⁴
1352 427 1507 466 pusillum
1535 427 1622 457 Her-

928 473 1053 502 culem'
1075 473 1143 504 dici
1156 477 1410 514 comparatione
1423 477 1622 508 Domitiani.

928 522 967 552 ln
992 522 1120 554 Aurelii
1133 525 1283 556 Victoris
1300 527 1503 566 Regionibus
1520 527 1622 558 Urbis

927 573 989 604 sub
1006 574 1111 605 Porta
1124 575 1259 615 Capena
1277 578 1409 616 reperio
1422 578 1622 609 ‘AEdiculam

928 624 1111 665 Herculis‚'
1134 636 1209 666 quae
1224 631 1276 657 est
1292 626 1348 657 illa
1371 627 1443 667 ipsa
1466 628 1520 658 hic
1537 637 1624 658 com-

927 682 1115 708 memorata
1131 677 1296 709 Martiali.
1320 679 1356 709 Si
1377 688 1457 718 ergo
1470 679 1623 710 nolumus

925 726 935 743 ‘
947 727 1129 758 Herculem
1146 727 1295 758 Puerum
1307 728 1314 741 ’
1337 729 1495 759 Romanis
1520 729 1623 760 fnisse

925 777 1064 815 cultum,
1090 783 1128 808 ut
1150 778 1159 794 ‘
1172 777 1293 809 Jovem
1310 779 1483 817 Puerum,'
1501 780 1625 810 tutissi-

925 836 1014 858 mum
1031 832 1083 858 est
1098 827 1284 859 decurrere
1300 829 1340 860 ad
1354 830 1570 870 hypallagen,
1588 835 1625 861 et

927 878 936 893 ‘
951 877 1065 916 pusilli
1091 877 1251 908 Herculis
1281 877 1414 909 fanum'
1437 880 1624 919 explicare,

928 926 1084 966 pusillum
1106 926 1266 958 Herculis
1295 927 1423 968 fanum,
1447 929 1519 959 sive
1545 929 1624 960 aedi-

927 976 1048 1007 culam.
1071 977 1127 1007 Sic
1141 976 1163 1008 l.
1180 980 1211 1008 7.
1227 986 1283 1018 ep.
1298 981 1352 1009 68.
1378 978 1512 1019 ‘magui
1531 980 1620 1010 senis

927 1025 1063 1057 Atticus
1080 1027 1218 1067 liortus‚⁷
1240 1038 1303 1069 pro
1331 1028 1451 1060 Attici.
1483 1031 1620 1060 Gronov.

928 1078 1054 1118 Pusilli]
1070 1078 1283 1112 Adulatorie.
1300 1081 1517 1112 Domitianus
1533 1082 1622 1112 enim

925 1137 960 1158 se
974 1138 1132 1169 magnum
1159 1131 1342 1162 Herculem
1370 1132 1422 1162 vel
1454 1132 1620 1172 majorem

926 1178 994 1210 dici
1006 1181 1123 1212 voluit.
1133 1186 1171 1212 ut
1184 1182 1292 1222 epigr.
1303 1185 1357 1213 65.
1371 1185 1423 1213 66.
1437 1185 1489 1213 67.
1501 1187 1536 1214 et
1547 1185 1621 1214 104.

925 1228 1026 1261 lib.9.
1050 1229 1198 1261 Alciden
1229 1236 1328 1263 vocat
1353 1232 1522 1272 pusillum.
1544 1232 1623 1264 Fer—

923 1282 985 1319 vet,
1019 1280 1088 1321 lisa]
1121 1279 1148 1310 A
1180 1280 1372 1322 frequentia
1403 1282 1622 1313 salutantium

924 1329 1090 1361 viatorum
1105 1342 1112 1361 :
1139 1336 1214 1362 erat
1229 1332 1316 1363 enim
1333 1333 1365 1363 in
1382 1333 1434 1364 via
1451 1332 1576 1373 Appia.

964 1384 983 1411 5
1008 1381 1107 1412 Plena
1122 1381 1251 1420 Bassus,
1265 1382 1335 1422 fisa]
1360 1383 1451 1422 Non,
1466 1388 1503 1414 ut
1528 1382 1538 1400 ‘
1551 1383 1624 1414 Ma·

922 1430 1033 1462 thonis
1049 1432 1193 1470 lectica,’
1211 1435 1239 1463 1.
1257 1433 1329 1464 Sat.
1351 1433 1475 1466 Juven.
1499 1433 1622 1474 ‘plena

922 1481 1020 1522 ips0‚’
1044 1482 1104 1512 sed
1133 1483 1218 1513 ruris
1241 1482 1436 1521 honoribus,
1462 1493 1544 1525 quos
1577 1493 1620 1514 ex

921 1531 1005 1562 urhe
1020 1532 1052 1562 in
1066 1542 1121 1563 rus
1137 1542 1247 1571 suum,
1263 1543 1329 1564 non
1345 1544 1411 1574 rus,
1424 1533 1596 1575 portabat.

963 1585 981 1612 7
1007 1581 1077 1612 Illic
1098 1583 1227 1622 videres,
1240 1583 1309 1623 lisa]
1333 1583 1373 1614 Iu
1391 1584 1495 1615 rheda
1510 1583 1621 1624 Bassi,

922 1632 1015 1662 velut
1027 1633 1136 1663 altero
1152 1633 1260 1672 copiae
1278 1643 1395 1664 cornu.

964 1685 983 1713 8
1006 1682 1190 1723 Sessilesque
1203 1685 1354 1724 lactucas]
1377 1685 1465 1716 Plin.
1478 1685 1499 1716 1.
1517 1687 1568 1716 19.
1586 1694 1618 1716 c.

921 1734 952 1763 8.
968 1734 1030 1763 tria
1047 1743 1172 1773 genera
1187 1734 1395 1765 lactucarum
1421 1744 1493 1766 esse
1512 1735 1617 1766 dicit:

922 1793 1024 1814 unum
1038 1784 1221 1824 laticanlis‚
1235 1786 1378 1816 alterum
1392 1786 1622 1825 rotundi31er-

922 1834 1004 1864 tium
1022 1834 1138 1864 sessile
1153 1844 1211 1864 seu
1236 1836 1453 1876 Laconicum,
1472 1837 1559 1877 quod
1582 1842 1619 1868 et

921 1883 1108 1924 capitatum
1125 1885 1311 1925 appellant.

963 1936 984 1963 9
1007 1934 1180 1974 Pigroque,
1194 1934 1263 1974 ξω]
1281 1935 1390 1968 Quem
1407 1935 1500 1967 cient
1517 1941 1550 1967 et
1567 1937 1617 1968 lu-

922 1984 1065 2017 bricaut.

966 2039 1004 2066 10
1034 2037 1199 2076 Coronam,
1221 2036 1292 2077 ἔξω]
1327 2037 1492 2068 Coronam
1523 2037 1615 2069 vimi-

921 2096 1019 2117 neam
1049 2087 1104 2117 cui
1139 2087 1422 2128 appendebantur
1458 2088 1548 2118 turdi
1582 2089 1617 2119 in

921 2137 1050 2168 orbem.
1074 2137 1095 2167 l.
1114 2139 1166 2167 13.
1194 2137 1302 2177 epigr.
1333 2140 1385 2169 51.
1409 2141 1445 2168 et
1465 2137 1567 2168 Ovid.
1586 2141 1615 2169 1.

920 2186 999 2219 Am.
1013 2196 1096 2217 vers,
1113 2189 1190 2218 269.

964 2240 1001 2268 11
1040 2237 1156 2268 Gallici
1186 2237 1270 2268 cauis
1296 2237 1402 2277 deute]
1439 2237 1616 2277 Leporarii

920 2297 1021 2319 canes
1039 2288 1072 2318 in
1089 2287 1200 2319 Gallia
1216 2288 1412 2326 velociores,
1430 2292 1550 2328 utpote
1565 2288 1615 2318 lu·

920 2339 998 2380 pino
1015 2344 1089 2369 satu
1105 2338 1201 2368 editi.

962 2392 1002 2420 12
1016 2389 1229 2428 Nondumque,
1238 2387 1309 2427 lisa]
1322 2387 1526 2418 Lactentem
1538 2397 1613 2427 por-

918 2440 1052 2479 cellum,
1066 2439 1121 2480 qui
1150 2437 1247 2469 fabas
1270 2438 1373 2468 deute
1399 2447 1466 2469 non
1482 2438 1615 2480 vicerit,

917 2490 952 2520 id
965 2494 1028 2529 est,
1040 2488 1191 2528 fregerit.

961 2542 1000 2570 13
1026 2539 1092 2570 Nec
1119 2537 1269 2576 seriutuS,
1293 2536 1362 2576 dc]
1383 2536 1457 2567 Nec
1481 2537 1613 2569 ociosus

916 2594 975 2622 aut
986 2598 1089 2621 onere
1101 2597 1223 2618 vacuus
1235 2587 1307 2618 ibat
1317 2596 1432 2618 cursor
1446 2597 1454 2618 2
1468 2587 1517 2618 liis
1530 2588 1612 2620 lack-

915 2650 930 2671 e
954 2661 962 2670 .

932 2650 999 2720 yn
1025 2689 1105 2720 Tuta
1121 2687 1219 2728 soeno,
1239 2685 1306 2727 esa]
1333 2686 1386 2718 Ne
1410 2687 1609 2719 collideren-

918 2746 983 2771 tur.
