1866 3131
367 184 411 211 xl.
449 184 554 211 YAL.

117 285 175 305 nos
193 276 393 307 Porcellana
409 287 575 307 vocamus.
620 276 709 307 Vide
726 277 812 306 Pan-

116 326 268 363 ciroluin,
283 332 316 357 et
334 327 374 357 ad
392 337 478 365 eum,
494 327 632 358 Salmas.

164 380 175 406 1
197 378 336 407 Calidum
349 381 447 417 potas,
459 377 529 416 4502]
563 378 679 417 Epigr.
692 379 743 407 74.
758 375 813 407 lib.

117 430 146 457 ἱ).
171 438 256 459 νει-ε.
268 433 300 459 5.
324 429 429 459 Bur-nt
446 429 535 467 wine,
548 429 599 458 vel
615 427 713 458 calda
729 432 811 457 tcm-

117 483 284 516 peratum.
331 479 425 510 Quos
447 488 560 508 versus
582 479 637 518 qui
665 478 707 507 (le
736 477 811 507 vino

121 527 276 567 Myrrato
317 529 500 569 accipiunt,
530 527 716 558 doctissimi
750 527 811 557 viri

117 580 281 618 magnoin
300 589 411 610 errore
429 585 615 610 versantur.
662 578 736 608 Nec
751 578 810 607 mi-

118 638 179 659 nus
204 629 379 668 falluntur,
405 630 462 670 qui
488 629 646 669 myrthum
670 633 705 659 et
726 637 808 667 myr-

116 679 205 710 rhina
223 680 387 711 scribunt.
433 680 480 711 At
497 689 598 719 supra
611 688 726 709 omnes
740 683 810 709 tur·

117 730 251 769 pissime
291 731 414 761 labitur
438 730 618 769 Bai-onius,
644 729 700 770 qui
724 738 809 769 myr-

117 780 211 811 rhina
227 783 350 821 pocula
366 792 384 812 a
398 781 554 822 ‘myrrha
567 783 574 796 ’
593 786 742 811 aromate
755 781 811 810 de-

117 829 225 868 ducit,
242 836 276 860 et
293 830 333 860 de
357 831 491 870 myrrha
507 830 598 861 facta
610 831 812 870 interpreta-

117 884 188 909 tur:
223 880 310 920 quod
337 881 393 910 alii
411 880 483 921 jam
500 881 582 911 satis
606 879 811 911 refutarunt.

117 929 222 968 Μύῤῥα
244 939 325 969 ergo
354 931 440 971 lapis
472 931 556 971 ipse,
576 930 664 961 unde
693 931 814 970 pocula

114 979 122 994 ‘
141 989 276 1010 murrea
289 979 297 992 ’
316 986 349 1010 ct
363 982 371 995 ‘
386 979 556 1011 murrina.'
581 980 692 1010 Latini
707 981 814 1010 ‘unir-

118 1039 186 1059 ram
199 1029 206 1041 ’
224 1030 407 1070 appellant.
449 1030 613 1061 Martialis
629 1041 636 1060 :
676 1034 683 1047 ‘
701 1040 813 1061 inacu-

118 1081 197 1111 losae
212 1081 333 1120 pocula
351 1081 498 1112 mut·rae.‘
524 1082 654 1112 Salmas.

158 1132 263 1162 EP1G.
280 1140 378 1162 cx1v.
400 1135 419 1162 2
432 1130 708 1170 Illiciticipein‚&c.]
732 1131 813 1162 Fac·

117 1184 184 1210 tam
216 1181 329 1211 Cumis
362 1181 499 1220 Sibyllae
529 1181 667 1211 oraculo
702 1181 814 1212 claris.

116 1231 170 1261 Ita
185 1231 360 1262 Juvenalis
377 1233 386 1249 ‘
404 1230 538 1261 siluros’
566 1231 649 1260 dixit
664 1230 814 1270 Crispini

115 1281 316 1321 municipes,
331 1287 366 1312 et
381 1283 390 1299 ‘
407 1282 561 1321 lagenam
578 1281 751 1311 Cretensis
766 1281 813 1311 vi-

116 1332 173 1371 ni‚'
189 1333 391 1373 municipem
406 1332 515 1364 Jovis.

158 1384 262 1413 Epic.
278 1392 359 1414 cxv.
385 1386 397 1413 l
420 1382 563 1423 Adspicis
577 1382 734 1421 ingenium
752 1383 811 1413 Ni-

116 1432 231 1472 li,&c.]
264 1433 400 1463 Vitreos
421 1433 479 1463 hos
508 1433 630 1463 calices
653 1431 753 1463 fuisse
778 1433 811 1463 in

116 1483 237 1524 quibus
260 1483 396 1523 AEfgypti
421 1483 590 1522 ingenium
617 1481 811 1513 artificium·

116 1543 181 1574 que
203 1533 450 1571 ostentabatur,
466 1532 574 1572 arguit
591 1532 727 1562 lemma:
753 1531 812 1562 sed

118 1593 184 1624 qua
201 1583 232 1613 in
251 1592 286 1613 re
303 1583 524 1623 spectabatur
535 1592 589 1613 ars
607 1582 684 1613 illa?
712 1581 764 1613 An
778 1582 812 1613 in

116 1634 262 1664 colorum
274 1634 462 1664 varietate?
479 1633 639 1664 Minime:
656 1634 690 1664 in
705 1634 813 1674 sculp-

117 1689 194 1713 tura
224 1683 327 1723 igitur
355 1688 392 1715 et
417 1683 582 1714 caelatura
619 1683 812 1714 visebatur:

116 1734 238 1764 vitrum
253 1734 340 1764 enim
355 1734 432 1765 olim
447 1734 550 1764 etiam
567 1735 698 1773 argenti
714 1733 813 1765 modo

116 1784 315 1815 caelabatur.
360 1784 488 1814 Plinius
504 1796 510 1813 ε
544 1785 553 1801 ‘
572 1784 660 1814 aliud
677 1783 758 1814 flatu
775 1783 812 1814 fi-

118 1839 280 1873 guratur:
316 1833 405 1864 aliud
428 1838 526 1864 torno
554 1834 697 1864 teritur:
721 1833 812 1864 aliud

116 1883 249 1923 argenti
272 1883 370 1914 modo
387 1883 539 1922 cantatur,
564 1883 692 1913 Sidone
709 1893 812 1924 quon—

117 1935 192 1964 dam
209 1934 249 1963 iis
266 1932 407 1964 officinis
424 1933 530 1964 nobili
544 1933 564 1963 :¹
590 1934 622 1964 in
635 1932 717 1964 flatu
731 1933 814 1974 fign-

118 1984 230 2015 randis
245 1983 354 2023 vitris,
369 1989 407 2013 ut
424 1993 510 2013 nunc
527 1983 626 2014 moris
650 1988 713 2022 est,
730 1984 813 2014 etin

116 2040 213 2066 torno
224 2033 384 2072 terendis,
397 2038 433 2064 ut
444 2033 522 2063 olim
535 2034 635 2064 etiam
647 2034 814 2074 solebant,

115 2086 241 2117 nullum
282 2085 394 2125 operis
412 2116 414 2118 ,
429 2084 638 2124 periculum:
679 2094 755 2115 nam
779 2089 813 2116 et

114 2135 299 2175 ‘audaces,’
311 2135 367 2176 qui
381 2135 506 2175 plebeii
519 2140 616 2166 erant
629 2135 766 2174 calices,
777 2140 813 2166 et

119 2196 221 2227 parvo
240 2185 420 2224 vaenibant,
436 2191 533 2216 torno
556 2184 810 2217 formabantur:

117 2237 194 2267 hinc
210 2237 218 2252 ‘
235 2240 424 2267 toreumata
437 2235 445 2247 '
468 2235 619 2266 Martiali
638 2235 751 2266 dicta:
778 2240 812 2267 at

118 2287 151 2317 in
187 2286 382 2326 sculpendis
413 2286 654 2326 caelandisque,
680 2286 811 2326 pericu·

118 2338 186 2367 lum
217 2345 281 2366 non
309 2345 467 2375 parvum:
506 2345 582 2366 nam
605 2345 696 2375 saepe
722 2336 812 2367 inter

116 2386 335 2427 sculpendum
364 2384 632 2424 frangebantur:
670 2386 730 2416 hoc
748 2391 812 2423 est,

117 2437 205 2479 quod
233 2437 280 2467 ait
302 2434 493 2466 Martialis:
527 2434 663 2475 ‘quibus
686 2436 811 2467 addere

119 2490 217 2529 plura
235 2489 324 2518 Dum
341 2486 446 2526 cupit,
461 2485 515 2523 ah,
541 2486 674 2526 quoties
699 2487 811 2526 perdi-

119 2540 169 2569 dit
185 2543 302 2569 auctor
317 2547 399 2577 opus
413 2535 432 2566 l’
468 2541 570 2576 atque
597 2536 630 2566 lii
653 2542 730 2568 sunt
744 2547 812 2568 om-

119 2591 196 2621 nino
211 2590 346 2627 calices,
363 2588 420 2629 qui
448 2588 456 2603 ‘
470 2587 606 2618 diatreti
620 2587 627 2599 ’
651 2588 812 2620 diceban-

119 2648 185 2672 tur.
230 2639 316 2670 Vide
332 2648 407 2680 quae
430 2638 525 2668 dicta
547 2637 604 2668 lib.
621 2641 670 2669 12.
695 2639 812 2679 Epigr.

120 2695 172 2722 70.
197 2691 237 2721 ad
262 2691 351 2720 illam
378 2689 500 2720 Notam
529 2688 538 2704 ⁴
558 2687 729 2719 ‹liatheca'
752 2699 811 2720 seu

119 2745 129 2759 ⁴
145 2739 311 2772 diatreta.'
347 2739 390 2770 Et
407 2737 483 2769 vide
502 2738 626 2769 Notum
643 2738 675 2769 in
695 2739 811 2780 Epigr.

590 181 859 210 MARTIALts
896 182 1049 210 131¹1GR.
1088 182 1176 210 mu.
1211 181 1313 210 xiv.

1444 172 1553 211 1449

863 277 915 305 91.
927 275 948 304 1.
967 278 1016 305 1-1.
1041 276 1173 306 Salmas.
1200 276 1361 316 Ingenium
1380 275 1462 314 Nili,
1481 275 1551 315 ἔγω]

864 324 1053 356 Artificium
1072 327 1305 366 liiuyptiorum
1321 326 1353 356 in
1371 325 1554 356 formandis

863 377 976 406 vitreis
986 377 1147 407 calicibus
1160 377 1557 416 diversicolorib11S‚quos

862 427 1031 457 Adrianus
1074 427 1161 467 Imp.
1198 429 1206 444 ‘
1219 427 1416 458 allasontes’
1454 427 1554 458 dixit.

862 476 949 506 Vide
962 477 1085 516 Scalig.
1100 478 1140 507 ad
1154 478 1311 517 Propert.
1324 478 1378 508 lib.
1394 481 1426 509 4.

902 529 921 556 2
946 527 1089 557 Perdidit
1113 530 1221 557 auctor
1247 527 1335 567 opus]
1380 527 1496 568 Fregit
1521 528 1554 558 in

857 577 930 617 ipso
947 587 1061 617 opere.

904 627 1008 659 Eme.
1023 637 1119 659 cxvr.
1141 631 1160 659 2
1179 630 1246 664 Quo
1261 630 1328 668 tibi,
1343 629 1410 669 ἐξα]
1435 630 1556 670 Neque

860 677 948 707 enin:
974 678 1073 708 nobili
1091 678 1244 709 decoctae
1270 679 1328 718 (de
1355 689 1419 719 qua
1438 680 1555 719 Epigr.

860 730 912 758 04.
940 728 995 759 111).
1023 732 1052 760 5.
1070 739 1154 760 verS.
1169 731 1219 770 2.)
1243 730 1403 760 convenit.
1418 739 1493 759 cum
1510 730 1557 759 vi-

861 778 1001 808 lioribus
1018 779 1114 810 vinis.
1139 780 1256 820 Epigr.
1274 783 1344 811 120.
1359 785 1393 810 et
1410 782 1481 811 121.
1498 779 1556 810 lib.

863 829 913 858 13.
956 827 1057 868 Aqua
1070 830 1159 860 enim
1183 829 1327 860 decocta
1344 839 1385 859 ex
1411 829 1557 866 nivibus,

862 878 1052 918 iterumque
1067 878 1281 920 refrigerata,
1298 889 1417 919 niagno
1433 880 1465 910 in
1483 889 1556 920 pre-

862 927 909 958 tio
925 928 1126 961 habebatur.

904 980 1010 1011 EP1G.
1027 989 1142 1012 cxvn.
1182 984 1195 1011 l
1224 982 1296 1012 Non
1318 984 1425 1021 potare
1448 980 1558 1020 nivem,

861 1029 930 1069 ἃς]
970 1030 1044 1061 Non
1062 1041 1181 1072 aquam
1206 1031 1342 1070 nivium,
1365 1030 1422 1061 sed
1440 1032 1558 1062 decoc—

863 1085 942 1120 tam,
952 1081 1028 1112 nive
1039 1082 1248 1112 reconditam
1257 1091 1296 1112 ac
1310 1081 1558 1121 refrigeratam,

863 1136 900 1162 ut
918 1132 1032 1172 Epigr.
1046 1133 1175 1164 64.111).
1191 1136 1223 1163 5.
1240 1143 1326 1163 vers.
1343 1135 1373 1162 2.

903 1181 1007 1212 EPJG.
1024 1190 1157 1213 cxvlu.
1181 1186 1192 1213 l
1215 1183 1380 1221 Massilioe,
1394 1181 1463 1221 ssa]
1478 1182 1560 1213 Noli

861 1230 1004 1260 miscere
1021 1231 1196 1262 decoctam
1210 1233 1407 1263 Massiliano
1420 1233 1496 1262 vino
1509 1232 1558 1262 in-

860 1279 1003 1311 fumato.
1027 1280 1146 1321 Epigr.
1163 1284 1214 1312 36.
1229 1281 1287 1312 lib.
1306 1284 1356 1312 10.
1373 1291 1463 1312 vers.
1481 1284 1511 1313 1.
1528 1284 1558 1312 2.

861 1330 934 1371 ipsa
950 1330 1037 1361 enim
1054 1341 1139 1372 aqua
1156 1331 1231 1362 vino
1248 1336 1300 1362 est
1316 1332 1510 1372 pretiosior.

906 1382 1013 1412 Epio.
1031 1390 1133 1412 cxlx.
1171 1385 1186 1412 l
1206 1382 1333 1421 Poscor,
1349 1382 1416 1422 ἔξω]
1442 1383 1558 1422 Epigr.

863 1434 916 1462 81.
934 1433 955 1462 1.
971 1434 1000 1462 3.
1017 1441 1101 1462 vers.
1122 1435 1171 1463 15.
1219 1433 1263 1463 Et
1286 1442 1380 1463 verna
1406 1435 1559 1474 moratur]

865 1482 940 1513 Nec
959 1488 1117 1522 properat
1133 1492 1262 1514 servus.

905 1535 924 1562 2
941 1533 970 1562 Ο
985 1533 1113 1572 quoties,
1126 1533 1195 1572 ὅπη]
1218 1534 1384 1574 Matellae,
1396 1534 1474 1565 dum
1491 1536 1559 1566 cul-

863 1582 954 1621 citer,
971 1583 1045 1613 loco
1062 1584 1222 1621 matellae,
1240 1584 1431 1616 immeiitur.

904 1634 1010 1665 Epic.
1034 1643 1118 1665 cxx.
1150 1634 1265 1671 Ligula
1286 1635 1448 1675 argentea]
1479 1635 1557 1667 Gla-

864 1682 971 1714 diolus
985 1685 1018 1714 in
1035 1684 1182 1724 speciem
1198 1685 1322 1724 linguae
1339 1696 1345 1713 :
1370 1685 1537 1725 spathula.

905 1737 925 1764 2
950 1735 1087 1765 Indoi-tis
1105 1735 1334 1775 grammaticis]
1368 1736 1433 1767 Qui
1455 1737 1557 1776 perti-

862 1784 994 1814 naciter
1021 1785 1216 1815 insistentes
1250 1785 1447 1826 quantitati,
1477 1786 1557 1826 jure

865 1833 1002 1873 syllabae
1020 1843 1084 1864 non
1100 1834 1235 1865 cedent.

906 1884 1011 1915 Eram.
1023 1893 1125 1915 cxxl.
1152 1884 1344 1925 Coclitem-ia]
1366 1885 1508 1927 Supple,
1524 1888 1559 1918 Ii-r

860 1935 956 1973 gula.-
978 1940 1016 1965 ut
1038 1935 1083 1965 sit
1107 1935 1161 1966 cui
1185 1941 1376 1976 congruant
1398 1937 1406 1952 ‘
1420 1936 1558 1967 habilis'

863 1990 898 2015 et
915 1990 922 2001 ¹
933 1986 1021 2017 utilis
1031 1986 1051 2017 :'
1065 1985 1185 2027 quibus
1198 1995 1265 2017 non
1276 1987 1432 2018 convenit
1445 1988 1558 2018 ‘coch-

863 2035 979 2066 learess

906 2088 921 2116 1
940 2085 1014 2116 Sum
1029 2086 1159 2116 cochleis
1172 2085 1297 2126 habilis]
1315 2086 1396 2117 Cum
1413 2097 1480 2117 non
1496 2088 1556 2118 mi-

863 2135 936 2166 nori
958 2136 1029 2166 usui
1056 2136 1117 2166 sim
1142 2135 1184 2165 ad
1208 2145 1271 2166 ova
1297 2141 1332 2167 et
1358 2137 1440 2166 alios
1464 2137 1558 2168 cibos

863 2195 962 2226 quam
978 2185 1020 2215 ad
1033 2185 1205 2216 cochleas:
1222 2186 1382 2227 numquid
1395 2186 1481 2217 nosti
1497 2196 1558 2218 cur

863 2235 942 2266 mihi
970 2235 1080 2276 potius
1105 2245 1124 2265 a
1146 2236 1292 2266 cochleis
1316 2246 1436 2267 nomen
1457 2247 1556 2278 quam

863 2286 1005 2317 abillis?
1033 2286 1102 2316 Iino
1117 2285 1202 2323 scio;
1220 2296 1239 2316 a
1252 2284 1361 2316 forma
1373 2287 1507 2318 scilicet
1522 2293 1558 2319 et

863 2337 1071 2368 cochlearum
1099 2336 1207 2376 testis,
1235 2337 1377 2376 primum
1402 2338 1436 2368 in
1468 2338 1557 2371 hune

863 2397 955 2418 usum
972 2386 1141 2418 adhibitis.

904 2439 1009 2469 Eme.
1023 2446 1154 2468 cxxnI.
1186 2440 1206 2468 2
1225 2438 1442 2479 Gemmafide]
1465 2438 1558 2471 Anu·

862 2490 925 2528 lus,
955 2488 1008 2518 cui
1036 2486 1220 2518 includitur
1248 2496 1390 2528 gemma,
1422 2494 1457 2519 et
1483 2489 1556 2530 ipse

864 2540 965 2570 theca
979 2540 1122 2570 clausus.

905 2591 1010 2620 Epm.
1026 2597 1151 2619 cxxlv.
1176 2592 1191 2619 1
1211 2589 1375 2629 Romanos,
1389 2590 1458 2630 ssa]
1474 2591 1557 2623 Ver-

864 2650 917 2671 sus
941 2649 959 2670 e
976 2639 1109 2679 Virgilii
1133 2639 1290 2670 AEneidos
1314 2643 1341 2671 1.
1363 2646 1554 2682 usurpatus.

905 2692 924 2719 2
948 2690 1005 2720 Ille
1021 2690 1117 2728 facit,
1132 2689 1201 2729 ξω]
1232 2689 1404 2731 Augustus
1421 2693 1555 2732 publice

863 2741 896 2772 in
916 2741 1065 2773 Deorum
1089 2749 1261 2772 nnmerum
1285 2742 1402 2774 retulit
1423 2744 1553 2777 ,lulium
