1866 3131
263 176 374 218 1310

304 281 407 313 Erro.
423 289 555 312 xxxix.
579 279 713 312 Laudat
739 281 865 321 regiam
882 280 953 310 Do-

260 332 390 362 mitiani
412 342 431 362 a
448 330 588 362 Rabirio
604 336 823 362 exstructam.
856 330 956 369 Nam,

260 388 339 413 ante
367 381 573 413 aedificatum
603 382 666 413 hoc
693 383 867 422 palatium,
890 390 955 412 non

259 438 419 473 poterant
444 432 478 463 in
495 432 571 463 aula
601 433 767 464 celebrari
795 431 956 463 solemnia

258 483 375 523 populi
403 482 578 521 convivia;
612 492 701 513 nunc
723 482 953 513 accumbimus

257 543 387 573 omnes,
405 539 440 565 et
457 533 572 564 divina
599 534 790 565 Domitiani
813 542 953 564 munera

256 584 411 616 bibimus.
436 586 518 616 Rad.

304 638 316 666 1
340 635 604 676 Pallatinoe‚85c.]
626 636 681 667 De
696 635 771 666 aula
782 635 955 666 hacPala-

256 686 340 726 tina,
356 696 457 726 supra
470 686 588 726 Epigr.
607 688 659 717 36.

295 739 314 768 2
337 736 574 776 Ambrosiasque
588 737 693 776 dapes,
706 736 776 776 ᾁϊκ]
799 735 950 776 Impera-

252 787 334 819 toris
347 788 473 819 Dotnit.
498 788 566 818 Dei
580 793 615 817 et
637 786 844 817 immortalis.

294 841 314 869 4
333 838 532 879 Ganymedea
545 838 666 878 pocula,
682 836 752 877 δῖα]
776 836 953 867 Ministra-

252 894 289 919 ta
321 889 483 928 convivis,
509 888 550 918 ab
581 887 720 928 ephebis
749 887 952 928 Domitiani,

246 938 412 969 similibus
431 937 679 979 pulchritudine
695 937 898 977 Ganymedi.

292 992 311 1019 5
336 989 414 1019 Esse
427 988 515 1026 velis,
527 988 596 1028 δῖα]
615 989 718 1019 Serus
734 989 856 1019 coelum
873 987 951 1019 ade-

250 1047 298 1078 as,
314 1038 438 1079 diuque
451 1039 548 1070 nobis
567 1038 714 1070 intersis.

292 1091 311 1119 6
334 1088 378 1119 At
393 1093 428 1119 ιιι
443 1088 482 1128 si,
497 1089 565 1130 ἐξα]
587 1088 647 1127 At,
672 1089 698 1119 si
723 1098 901 1129 properas,
929 1099 948 1120 o

247 1139 399 1180 Jupiter,
429 1139 555 1170 habere
585 1139 816 1170 Domitianum
835 1140 947 1171 convi-

247 1199 336 1229 vam,
353 1194 389 1220 tu
409 1190 519 1231 potius
535 1190 612 1220 veni
627 1189 667 1220 ad
682 1199 879 1232 eun1,qua1n
892 1192 947 1222 ille

249 1240 292 1271 ad
308 1244 356 1271 te.

289 1291 394 1321 EPIG.
411 1299 470 1322 XL.
493 1290 647 1321 Minatur
672 1290 810 1331 Priapo,
835 1292 947 1323 horto·

247 1351 319 1373 rum
344 1347 379 1373 et
410 1342 568 1373 silvarum
599 1342 744 1381 custodi,
771 1341 944 1382 flammas3

246 1392 311 1423 nisi
335 1392 503 1424 custodiat
535 1392 653 1423 silvam
675 1401 782 1433 suam,
802 1392 946 1425 flamma-

249 1453 322 1474 rum
337 1444 507 1474 alimenta.

289 1497 305 1525 l
330 1494 478 1524 Palmitis
493 1493 591 1534 beuti]
614 1494 716 1533 Vitis,
740 1494 859 1526 vineae.

286 1547 307 1575 ὓ
331 1544 368 1576 Si
391 1544 538 1583 defecerit
565 1546 641 1584 haec,
657 1546 727 1586 ξω]
753 1546 909 1586 Namque
927 1555 944 1577 e

243 1595 335 1635 ligno
352 1604 405 1634 es3
418 1600 466 1632 et,
478 1595 541 1626 nisi
560 1596 688 1636 sylvam
703 1597 889 1636 custodias,
900 1598 960 1626 d«.

243 1644 380 1676 ficiente
408 1645 441 1676 in
458 1645 569 1677 focum
586 1645 687 1686 ligno,
704 1646 776 1687 ipse
795 1651 830 1677 tu
854 1656 945 1678 com-

243 1695 391 1727 bureris.

284 1746 389 1777 EP1G.
403 1755 473 1777 xm.
490 1744 728 1786 Athenagoras
743 1752 885 1778 excusat
896 1757 943 1787 se,

239 1796 414 1838 inquiens:
440 1797 525 1827 Mihi
540 1796 675 1837 quidem
694 1797 787 1827 dolet
805 1807 855 1827 me
869 1799 943 1828 nul-

239 1847 308 1877 lum
325 1856 442 1877 munus
455 1847 517 1878 tibi
534 1847 664 1878 misisse
682 1847 744 1877 hoc
758 1848 941 1879 Decembri

240 1901 278 1927 et
313 1896 362 1927 his
396 1897 640 1927 Saturnalibus.
698 1897 799 1936 Angi.
838 1898 858 1927 Ι
891 1909 940 1928 am

240 1958 327 1988 sorry
343 1947 423 1988 that,
434 1950 486 1988 “s-c.
504 1948 627 1978 Nescio
644 1957 736 1987 sane,
752 1949 939 1988 respondet

239 1998 364 2037 Poeta,
386 2007 427 2029 an
460 1998 516 2029 ille
550 1998 720 2029 doluerit:
750 2008 813 2039 ego
845 2006 939 2031 certe

239 2048 337 2080 doleo
354 2058 406 2079 me
421 2048 502 2079 nihil
517 2048 705 2088 accepisse.

281 2102 301 2130 2
327 2099 403 2134 Quoe
420 2099 518 2130 medio
535 2098 664 2137 brumae]
688 2097 727 2129 Id
743 2103 809 2137 est,
826 2099 937 2130 Satur-

238 2149 380 2189 nalibus,
411 2158 486 2191 quae
507 2159 622 2180 mense
643 2149 823 2181 Decembri
850 2151 937 2180 cele-

238 2199 440 2231 brabantur.
485 2199 551 2230 Sed
585 2204 620 2230 et
649 2199 722 2239 ipso
746 2199 885 2237 brumae,
902 2200 935 2230 id

237 2255 304 2287 est,
340 2250 477 2281 solstitii
516 2249 659 2290 hyberni
700 2249 765 2287 die,
795 2261 937 2282 munera

237 2301 492 2332 commeabant:
517 2301 595 2341 quia
621 2305 691 2331 tum
706 2311 834 2331 annuus
848 2303 934 2333 Solis

238 2361 354 2382 cursus
371 2351 467 2393 quasi
485 2351 752 2389 redintegratur.
806 2353 891 2383 Nam
916 2363 935 2384 a

236 2408 365 2443 puncto
395 2403 565 2434 solstitiali
582 2403 734 2443 hyberno
751 2403 791 2433 ad
808 2413 867 2434 nos
884 2414 934 2434 re-

236 2454 399 2494 greditur,
427 2458 462 2484 et
497 2459 549 2484 est
590 2454 695 2484 veluti
731 2454 933 2495 principium

236 2505 314 2536 novi
333 2505 410 2536 anni
427 2504 556 2535 solaris.
587 2505 721 2535 Her-ald.

279 2556 383 2586 Eme.
400 2563 489 2586 xLu.
513 2557 527 2584 1
546 2554 707 2595 Sportula,
722 2555 790 2595 ‹ij-c]
815 2555 931 2596 Epigr.

236 2608 266 2637 7.
286 2606 371 2636 libro
385 2608 414 2636 3.
431 2614 517 2636 vers.
536 2608 565 2635 1.
583 2609 615 2636 5.

276 2659 297 2687 2
321 2657 392 2687 Non
419 2656 600 2695 corruperit,
626 2655 693 2696 δῖα]
718 2656 795 2687 Non
826 2660 932 2687 trans-

235 2706 353 2738 tulerit
370 2712 566 2746 corruptum
583 2707 702 2738 nidore
719 2708 854 2747 majoris
877 2717 932 2738 cu-

236 2757 312 2787 liuae
339 2755 381 2789 ad
411 2765 523 2787 coenas
554 2756 707 2788 divitum.
760 2758 837 2797 Vel,
855 2757 881 2787 si
899 2763 931 2789 te

728 185 866 215 NOTAE
901 184 1163 215 VARIORL'M
1199 184 1249 215 IN

1006 278 1157 318 sportula
1174 277 1278 317 major
1294 285 1359 306 non
1384 275 1586 316 corruperit,
1600 281 1633 306 et
1660 276 1702 306 ad

1005 329 1125 360 beatos
1142 339 1181 360 ac
1199 328 1322 359 divites
1346 327 1571 365 transtulerit,
1587 328 1699 357 deser-

1007 379 1049 409 tis
1081 379 1302 410 tenuioribus.
1346 378 1402 408 Sic
1431 377 1550 408 dicunt
1587 377 1701 408 Graeci

1006 430 1156 470 σώζεσθαι
1188 430 1228 461 εἰς
1251 428 1351 467 πόλιν,
1381 428 1414 458 id
1438 432 1501 467 est,
1529 426 1653 466 φεύγειν
1680 427 1700 464 ἢ

1005 480 1124 512 ἀπιέναι
1145 480 1184 512 εἷς
1207 480 1297 511 πόλιν
1311 479 1377 510 τινὰ
1392 478 1443 510 καῖ
1458 479 1522 509 ἐκεῖ
1536 478 1700 518 σώζεσθαι.

1006 532 1140 564 ΙΙειάῑᾱ.

1047 586 1066 614 3
1090 584 1141 614 De
1155 585 1271 622 nostro,
1289 582 1411 621 Matho,
1435 580 1564 621 centies]
1586 580 1699 612 Inter-

1005 639 1195 674 pretautur,
1218 633 1260 664 de
1275 643 1352 663 mea
1380 632 1544 673 sportula,
1560 641 1634 672 quae
1649 636 1701 663 est

1004 691 1138 715 centnm
1157 683 1395 725 quadrantium.
1440 679 1508 712 Sed
1525 691 1590 712 non
1606 681 1699 712 vide-

1003 740 1058 766 tur
1081 736 1249 767 Scriverio
1272 741 1306 766 et
1323 736 1395 775 ejus
1412 735 1550 765 asseclae
1574 728 1698 765 Farna-

1002 786 1057 817 bio
1075 791 1229 817 constare
1243 786 1341 825 ratio,
1359 786 1437 826 quia
1462 787 1471 803 ‘
1484 785 1633 816 centies'
1664 786 1698 816 in

1002 845 1036 866 re
1051 837 1235 866 nummaria
1246 846 1311 867 non
1323 835 1541 874 centum,sed
1557 839 1605 865 tot
1622 844 1698 866 cen·

1002 891 1081 917 tena
1110 887 1214 917 millia
1253 885 1433 927 significet.
1486 885 1609 926 Itaque
1640 891 1700 915 aut

1001 936 1118 967 ludere
1135 935 1277 967 Po'etam
1294 936 1364 966 vult
1382 934 1568 966 Scriverius
1584 934 1700 965 dicen·

1003 987 1058 1025 do,
1093 988 1165 1019 ‘De
1193 991 1308 1018 nostro
1339 985 1497 1025 centies,’
1518 990 1578 1017 aut
1608 986 1698 1016 aliud

1000 1037 1081 1077 quid
1117 1037 1356 1078 cogitandum:
1400 1046 1435 1067 se
1469 1036 1558 1067 enim
1596 1046 1696 1076 opem

999 1087 1089 1119 ferre
1106 1099 1172 1119 non
1199 1098 1306 1129 posse.
1351 1089 1476 1118 Tentat
1493 1087 1697 1118 Farnabius:

999 1140 1063 1170 Vel
1087 1139 1214 1170 centies
1242 1138 1360 1177 lavari,
1385 1138 1418 1168 id
1444 1142 1510 1178 est,
1528 1147 1547 1168 a
1565 1137 1695 1168 balneis

998 1199 1131 1220 coenare
1159 1189 1249 1230 apud
1278 1199 1312 1219 se
1337 1189 1459 1219 invitat
1483 1188 1695 1219 Mathonem.

998 1240 1070 1280 Ego
1083 1240 1130 1271 sic
1146 1250 1269 1271 censeo
1289 1251 1297 1270 :
1323 1238 1548 1279 Cogitandum
1564 1240 1696 1269 venisse

997 1291 1191 1322 Martialem
1219 1300 1294 1321 sero
1322 1291 1413 1321 circa
1431 1289 1542 1320 balnei
1560 1293 1694 1330 tempus

999 1343 1040 1373 ad
1058 1343 1147 1373 aedes
1177 1341 1361 1380 Mathonis,
1386 1346 1423 1371 ut
1441 1344 1577 1380 peteret
1601 1350 1693 1380 spor-

996 1395 1113 1425 tulam.
1149 1394 1214 1424 Ille
1227 1392 1314 1423 (lomi
1332 1391 1523 1432 negabatur
1538 1400 1630 1422 esse:
1658 1397 1694 1422 et

996 1444 1177 1474 videbatur
1204 1448 1261 1473 aut
1287 1443 1360 1482 ipse
1393 1442 1473 1472 alibi
1504 1442 1692 1482 sportulam

996 1494 1141 1534 petitum
1157 1493 1211 1535 (ut
1228 1494 1304 1531 iste,
1321 1501 1418 1533 quem
1448 1501 1545 1522 mane
1570 1492 1691 1522 saluta-

996 1549 1066 1575 tum
1084 1545 1221 1575 veniens
1237 1543 1398 1575 audiebat
1413 1542 1531 1573 eadem
1547 1541 1603 1573 fini
1618 1552 1693 1583 pro-

995 1594 1124 1626 fectum
1156 1594 1318 1635 priorem)
1350 1598 1407 1623 aut
1448 1593 1637 1634 quadrante
1659 1593 1693 1624 in

997 1645 1147 1685 publicas
1161 1645 1296 1675 balneas
1312 1645 1459 1675 lavatum
1478 1644 1554 1675 isse.
1590 1645 1692 1685 Ergo,

995 1696 1117 1736 inquit,
1137 1695 1199 1727 nisi
1229 1701 1264 1726 tu
1291 1705 1350 1736 spe
1365 1694 1501 1735 majoris
1516 1695 1692 1735 sportulae,

994 1751 1114 1786 utpote
1126 1746 1318 1776 honoratior
1328 1744 1422 1786 (vide
1433 1744 1488 1776 lib.
1507 1746 1557 1775 10.
1572 1745 1689 1785 Epigr.

995 1796 1060 1835 10.)
1096 1795 1221 1826 alicubi
1251 1795 1425 1834 detineris,
1454 1804 1530 1826 meo
1569 1795 1690 1826 damno

993 1847 1047 1876 vel
1075 1846 1117 1876 de
1141 1847 1222 1877 mihi
1252 1846 1311 1877 abs
1336 1852 1370 1877 te
1394 1846 1510 1877 debita
1527 1847 1692 1887 sportula,

992 1906 1090 1936 qnam
1119 1897 1270 1927 lucratus
1297 1907 1345 1936 es,
1371 1901 1468 1936 potes
1491 1897 1595 1927 lavari
1612 1906 1691 1927 cen-

992 1947 1078 1977 ties:
1104 1952 1176 1977 erat
1194 1947 1280 1977 enirn
1298 1947 1356 1977 illa
1372 1951 1510 1978 centum
1524 1946 1688 1987 quadran-

991 2002 1060 2027 tum
1075 2006 1083 2026 :
1109 2003 1143 2027 et
1158 1997 1346 2038 quadrante
1359 1996 1538 2027 constabat
1550 1997 1689 2028 lavatio.

990 2048 1067 2078 ‘De
1092 2048 1232 2086 nostro,‘
1254 2052 1291 2077 ut
1317 2047 1373 2078 lib.
1390 2049 1422 2078 7.
1446 2047 1509 2087 Ep.
1536 2049 1591 2078 47.
1623 2048 1687 2078 ‘Et

990 2102 1049 2127 tua
1061 2097 1103 2128 de
1121 2103 1248 2137 nostro,
1264 2097 1391 2135 Prisce,
1414 2097 1534 2127 Thalia
1551 2097 1690 2138 placet.‘

989 2149 1063 2180 Lib.
1082 2151 1131 2179 10.
1150 2149 1212 2188 Ep.
1235 2151 1287 2179 29.
1309 2149 1318 2164 ‘
1333 2149 1388 2179 De
1414 2153 1530 2178 nostra
1556 2148 1687 2188 prasina

988 2206 1041 2230 est
1081 2200 1249 2240 synthesis
1283 2205 1399 2241 empta
1438 2199 1540 2240 toga.'
1585 2198 1686 2230 Adde

986 2251 1073 2282 libro
1094 2255 1143 2282 10.
1162 2252 1413 2291 Epigrammate
1425 2254 1478 2282 70.
1496 2250 1685 2282 Gronovius.

986 2301 1036 2331 De
1054 2307 1168 2339 nostro,
1184 2300 1252 2340 ἐγὼ]
1276 2302 1327 2331 De
1358 2311 1432 2332 mea
1459 2301 1624 2342 sportula,
1647 2306 1685 2332 ut

983 2352 1116 2388 volunt,
1147 2362 1222 2392 quae
1241 2361 1271 2382 c.
1296 2352 1541 2392 quadrantum:
1569 2360 1684 2392 quam·

985 2403 1033 2433 vis
1051 2412 1116 2433 nou
1135 2408 1270 2434 constat
1293 2403 1394 2442 ratio,
1419 2412 1494 2433 cum
1511 2401 1684 2433 Adverbia

985 2452 1050 2483 ista
1066 2453 1099 2483 in
1124 2463 1154 2483 es
1177 2454 1374 2485 Numen-alia
1397 2453 1576 2494 designent
1606 2454 1683 2484 toti-

985 2503 1060 2533 dem
1088 2509 1233 2534 centena
1257 2504 1378 2536 Millia.
1416 2504 1542 2545 Itaque
1565 2504 1618 2534 vel
1634 2505 1682 2535 lu-

984 2553 1035 2583 dit
1062 2554 1184 2590 Poe'ta‚
1208 2554 1257 2584 vel
1276 2555 1404 2585 centies
1430 2554 1550 2593 lavari,
1565 2553 1598 2584 id
1616 2559 1682 2592 est,

985 2614 1003 2634 a
1019 2603 1146 2634 balneis
1165 2613 1299 2635 roenare
1316 2604 1406 2646 apud
1425 2614 1459 2635 se
1475 2604 1597 2636 invitat
1609 2604 1683 2635 Ma-

985 2654 1134 2685 thonem.

1027 2706 1129 2735 Erro.
1158 2714 1262 2736 xun.
1288 2705 1411 2736 Fabius
1441 2714 1562 2736 uxores
1589 2714 1676 2735 mac-

983 2755 1089 2795 tabat,
1103 2755 1284 2787 Chrestilla
1304 2756 1462 2787 maritos:
1492 2754 1605 2787 Po'eta
1618 2756 1676 2786 hos
