1866 3131
219 124 333 166 1134

218 241 285 272 est,
311 241 347 268 et
371 237 542 268 correctio
560 237 694 275 Poeta,
717 240 772 279 qui
803 250 917 273 errore

218 292 254 317 et
271 287 462 327 ignorantia
479 287 627 319 sordium
651 289 748 330 hujus
764 291 918 332 hominis,

218 346 320 377 quum
357 347 433 368 eum
458 347 523 368 non
554 340 716 379 novisset,
746 341 918 373 dominum

216 387 349 418 honoris
366 398 485 419 caussa
499 398 680 432 regemque
699 391 856 424 vocabat.
871 393 919 425 At

216 446 297 467 vero
323 444 499 479 postquam
526 439 612 470 bene
637 442 745 482 novit,
769 453 829 474 suo
860 453 918 475 no-

215 487 304 517 mine
321 487 477 520 vocabat.
523 489 649 522 Scribit
674 492 762 522 enim
787 494 918 524 Seneca

213 536 328 567 solitos
352 536 457 569 fuisse
483 539 627 581 priscos,
643 541 774 582 quoties
793 543 916 574 homiui

215 587 330 626 ignoto
365 595 598 631 occurrerent,
635 601 711 623 eum
742 593 916 625 dominum

215 641 273 667 aut
286 647 398 678 regem
411 640 599 679 appellare.
642 642 748 674 Romi.
778 644 915 676 Merula.

212 689 259 719 Te
277 689 368 728 prius
384 690 464 720 mihi
489 700 556 722 non
581 697 699 724 notum
723 703 786 734 pro
809 695 916 725 muni-

213 738 279 770 fico
301 744 446 780 patrono
472 746 508 772 et
524 742 616 773 claro
641 743 714 774 viro
731 745 915 776 honorifice

214 790 422 822 salutabam:
450 797 631 833 postquam
657 803 738 824 vero
761 794 842 824 mihi
865 794 912 825 in-

212 842 375 881 notueris,
405 841 602 874 familiarius
633 848 666 874 te
705 845 844 885 appello
880 850 915 876 et

211 901 303 923 mero
340 892 475 924 nomine
510 893 634 924 saluto.
670 894 780 934 epigr.
806 897 859 926 68.
890 895 912 927 l.

211 944 242 972 2.

252 996 272 1023 2
294 994 369 1024 Jam
395 994 473 1025 mihi
500 994 631 1026 Priscus
660 995 736 1035 eris]
763 994 912 1026 Innuens

209 1052 257 1074 sc.
277 1043 505 1075 honorabilius
520 1055 643 1076 nomen
661 1055 736 1076 eum
753 1047 913 1087 amisisse,

209 1097 432 1135 posteaquam
449 1095 607 1135 cognitus
624 1094 700 1126 fuit.

250 1145 354 1176 Eme.
373 1154 473 1176 cmv.
499 1149 515 1176 1
537 1146 745 1187 Quaecunque,
761 1147 830 1187 eya]
851 1148 911 1180 Ju-

207 1195 332 1226 venilia
359 1205 429 1236 sua,
452 1196 510 1227 ubi
534 1198 665 1227 venalia
693 1198 775 1237 sint,
799 1198 911 1230 docet.

208 1246 462 1286 Epigrammata
486 1256 561 1287 quae
588 1247 669 1278 mihi
697 1248 773 1278 olim
803 1259 910 1290 puero

207 1297 422 1337 exciderunt,
462 1298 594 1329 venalia
633 1303 712 1330 sunt
743 1301 833 1340 apud
868 1302 909 1334 Q.

207 1347 293 1377 Poll.
310 1348 427 1378 Valer.

248 1400 268 1428 2
291 1398 478 1438 Apinasque,
502 1399 572 1439 2502]
596 1399 815 1440 Nugamenta
837 1411 909 1432 car-

206 1449 341 1479 minum.
387 1449 514 1490 Apinas
544 1455 656 1482 autem
676 1456 712 1482 ut
735 1456 771 1482 et
792 1452 907 1483 Tricas

206 1499 341 1539 Apuliae
358 1500 522 1541 oppidula
547 1500 653 1532 fuisse
679 1503 770 1542 vilia,
790 1503 909 1534 scribit

205 1550 338 1581 Plinius
356 1551 376 1581 l.
390 1554 420 1582 3.
437 1561 466 1582 c.
484 1554 537 1582 ll.
556 1561 575 1582 a
591 1551 761 1583 Diomede
780 1557 907 1583 tantam

204 1610 266 1640 per
281 1601 496 1640 ignominiam
512 1610 643 1641 eversa,
668 1606 703 1633 ut
719 1604 754 1633 in
771 1612 907 1643 prover-

202 1651 247 1681 bii
283 1651 466 1682 ludibrium
497 1652 656 1683 abierint.
703 1653 788 1684 Cum
824 1663 906 1684 vero

204 1701 325 1732 Graece
342 1702 499 1733 dicantur
515 1701 657 1742 ἀφάνναι,
680 1703 769 1734 unde
795 1708 831 1735 et
846 1703 906 1741 As·

195 1752 310 1792 faniae,
328 1764 387 1784 cur
400 1763 466 1784 non
483 1754 523 1784 ab
540 1753 657 1794 ἀφάνης
674 1754 845 1795 ducamus,
867 1759 905 1786 ut

202 1808 237 1834 et
253 1804 366 1834 Tricas
384 1813 401 1834 a
417 1803 541 1843 τρίχες.)

244 1857 262 1885 3
288 1855 373 1885 Male
398 1855 555 1894 collocare,
574 1855 643 1894 δῖα]
666 1855 825 1886 Modesta
848 1865 904 1886 ex-

202 1905 367 1936 tenuatio.
423 1906 603 1946 Occupato
634 1905 721 1936 enim
750 1911 784 1936 et
808 1906 904 1946 gravi

202 1955 331 1987 lectore
355 1955 510 1996 indignas
534 1955 681 1995 fatetur3
709 1965 771 1986 nec
790 1961 902 1987 tamen

202 2005 321 2046 abjicit
337 2007 432 2046 adeo,
458 2012 496 2037 ut
516 2007 583 2047 legi
609 2007 708 2047 nolit,
731 2006 810 2037 dum
824 2007 904 2038 Bib-

201 2056 361 2096 liopolarn
379 2058 552 2097 exprimit.

241 2109 261 2136 4
286 2106 330 2136 Et
346 2106 511 2147 invidebis,
533 2107 600 2148 εμπ]
623 2107 700 2139 Nec
721 2108 810 2139 sines
835 2108 903 2139 oci-

201 2166 255 2187 um
273 2154 366 2187 abii-‘e
383 2157 454 2188 sine
471 2158 566 2188 malo.

241 2209 260 2237 6
286 2207 407 2247 Perire,
425 2207 493 2248 Esou]
516 2207 672 2238 Exscribi
691 2207 779 2238 enim
802 2206 900 2248 facit,

199 2257 392 2299 venditque.

240 2308 346 2339 Eme.
363 2317 444 2340 cxv.
470 2311 486 2340 1
506 2309 574 2340 Hos
595 2309 666 2350 tibi,
691 2308 758 2349 fisa]
783 2309 901 2349 Epita-

199 2358 310 2398 phium
323 2358 474 2390 Antullae
486 2359 620 2400 puellae,
632 2360 812 2390 immaturo
828 2358 899 2389 fato

197 2414 316 2448 raptae.
340 2410 749 2451 Faustine,Telesphor11s
761 2410 898 2441 Foenius

198 2458 326 2490 vicinus
343 2465 419 2490 tuus
435 2459 541 2500 (forte
557 2460 590 2490 in
609 2470 687 2500 agro
706 2460 897 2492 Tiburtino.

200 2510 275 2541 vide
302 2511 409 2550 epigr.
435 2513 488 2541 57.
517 2511 539 2541 l.
565 2510 614 2551 4.)
639 2511 714 2542 Diis
745 2511 896 2541 manibus

197 2560 275 2590 filiae
304 2571 371 2591 suae
396 2560 559 2599 Antullae,
584 2561 765 2592 immatura
787 2567 896 2593 morte

199 2615 394 2651 praereptae,
407 2612 617 2642 consecravit
634 2612 720 2643 hunc
738 2612 896 2655 agellum,

199 2660 310 2700 inquo
325 2662 453 2692 cineres
469 2666 504 2692 et
520 2670 596 2692 ossa
609 2661 687 2694 filiae
702 2663 864 2695 condidit.

675 137 816 168 NOTAE
851 138 1116 170 VARIORUM
1153 142 1203 171 {N

1013 239 1031 267 3
1058 237 1237 278 Nomenque
1261 238 1410 278 sacravit]
1445 239 1533 271 Quia
1555 241 1668 280 sepul-

969 287 1049 318 chra
1066 298 1163 319 sacra
1188 295 1298 319 erant.
1342 289 1431 319 Tum
1457 289 1603 320 indicem
1630 301 1669 322 ac

969 338 1104 369 titulum
1123 340 1304 380 sepulchro
1321 339 1494 370 addebant
1510 341 1556 372 D.
1571 342 1619 373 M.
1637 343 1671 373 S.

969 389 1068 419 ‘Diis
1096 389 1254 420 Manibus
1281 390 1435 422 sacrum.'
1483 390 1672 424 Addebant

969 439 1070 469 etiam
1089 449 1211 471 nomen
1228 441 1364 481 sepulti.

1009 492 1030 520 4
1057 490 1195 529 Dignior
1209 491 1273 530 ipse
1289 491 1367 531 legi]
1394 491 1482 522 Illud
1501 493 1510 509 ‘
1525 491 1668 532 diguior’

967 538 1047 569 mihi
1076 549 1142 570 non
1170 540 1307 580 placet:
1335 542 1442 581 primo
1469 542 1548 583 quia
1565 544 1673 574 ambi-

968 599 1069 629 guum
1087 596 1163 621 est:
1186 591 1277 632 dein,
1299 593 1325 622 si
1355 593 1388 622 in
1417 593 1581 632 optimum
1598 604 1673 625 sen-

967 648 1038 670 sum
1057 641 1258 681 accipiatur,
1274 643 1419 673 nihilhic
1437 643 1564 674 dicitur
1579 644 1671 675 alind

967 699 1066 729 quam
1105 701 1204 722 versu
1241 698 1416 733 sequente.
1470 694 1600 725 Vellem
1638 695 1672 726 in

966 738 1094 779 scripto
1118 741 1231 781 aliquo
1255 747 1431 774 exstaret:
1455 748 1580 775 roterat
1607 745 1672 785 ipse

965 789 1039 828 legi.
1098 791 1186 822 Nam
1215 798 1394 832 parentum
1421 804 1548 825 summa
1582 801 1671 835 vota,

965 839 1077 871 efferri
1101 851 1119 872 a
1137 841 1262 874 liberis.
1306 843 1412 884 Dein,
1437 850 1475 875 ut
1501 844 1573 875 fere
1601 845 1671 876 He-

965 891 1099 923 raldus:
1141 893 1200 933 Et,
1231 893 1373 934 Stygias,
1403 905 1525 935 ‹zquum
1548 896 1671 936 fuerat,

959 943 1048 982 prior
1062 944 1122 975 iret
1136 946 1176 975 ad
1191 945 1326 976 umbras.
1371 945 1450 985 Ipse
1465 951 1669 985 optaverat:

963 998 998 1023 et
1022 994 1155 1033 justum
1186 1000 1262 1026 erat
1287 1005 1355 1026 non
1380 996 1519 1027 turbato
1548 997 1668 1029 ordine

962 1046 1192 1085 mortalitatis,
1220 1047 1366 1087 priorem
1396 1047 1491 1078 mori.
1529 1048 1668 1079 Gronov.

962 1094 1099 1134 Dignior
1114 1096 1178 1136 ipse
1194 1096 1271 1136 legi]
1302 1096 1456 1128 Turbato
1480 1098 1668 1129 mortalita-

963 1145 1005 1175 tis
1028 1146 1146 1176 ordine
1171 1152 1205 1178 et
1231 1145 1312 1178 fatis
1330 1148 1415 1178 male
1431 1148 1667 1188 judicantibus

961 1196 1097 1227 titulum
1116 1197 1194 1228 filiae
1213 1204 1315 1238 pater
1332 1201 1464 1230 tumulo
1483 1199 1669 1240 inscripsit,

961 1247 1051 1288 quod
1067 1247 1213 1278 officium
1231 1257 1271 1279 ex
1289 1256 1420 1280 naturae
1439 1250 1558 1281 ordine
1575 1252 1664 1291 patri

961 1298 1161 1338 praestitisse
1173 1298 1275 1329 filiam
1290 1301 1417 1340 aequius
1433 1299 1557 1331 fuerat.

1004 1349 1111 1380 Eme.
1133 1358 1236 1381 cxvr.
1263 1353 1278 1380 1
1297 1350 1460 1389 Qucedam,
1482 1350 1551 1391 aisa]
1587 1351 1670 1382 Irri-

960 1398 1020 1430 det
1049 1399 1232 1430 Procillum
1278 1401 1460 1442 quemdam
1499 1402 1664 1441 invidum,

960 1459 1061 1490 quum
1079 1451 1170 1481 dieat
1187 1461 1223 1482 se
1240 1452 1319 1491 cupi
1336 1453 1477 1492 apuella
1495 1453 1666 1484 candidis-

958 1501 1054 1540 sima,
1081 1503 1140 1533 sed
1167 1512 1281 1534 amare
1309 1504 1408 1534 aliam
1434 1505 1663 1545 nigerrimam,

958 1551 1087 1583 Audito
1103 1553 1161 1584 illo
1189 1554 1303 1594 priori,
1323 1565 1483 1586 summam
1503 1557 1665 1596 capiebat

959 1602 1126 1633 Procillus
1144 1604 1345 1643 molestiam,
1370 1606 1419 1636 ita
1437 1611 1474 1636 ut
1493 1616 1563 1646 prae
1584 1616 1664 1637 mae-

956 1661 1033 1684 rore
1063 1663 1097 1683 se
1130 1659 1222 1685 esset
1258 1665 1505 1696 suspensurus,
1545 1658 1662 1689 audito

957 1711 1037 1734 vero
1067 1705 1246 1744 posteriori
1274 1707 1464 1747 respiravit.
1522 1707 1664 1739 Procilli

955 1753 1117 1785 invidiam
1135 1754 1341 1796 ludificatus,
1353 1757 1498 1788 candido
1515 1767 1588 1789 eum
1606 1759 1663 1789 lae-

957 1808 1061 1844 toque
1086 1806 1209 1836 nuncio
1237 1816 1344 1847 usque
1370 1808 1411 1838 ad
1440 1809 1661 1849 suspendium

955 1855 1154 1893 contristat3
1181 1858 1280 1896 nigro
1304 1867 1383 1889 mox
1411 1860 1568 1901 tristique
1586 1860 1661 1892 refi-

955 1905 1002 1935 cit
1019 1910 1053 1935 et
1068 1916 1086 1936 a
1102 1907 1285 1946 suspendio
1302 1915 1451 1940 revocat.

997 1958 1015 1986 3
1038 1955 1204 1996 Ligustro]
1228 1957 1379 1997 Ligustri
1397 1958 1546 1992 floribus.

996 2009 1015 2036 4
1039 2005 1229 2047 Suspendin]
1256 2008 1348 2039 Hinc
1374 2011 1536 2051 colligere
1569 2013 1659 2054 licet,

953 2055 962 2072 ⁴
977 2056 1160 2095 suspendia
1172 2056 1180 2069 '
1195 2067 1269 2089 esse
1284 2059 1484 2091 invidorum.

980 2108 1085 2140 Epic.
1108 2117 1221 2141 cxvu.
1253 2113 1269 2140 1
1293 2111 1378 2152 Hoc]
1416 2113 1579 2153 Ejusdem
1606 2126 1658 2147 ar-

952 2159 1103 2197 gumenti
1132 2169 1207 2190 cum
1239 2161 1347 2201 epigr.
1378 2165 1449 2194 115.
1481 2165 1542 2195 Est
1568 2166 1656 2197 enim

951 2207 1100 2239 Antullae
1123 2210 1356 2250 Epitaphium,
1383 2222 1516 2254 unaque
1537 2225 1653 2254 pareri-

951 2262 1046 2297 tum;
1074 2258 1173 2300 quem
1191 2270 1319 2292 morem
1344 2268 1379 2293 et
1403 2264 1501 2295 hodie
1519 2265 1655 2298 familiae

949 2317 1099 2348 servant,
1115 2315 1152 2342 ut
1164 2320 1342 2342 commune
1357 2314 1581 2346 conditorium
1599 2326 1656 2347 cu-

950 2364 1038 2391 rent.
1086 2361 1204 2392 Nemus
1228 2366 1345 2393 <eterno
1371 2365 1524 2405 cinerum]
1548 2366 1652 2407 Agel-

949 2410 1017 2441 lum
1033 2420 1107 2442 cum
1126 2412 1202 2442 luco
1219 2413 1275 2454 qui
1297 2414 1470 2454 religionis
1486 2426 1587 2447 causa
1604 2427 1654 2448 se-

950 2462 1098 2502 pulchris
1131 2462 1279 2495 additus.
1324 2464 1482 2502 Sacrarit,
1507 2466 1579 2506 effla]
1611 2467 1650 2497 In

948 2521 1044 2542 usum
1062 2517 1096 2543 et
1122 2512 1281 2544 honorem
1308 2517 1476 2556 sepulchri
1500 2517 1533 2547 in
1552 2522 1649 2548 aeter-

947 2571 1025 2593 num
1039 2563 1136 2593 sacri.

989 2614 1006 2643 3
1033 2613 1104 2643 Cito
1118 2613 1222 2653 raptu]
1240 2615 1421 2647 Deceduut
1440 2618 1647 2658 aevimaturi,

945 2663 1124 2704 rapiuntur
1139 2665 1320 2697 immaturi.
