1866 3131
328 193 375 222 M.
411 191 519 221 vAL.
554 189 827 220 MAR'rlALls
864 189 1023 219 EPIGR.
1059 190 1150 219 [AB.
1184 190 1268 218 vll.

77 288 213 328 mentis,
227 287 446 327 aromatibus,
470 291 504 317 et
526 284 776 327 liquaminibus,

78 341 144 369 διε.

124 392 163 420 10
193 389 401 420 Conturbator
424 387 514 429 aper]
545 387 585 418 In
611 396 677 428 quo
700 395 778 417 con-

79 440 204 471 diendo
215 439 512 471 conturbabuntur
528 437 674 468 rationes
688 446 782 476 meae,

81 497 116 522 et
133 491 373 531 decoquentur
387 498 481 529 opes,
527 487 594 520 Qui
610 486 698 517 enim
714 496 780 517 non

81 547 159 571 suut
196 541 367 580 solvendo,
404 549 514 580 neque
543 548 580 569 se
611 537 782 568 extricare

81 590 273 622 nominibus
310 594 452 630 possunt
489 593 526 619 et
563 596 631 618 aere
657 586 782 624 alieno,

82 643 130 674 illi
147 640 378 678 couturbant;
395 649 457 670 nec
482 639 570 670 enim
593 646 708 668 eorum
733 645 783 666 ra-

82 693 193 724 tiones
208 691 372 731 explicari
400 694 433 720 et
459 689 613 729 expediri
631 691 785 729 possunt.

83 744 225 774 Plautus
240 740 495 781 Amphitryonis
512 740 660 779 Prologo
676 737 784 777 expli-

84 798 140 824 cat
163 792 365 824 contrariam
383 790 517 821 dicendi
534 788 692 828 formam,
708 798 784 819 cum

84 843 216 884 inquit:
238 843 246 859 ‘
262 843 305 873 Et
331 846 368 872 ut
393 851 445 871 res
474 841 688 881 rationesque
714 848 784 869 ves-

86 899 215 924 trorum
229 892 374 923 omnium
385 892 479 922 Bene
488 900 526 921 ex
534 890 651 930 pedire
659 887 785 920 voltis-⁷

87 943 237 974 Turneb.
265 942 320 973 lib.
349 944 378 972 4.
407 951 481 981 cap.
505 945 556 972 15.
605 940 706 971 Vilius
722 948 788 970 esu·

84 995 147 1035 rio]
176 994 319 1024 Minoris
347 996 481 1023 constat
503 990 609 1021 fames
627 1000 714 1027 mea,
740 989 787 1020 vi-

83 1044 158 1074 liori
177 1043 252 1074 cibo
266 1048 428 1074 contenta
440 1046 513 1079 est;
532 1042 659 1071 minore
677 1049 787 1080 sump-

84 1099 121 1124 tu
138 1102 268 1124 coenam
286 1092 365 1122 milii
381 1096 538 1122 constare
556 1090 669 1122 velim.

128 1145 232 1175 Eme.
264 1151 397 1173 xxv111.
425 1142 480 1172 Ad
508 1142 651 1171 Fuscum
682 1139 790 1170 mittit

86 1194 207 1225 librum
222 1192 459 1225 Saturnalibus
486 1191 666 1232 legendum
691 1190 789 1230 etju-

88 1245 283 1277 dicandum.

134 1300 149 1327 1
170 1295 226 1327 Sic
242 1295 428 1334 Tiburtinas,
442 1292 511 1334 δῖα]
527 1293 585 1324 Sic
601 1292 663 1324 tibi
680 1292 792 1323 omnia

88 1348 237 1379 feliciter
265 1347 401 1387 cedant,
430 1355 578 1387 precor;
606 1345 654 1376 sic
686 1346 792 1386 sylva,

90 1409 189 1440 quam
211 1398 336 1429 Tibure
355 1397 473 1436 habes,
489 1406 578 1427 caesa
596 1397 792 1427 revirescat.

90 1449 221 1489 Dianoe]
246 1449 432 1479 Nemorum
456 1447 612 1487 praesidis
635 1456 674 1477 ac
691 1447 790 1478 Deae.

133 1502 151 1530 3
177 1500 245 1530 Nec
271 1497 489 1537 Tartessiacis]
528 1496 602 1528 Nee
627 1497 792 1527 olivetum

92 1554 186 1581 tuum
203 1547 382 1579 fertilitate
399 1548 546 1577 olearum
569 1550 628 1577 aut
643 1546 722 1577 olivi
740 1556 794 1576 co-

91 1600 150 1641 pia
170 1599 271 1629 cedat
286 1597 448 1638 Hispanis
463 1596 573 1628 olivis.
617 1597 794 1626 'rm-tessus

91 1651 251 1683 Straboni
275 1650 396 1681 fluvius
412 1653 474 1687 est,
498 1649 555 1689 qni
578 1648 650 1678 aliis
674 1648 796 1686 Baetis,

93 1702 182 1733 unde
202 1701 337 1732 Boetica
355 1700 452 1740 Hisp.
501 1699 609 1729 Pullus
624 1698 693 1738 lua]
718 1698 798 1729 Olei

93 1752 278 1791 inventrix,
310 1761 399 1792 qua>‚
434 1749 572 1789 reliquis
604 1748 677 1779 Diis
704 1748 799 1779 steri·

95 1804 144 1834 les
177 1802 219 1834 ad
244 1802 391 1842 speciem
408 1800 614 1841 eligentibus
647 1799 797 1838 arbores,

96 1854 202 1884 oleam
220 1862 293 1883 cum
311 1850 432 1890 forma,
461 1855 530 1881 tum
553 1849 679 1888 fructu,
694 1849 796 1889 insig-

95 1914 172 1936 nem
199 1903 352 1943 sumpsit.
392 1902 504 1942 Fusco]
560 1900 706 1932 Videtur
741 1900 797 1931 hic

97 1964 181 1994 esse,
197 1953 238 1984 ad
252 1963 350 1995 quem
367 1952 458 1983 Plin.
473 1953 548 1983 Sec.
562 1952 626 1992 Ep.
641 1954 672 1982 9.
692 1951 751 1982 lib.
765 1953 798 1982 7.

100 2004 257 2046 Trapetis]
275 2003 394 2034 Praelis
405 2002 548 2034 oleariis.
566 2002 680 2034 Gloss
696 2001 799 2032 ‘Tra-

99 2060 229 2096 petum,
260 2054 369 2085 ἐλαιῶν
406 2051 538 2093 μύλσος,
571 2051 798 2092 ἐλαιουργεΐον.’

100 2107 209 2137 Varro
223 2106 278 2136 lib.
294 2108 326 2136 4.
344 2104 387 2135 de
400 2104 499 2144 Ling.
520 2104 595 2134 Lat.
612 2103 799 2142 ‘Trapetes

98 2157 195 2189 molae
232 2156 367 2187 oleariae
403 2156 593 2185 vocantur!
638 2153 799 2184 Sidonius

98 2209 332 2249 Panegyrico:
365 2208 373 2224 ‘
389 2206 532 2247 Oleique
558 2205 702 2246 liquores
725 2204 800 2235 Isse

100 2270 162 2300 per
186 2258 350 2289 attonitas
374 2257 477 2287 bacca
495 2254 667 2295 pendente
686 2258 800 2294 trape-

102 2309 180 2342 tas.’
202 2308 335 2339 Boetica
349 2311 463 2338 autem
491 2305 566 2336 oleo
595 2304 802 2344 abundabat,

101 2369 208 2401 eoque
225 2358 386 2399 pretioso.
412 2355 531 2396 Papin.
558 2355 618 2386 lib.
634 2357 665 2386 2.
682 2355 801 2395 Sylva-

102 2421 195 2441 rum:
218 2410 227 2426 ‘
242 2408 329 2440 Quae
343 2405 515 2437 Tritonide
537 2404 669 2436 fertiles
696 2404 799 2436 Athe-

103 2471 163 2493 nas
188 2459 321 2498 Unctis,
336 2457 482 2497 Boetica,
498 2466 661 2496 provocas
685 2460 800 2496 trape-

103 2511 170 2544 tis)
205 2511 339 2543 Quanta
357 2507 463 2539 fuerit
477 2507 630 2538 Tartessi
647 2506 804 2546 dignitas,

104 2566 231 2593 norunt
258 2561 314 2601 qui
341 2559 382 2589 de
409 2558 541 2589 Boetica
557 2557 739 2599 quidquam
756 2558 803 2588 le·

107 2618 239 2654 gerunt.
278 2610 448 2641 Heruldus.

148 2665 167 2693 4
193 2661 353 2693 Immodicz'
369 2659 465 2699 lacus]
488 2658 600 2694 Pleni,
624 2658 724 2689 immo
753 2667 803 2688 re-

107 2713 296 2744 dundantes
320 2715 430 2741 musto
443 2709 615 2750 lacus,qui
627 2708 805 2748 excipiunt

108 2765 220 2797 vinum
248 2762 392 2803 trapetis
423 2770 629 2802 expressum.
686 2759 803 2800 Epigr.

1415 178 1527 219 1283

827 286 881 314 44.
899 284 954 315 lib.
973 287 1004 316 4.
1019 293 1104 316 vers.
1121 287 1154 316 2.

871 338 889 365 5
916 335 957 365 Te
996 335 1134 366 Fallacia
1173 335 1312 377 laudent]
1357 333 1527 375 Agentem

831 396 960 417 causas.

874 440 894 468 6
917 437 1029 468 Palma
1047 436 1148 477 fores]
1174 438 1295 468 Palma
1325 435 1528 477 affigebatur

825 488 939 529 januis
968 487 1245 525 caussidicormn,
1273 488 1330 528 qui
1357 487 1390 517 in
1417 485 1529 517 causis

834 539 1004 574 vicissent,
1020 548 1118 580 quam
1136 537 1306 568 Ausonius
1333 542 1432 569 vocat
1461 537 1532 577 pal-

834 599 923 620 mam
947 588 1127 620 forensem.
1163 589 1250 619 Vide
1272 588 1342 619 Sat.
1358 591 1390 619 7.
1407 587 1531 619 Juven-

835 650 922 673 verS.
941 643 1015 671 117.
1039 640 1048 658 ‘
1064 640 1194 679 Rumpe
1210 638 1313 668 miser
1337 642 1467 669 tensum
1479 637 1533 677 je„

836 701 909 730 cur,
936 696 974 723 ut
1003 691 1066 723 tibi
1095 692 1181 721 lasso
1209 690 1378 729 Figautur
1407 687 1533 718 virides

837 743 1002 773 scalarum
1020 741 1127 782 gloria
1149 741 1293 781 palmae.'
1339 739 1455 770 Scalas
1480 737 1534 768 hic

837 803 898 833 pro
915 792 1010 824 atlitu
1033 792 1162 830 domus,
1187 792 1257 822 sive
1274 791 1380 830 janua
1396 788 1537 829 accipit,

838 847 876 874 ut
914 843 1096 874 Oratorum
1135 841 1314 882 pauperies
1355 840 1539 879 indicetur,

840 894 894 934 qui
908 903 1000 925 more
1014 892 1160 924 omnium
1176 901 1362 932 pauperum
1379 890 1412 921 in
1427 899 1539 921 coeua·

839 945 923 975 culis
944 943 1155 975 habitabant.
1179 942 1312 973 Her-ald.

881 999 900 1027 7
927 996 1002 1026 Otia
1017 996 1089 1025 dum
1105 994 1236 1032 medius,
1248 993 1316 1033 [swa]
1334 991 1362 1022 Α
1380 991 1489 1022 causis
1503 995 1539 1022 et

840 1046 927 1077 foro.
971 1046 1148 1078 Justitium
1172 1045 1203 1075 in
1225 1045 1275 1075 his
1293 1044 1539 1075 Saturnalibus.

883 1099 902 1126 8
929 1098 1023 1127 Certa
1040 1106 1123 1136 quos,
1141 1095 1208 1135 &ej
1244 1095 1373 1126 Critica
1404 1098 1438 1125 et
1462 1103 1540 1125 cen-

842 1146 941 1178 soria.
985 1145 1092 1185 Jucos]
1117 1145 1234 1185 Epigr.
1250 1145 1322 1175 haec
1347 1154 1433 1176 mea.

884 1198 988 1228 EPiG.
1014 1205 1118 1227 xxix.
1143 1199 1155 1226 l
1193 1196 1387 1226 Tomentum
1413 1194 1542 1234 Voconi]

842 1248 987 1280 Deliciae
1005 1252 1040 1278 et
1056 1256 1164 1284 amor,
1191 1246 1247 1285 qui
1272 1245 1355 1274 risus
1380 1244 1544 1284 lugubris,

843 1298 940 1329 dolor
967 1296 1091 1335 suavis,
1116 1296 1219 1328 timor
1242 1304 1438 1336 generosuS,
1455 1303 1545 1325 mors

843 1349 932 1388 viva,
948 1349 1012 1380 &cu

887 1402 905 1430 3
932 1398 1050 1430 Positis
1070 1397 1207 1439 capillis]
1233 1397 1320 1429 Vide
1353 1396 1471 1438 Epigr.
1490 1399 1543 1428 32.

844 1449 900 1480 lib.
921 1452 949 1481 l.
967 1458 1057 1480 vers.
1075 1451 1105 1479 1.

886 1502 905 1530 4
932 1500 1075 1540 Placeat,
1092 1499 1160 1539 istu]
1182 1498 1261 1530 Prae
1279 1503 1325 1530 te.

888 1553 906 1580 7
932 1551 975 1580 Et
994 1551 1174 1589 Moeceuati,
1194 1549 1264 1589 Esou]
1287 1548 1361 1580 Etsi
1384 1548 1545 1590 capieba-

848 1606 902 1632 tur
914 1601 1060 1632 maxime
1084 1601 1257 1632 Maecenas
1289 1601 1431 1641 Ecloga,
1446 1609 1547 1641 quam

848 1652 1033 1692 scripserat
1058 1651 1178 1691 Virgil.
1194 1651 1237 1681 de
1266 1649 1416 1681 formoso
1443 1650 1544 1681 Alexi

848 1713 946 1745 quem
969 1701 1131 1733 ardebat:
1158 1711 1224 1732 non
1251 1705 1362 1731 tamen
1385 1700 1547 1740 dedigna-

849 1758 902 1784 tus
923 1758 977 1783 est
1005 1757 1040 1783 et
1057 1753 1214 1789 Carmen,
1231 1750 1319 1791 quod
1337 1750 1485 1790 Marsus,
1499 1750 1548 1781 in·

848 1803 952 1834 ferior
984 1802 1100 1843 poeta,
1141 1801 1327 1841 scripserat
1367 1800 1409 1831 de
1453 1800 1550 1832 fusca

849 1853 1045 1885 Mclaenide.
1093 1852 1149 1883 Ita
1166 1861 1229 1882 nec
1246 1851 1366 1882 Victor
1383 1860 1460 1882 mea
1475 1851 1547 1882 haee

850 1904 1102 1944 aspernabitur,
1119 1905 1187 1933 Sec.

893 1958 912 1985 8
938 1954 1083 1985 Meloem's
1098 1952 1181 1992 erat]
1204 1953 1235 1984 A
1251 1950 1395 1991 μέλαινα.

894 2006 998 2036 EP1G.
1016 2012 1120 2035 xxm.
1146 2004 1273 2044 Empta
1301 2003 1388 2042 foro,
1411 2012 1476 2034 non
1501 2002 1548 2033 in-

850 2063 966 2098 empta
982 2056 1096 2087 rurive
1110 2060 1204 2095 nata,
1220 2055 1352 2096 Regulo
1364 2065 1383 2085 a
1399 2064 1434 2085 se
1449 2054 1552 2085 missa

850 2116 990 2140 munera
1003 2106 1064 2138 ait.

895 2162 912 2190 1
940 2157 1069 2198 Raucae]
1092 2156 1143 2188 Ab
1160 2157 1270 2188 avium
1289 2156 1550 2188 domesticarum

852 2218 954 2240 rauco
971 2212 1087 2239 cantu.
1137 2207 1259 2247 Certis]
1294 2207 1456 2238 Pluribus
1481 2212 1551 2236 tec-

851 2261 894 2291 tis
919 2259 988 2289 sive
1012 2258 1114 2288 muris
1138 2261 1258 2296 septa‘,
1282 2256 1389 2287 instar
1403 2255 1551 2296 mapalii-

852 2310 985 2341 Festus.
1023 2306 1052 2338 A
1083 2309 1168 2337 court
1186 2316 1221 2336 or
1245 2306 1366 2336 burlou.
1410 2306 1505 2344 Αυσε,
1522 2308 1552 2335 et

851 2358 922 2399 ova]
946 2357 1104 2393 Gallinae,
1122 2365 1268 2394 ausereS,
1280 2362 1408 2392 anates,
1425 2355 1550 2385 colum-

852 2411 999 2450 bae‚&c.
1028 2408 1184 2448 Matrum]
1222 2407 1443 2447 Gallinarum,
1474 2415 1551 2437 amb

854 2467 935 2494 tum.

896 2515 916 2542 2
941 2511 1055 2542 Flavus
1078 2508 1187 2548 medio,
1208 2508 1278 2548 &eq
1298 2506 1479 2539 Moderato
1497 2516 1552 2537 ca-

854 2563 924 2593 lore
942 2561 1084 2593 siccatas
1098 2558 1182 2589 ficus
1201 2558 1304 2589 Chias
1319 2569 1326 2589 ε
1352 2567 1456 2597 supra
1472 2558 1552 2597 Epi-

855 2622 993 2654 gramm.
1007 2614 1060 2642 24.
1085 2619 1170 2639 verst.
1195 2612 1226 2639 8.
1244 2614 1279 2640 et
1292 2609 1350 2639 lib.
1369 2611 1420 2640 13.
1436 2609 1553 2649 Epigr.

853 2667 908 2696 23.
939 2663 991 2693 vel
1018 2660 1174 2691 hibernas
1196 2663 1230 2690 et
1258 2660 1408 2699 gelatas:
1436 2658 1554 2698 Epigr-

855 2717 907 2745 44.
922 2712 980 2743 lib.
994 2715 1025 2742 4.

899 2759 917 2789 3
943 2753 1079 2793 Foetmn]
1106 2752 1263 2787 Haedum.
1312 2752 1470 2790 Quorum,
1488 2750 1557 2790 fisa]
