1866 3131
606 181 650 207 n.
688 179 795 207 vii..
831 179 1117 210 uAn‘rmris.
1466 176 1578 215 1475

191 273 252 314 M.
278 274 330 316 V.
350 274 580 324 Martialis,
598 274 783 315 Viennae
807 274 931 315 1804.
953 274 1056 316 Svo.
1078 276 1118 316 2.
1134 275 1252 318 Voll.

186 342 492 396 Epigrammes
514 342 566 382 de
590 342 654 382 M.
680 341 736 382 V.
765 341 959 391 Maniai,
981 341 1077 383 Lat.
1099 350 1143 384 et
1175 345 1245 385 Fr.
1268 347 1469 388 nouvelle
1491 354 1576 390 tra·-

128 409 319 450 duction.
379 410 421 451 A
442 410 636 464 Paphos.
655 410 799 450 Paris.
821 410 861 450 3.
886 409 1111 451 Voltsvo.
1133 412 1257 454 1807.

188 477 252 519 Μ.
268 477 323 519 V.
347 477 571 519 Martialis
595 478 751 519 Franc.
765 477 820 518 ad
849 477 993 518 Moen.
1014 478 1142 520 1808.
1164 479 1265 521 Svo.
1324 482 1498 525 Textus
1511 486 1574 525 ni·

128 544 249 585 tidus
271 550 315 586 et
332 545 608 594 emendatus,
631 545 800 598 absque
821 545 955 595 notis,
972 545 1017 585 in
1033 558 1163 587 usum
1184 548 1449 602 scholarum,

185 613 251 653 M.
273 612 333 654 V.
358 613 575 654 Martialis
598 612 941 667 Epigrammata,
972 626 1031 654 ex
1052 615 1316 668 optimarum
1335 618 1572 661 editionum

127 680 362 721 collatione
385 680 662 721 concinnata.
719 680 861 721 Lond.
883 680 1009 722 1816.
1031 680 1174 723 18ιηο.

183 747 482 801 Epigrammes
509 748 561 788 de
585 748 648 788 M.
672 747 727 788 V.
766 748 961 790 Martial.
996 749 1267 792 Traduction
1300 754 1500 794 nouvelle
1530 760 1575 796 et

125 815 361 868 complete,
397 829 477 869 par
507 815 555 855 E.
584 815 636 855 T.
660 815 825 856 Simon.
886 816 1013 857 Avec
1041 816 1080 857 le
1114 822 1232 860 texte
1260 819 1405 870 Latin,
1427 826 1470 862 et
1492 823 1572 864 des

123 887 267 931 notes,
284 886 327 922 et
347 882 413 923 les
436 882 655 923 meilleurs
676 883 917 924 imitations
947 897 998 924 en
1033 897 1127 926 vers
1150 886 1375 940 FrancaiS.
1427 889 1570 932 Paris.

124 947 251 989 1819.
273 949 312 990 3.
338 950 440 990 voll.
462 950 563 990 Svo.

125 1014 241 1056 Inter
272 1030 325 1057 ea
355 1031 454 1070 quae
481 1018 701 1058 Martialis
732 1020 1052 1073 epigraminata
1100 1022 1309 1075 quaedam
1353 1026 1571 1079 complec-

238 1088 397 1135 tuntur,
431 1086 499 1126 vel
535 1086 735 1140 ejusdem
769 1093 872 1128 sunt
907 1089 1192 1140 imitationes,
1219 1091 1315 1132 haeo
1340 1094 1571 1146 sequentia

238 1159 526 1194 numerentur.

181 1219 377 1261 Flowres
399 1221 449 1260 of
464 1220 769 1272 Epigrammes
790 1226 871 1260 out
891 1222 944 1260 of
958 1223 1135 1264 sundrie
1154 1224 1228 1266 the
1248 1230 1361 1267 most
1381 1227 1573 1279 singular

123 1286 318 1335 authors,
339 1286 532 1326 selected
560 1287 621 1338 by
640 1285 864 1326 Timothie
893 1287 1101 1338 Kendall‚
1123 1290 1208 1331 late
1229 1293 1281 1332 of
1295 1293 1366 1333 the
1387 1294 1572 1336 Univer-

121 1355 223 1396 sitie
240 1353 291 1394 of
304 1351 487 1393 Oxford.
547 1350 769 1401 Quaedam
789 1353 836 1393 in
856 1354 938 1395 hac
971 1356 1231 1398 collectione
1264 1364 1363 1400 sunt
1393 1361 1571 1402 editoris

120 1425 163 1462 et
182 1419 447 1473 interpretis,
470 1419 559 1459 alia
579 1418 782 1469 aliorum,
803 1420 991 1473 plurima
1012 1436 1113 1464 vero
1136 1424 1366 1467 Martialis.
1428 1427 1570 1471 Lond.

122 1488 249 1530 1577.
270 1487 410 1528 16mo.
453 1486 654 1536 Warton,
678 1486 800 1527 Hist.
822 1488 949 1529 Poe't.
974 1488 1076 1531 Vol.
1102 1502 1176 1532 111.
1200 1506 1242 1546 p.
1256 1494 1354 1534 452.

177 1555 411 1609 Epigrams
433 1554 484 1594 of
496 1554 674 1594 Martial
694 1555 931 1596 translated
964 1556 1056 1598 into
1079 1557 1259 1612 English
1285 1561 1344 1615 by
1370 1560 1428 1603 R.
1450 1563 1572 1605 Flet·

122 1623 237 1665 cher.
298 1622 415 1663 Inter
442 1621 538 1662 haec
562 1623 810 1662 merantur
830 1624 954 1664 varia
977 1624 1120 1677 ipsius
1141 1626 1406 1681 interpretis.
1430 1629 1569 1673 Lond.

122 1691 251 1732 1650.
275 1691 374 1732 Svo.

179 1757 367 1799 Marcial
390 1758 627 1807 Redivivo,
660 1756 924 1811 Hispanice.
987 1759 1236 1802 Bilbilitani
1264 1763 1400 1804 nostri
1424 1764 1570 1817 po'e’tae

121 1824 194 1867 hic
213 1825 424 1879 interpres
446 1830 515 1867 est
548 1826 652 1867 Don
683 1823 877 1867 Antonio
898 1826 1123 1868 Gonzalez
1153 1828 1208 1869 de
1229 1828 1375 1880 Salas,
1399 1831 1570 1886 Hispa-

123 1905 222 1934 nus.
284 1893 388 1934 Non
404 1894 533 1934 vertit
556 1893 705 1934 omnia
726 1892 963 1946 Martialis,
987 1895 1069 1936 sed
1087 1908 1141 1937 ea
1160 1900 1334 1938 tantum
1354 1911 1455 1951 quae
1474 1901 1570 1942 visa

123 1964 224 2002 sunt
250 1962 573 2014 praestantiora.
634 1961 759 2001 Idem
780 1966 847 2003 est
871 1964 940 2003 cui
971 1963 1172 2005 tribuitur
1192 1965 1336 2006 versio
1357 1966 1502 2008 Persii
1524 1969 1569 2008 in

119 2027 268 2082 lingua
286 2028 556 2079 Castellana,
576 2034 622 2068 et
649 2028 726 2081 qui
753 2029 1001 2082 publicavit
1034 2030 1234 2072 Parnaso
1261 2032 1315 2072 de
1338 2031 1569 2085 Quevedo,

123 2094 302 2149 Ensayo
339 2096 392 2136 de
433 2109 519 2136 una
559 2096 839 2139 Bibliotheca
877 2096 931 2137 de
968 2097 1262 2139 Traductores
1302 2098 1567 2153 Espamles,

121 2165 199 2204 διο.
230 2177 274 2217 p.
295 2163 390 2204 100.

180 2239 232 2281 In
250 2244 261 2260 ‘
275 2240 369 2281 The
389 2240 555 2283 XVorks
569 2241 621 2282 os
637 2241 720 2283 Mr.
741 2242 933 2285 Thomas
947 2243 1119 2292 Brown‚
1141 2244 1307 2286 serious
1326 2245 1409 2287 and
1431 2246 1568 2286 comi-

124 2307 225 2357 cal,’
242 2308 283 2348 4.
307 2309 408 2349 voll.
432 2309 572 2350 Lond.
600 2311 741 2351 12m0.
772 2311 908 2352 multa
928 2316 1032 2352 sunt
1053 2311 1283 2353 Martialis.

178 2374 323 2416 Multa
354 2376 485 2416 etiam
516 2377 737 2418 Martialis
770 2380 1087 2432 epigrammata
1116 2380 1280 2421 selecta
1312 2382 1355 2420 et
1378 2378 1565 2432 Anglice

123 2454 254 2483 versa
285 2445 386 2482 sunt
414 2455 440 2483 a
470 2442 572 2484 Gul.
606 2444 728 2498 Hay,
766 2459 867 2486 cum
897 2446 1155 2500 Appendice
1185 2447 1430 2488 continente
1459 2446 1566 2489 Abr.

123 2508 298 2551 Couleii
343 2514 385 2550 et
430 2510 611 2551 aliorum
658 2511 984 2565 Epigrammata
1027 2526 1084 2554 ex
1131 2513 1337 2555 Martiale
1381 2514 1566 2568 Aug-lice

122 2588 266 2618 versa.
344 2578 458 2619 Duae
500 2582 600 2619 sunt
639 2578 856 2620 editiones
896 2580 1027 2634 hujus
1069 2582 1246 2635 operis:
1297 2593 1386 2622 una
1424 2581 1565 2627 Lond.

120 2642 247 2685 1755.
282 2644 380 2685 Svo.
418 2643 549 2698 Angl.
587 2645 681 2687 sine
717 2645 812 2687 Lat.
848 2648 982 2688 altera
1014 2661 1112 2689 cum
1148 2648 1243 2689 Lat.
1277 2649 1319 2688 in
1354 2661 1453 2702 pag.
1486 2661 1567 2702 op-

128 2712 290 2763 posita,
313 2712 456 2755 12mo‚
519 2712 690 2755 Rursus
710 2713 843 2756 etiam
867 2714 983 2756 edita
1007 2720 1107 2755 sunt
1126 2716 1171 2755 in
1190 2715 1325 2768 Ilayii
1347 2716 1565 2768 operibus,v
