1866 3131
440 185 486 213 M.
520 185 632 214 VAL.
668 180 939 213 MARTIALIS
977 183 1132 213 EPIGR.
1170 185 1258 214 [ΑΒ.
1286 187 1347 214 iv.

175 289 245 310 rum
277 284 477 319 ostentator,
505 290 559 311 me
585 289 690 321 usque
706 277 866 310 obtundis

175 331 374 361 recitatione
392 336 523 361 tuorum
541 340 624 371 quos
646 330 796 360 nominas
812 328 867 359 de·

175 382 333 421 bitorum‚
347 383 554 422 pensionum,
570 385 605 412 et
621 380 804 420 redituum,
820 380 865 410 in·

174 432 302 471 quiens,
325 435 333 450 ‘
347 433 489 463 Centum
507 431 639 462 Coi-an!
654 433 718 462 «Sec.

216 487 234 513 8
260 484 410 513 Numeres
431 486 562 522 oportet,
587 481 653 522 Era]
693 481 782 512 Nolo
809 481 869 512 nii·

173 533 204 563 hi
224 542 378 563 numeres
405 532 576 563 debitores
591 533 648 563 hos
665 537 741 562 tuos
766 536 801 562 et
818 541 867 563 re-

172 585 276 623 ditum,
288 584 348 615 sed
358 584 436 615 mihi
448 593 586 615 numera
596 583 740 624 pretium
751 583 871 614 moles-

174 636 231 666 tiae
254 640 289 667 et
307 635 482 675 patientiae
509 635 543 666 in
568 634 745 666 audiendis
775 634 869 665 vanis

174 686 239 716 tuis
263 685 559 717 ostentationibus.

216 737 321 767 Eme.
338 745 502 768 xxxvm.
527 740 542 767 l
572 737 783 775 Gallamega,
798 735 868 775 Bra]

172 788 291 818 Monet
315 788 446 819 Gallam
470 793 508 819 ut
533 787 740 829 aliquamdiu
756 790 870 828 neget,

170 849 211 870 ne
227 839 360 870 scilicet
375 839 519 870 satietur
534 848 627 870 amor
642 849 652 876 ;
675 843 869 869 nontamen

171 895 349 929 perneget,
366 889 454 930 quod
471 895 563 921 esset
581 894 742 930 torquere
759 888 869 920 nimis.

172 939 334 979 Ejusdem
365 940 554 980 argumenti
577 944 630 971 est
655 940 870 980 Epigramma

169 993 221 1021 58.
237 991 323 1021 libro
340 994 370 1021 1.
394 996 430 1022 et
458 991 558 1031 infra,
583 994 635 1023 82.
664 991 774 1031 Galla,
794 991 871 1022 lena

172 1041 362 1079 Ovidiana3
386 1043 396 1059 ‘
410 1043 511 1083 Saepe
528 1052 617 1083 nega
638 1047 789 1081 noctem,
803 1043 866 1073 διο.

171 1093 255 1123 Mox
273 1092 401 1133 recipe,
428 1097 465 1122 ut
487 1093 614 1124 nullum
632 1092 785 1133 patiendi
802 1092 870 1124 col-

170 1142 254 1182 ligat
271 1142 391 1179 usum,'
412 1145 475 1174 &a
504 1143 599 1183 Eleg.
621 1146 652 1173 S.
678 1143 736 1174 lib.
752 1142 869 1173 Amor.

171 1196 199 1224 1.
216 1198 249 1223 et
264 1193 337 1233 ipse
356 1193 465 1224 Po'eta
481 1196 512 1224 3.
526 1193 568 1224 de
584 1192 680 1224 Arte.
723 1193 732 1210 ‘
746 1193 870 1224 Dulcia

169 1253 233 1275 non
251 1243 402 1283 ferimus,
430 1254 530 1274 succo
561 1253 761 1275 renovamur
779 1254 868 1275 ama-

171 1295 230 1335 ro‚’
246 1298 309 1326 διο.
338 1295 427 1326 Vide
455 1300 490 1325 et
507 1294 725 1335 Epigramma
740 1297 793 1325 82.
819 1294 868 1325 in-

171 1346 235 1384 fra,
252 1352 288 1377 et
304 1350 357 1377 58.
371 1346 428 1377 lib.
441 1347 469 1378 1.
486 1351 522 1377 et
539 1347 677 1377 Ausonii
692 1347 869 1387 Epigram-

171 1406 225 1427 ma
248 1400 301 1428 38.
330 1401 366 1428 et
396 1396 536 1428 Anthol.
574 1396 660 1427 libro
689 1400 720 1428 7.
747 1397 869 1438 Epigr.

171 1448 366 1488 Κνγχλίζεις,
378 1451 441 1479 Sec.

212 1500 314 1530 Eme.
345 1507 481 1530 xxxrx.
520 1498 658 1530 Charini
686 1508 722 1529 os
753 1498 871 1529 verbe-

172 1553 223 1580 rat
250 1550 312 1581 hoc
339 1550 612 1590 Epigrammate:
637 1554 672 1580 et
694 1554 871 1580 enumerat

169 1601 262 1631 varia
278 1601 387 1631 caelati
404 1600 537 1640 argenti
548 1609 686 1639 genera,
701 1609 775 1640 quae
795 1609 869 1639 pos-

171 1651 273 1681 sideri
292 1662 310 1681 a
325 1651 471 1682 Charino
496 1650 592 1688 (licit,
608 1655 643 1680 et
660 1650 792 1680 interea
810 1650 869 1679 mi-

171 1706 278 1738 ratur,
312 1711 378 1731 nou
409 1710 481 1731 esse
526 1705 702 1740 argentum
736 1709 869 1739 purum.

171 1751 258 1781 Vide
277 1751 332 1781 iil».
352 1755 382 1782 1.
400 1752 518 1791 Epigr.
532 1754 585 1781 75.
607 1751 761 1780 [t'amz'res.

218 1805 231 1831 l
258 1802 406 1838 Argenti,
428 1800 496 1840 lya]
521 1800 617 1830 Facti
643 1800 713 1830 scil.
744 1799 776 1830 id
803 1804 868 1837 est,

172 1861 323 1882 vasorum
341 1856 475 1890 argent.

214 1906 233 1932 2
262 1903 301 1932 Et
313 1902 405 1940 solus,
417 1900 483 1940 Sym]
507 1900 670 1931 Gloriaris
683 1904 716 1930 te
730 1899 867 1937 habere,

170 1954 221 1984 vel
247 1954 431 1993 diligenter
462 1957 498 1983 et
520 1952 620 1982 anxie
647 1951 707 1982 tibi
732 1960 866 1990 eompa-

169 2004 262 2043 rasti,
291 2013 372 2035 vasa
401 2003 589 2042 archetypa
613 2003 735 2032 caelata
752 2006 785 2031 et
801 2001 868 2031 ela-

169 2055 292 2085 borata
321 2054 363 2085 ab
392 2054 442 2084 his
470 2053 640 2083 nobilibus
669 2051 869 2089 artificibus,

169 2107 330 2146 Myrone,
359 2105 462 2135 Prax.
483 2106 550 2134 Sec.
581 2103 623 2134 ile
651 2102 772 2143 quibus
799 2102 867 2131 Pli-

169 2156 241 2185 nius
258 2155 315 2185 lib.
333 2158 385 2185 34.
414 2164 490 2194 cap.
514 2156 545 2184 8.
590 2152 752 2194 Myronis]
777 2152 870 2182 Prae-

172 2206 253 2237 clari
270 2206 316 2236 illi
331 2204 480 2236 artifices
497 2204 655 2245 operibus
668 2205 736 2234 suis
748 2212 870 2234 nomen

170 2258 408 2297 insculpelmnt
425 2268 532 2288 suum.
565 2258 687 2289 Senee.
705 2257 764 2287 lib.
781 2260 810 2287 l.
827 2256 870 2287 (le

168 2309 356 2349 'l'rauquilh
375 2309 478 2347 Vitae,
491 2318 567 2349 cap.
591 2312 621 2339 l.
647 2311 655 2326 ‘
672 2310 795 2341 Placet
811 2307 870 2338 mi-

170 2360 275 2391 nister
299 2360 449 2391 incultus
468 2365 504 2390 et
525 2360 617 2390 rudis
640 2363 792 2400 vernula,
818 2373 868 2394 ar-

169 2416 305 2450 gentum
325 2420 427 2450 grave
444 2411 561 2441 rustici
578 2412 695 2452 patris,
711 2413 783 2444 sine
801 2415 869 2445 ullo

168 2472 272 2503 opere
285 2467 319 2493 et
336 2463 469 2492 nomine
482 2461 644 2493 artificis.’
676 2464 810 2495 Herum.

212 2516 230 2543 4
254 2512 496 2552 Pl1511i1101',55c.]
520 2512 719 2545 Phidiacum
745 2516 868 2546 caelnm

169 2563 335 2603 appellat,
355 2563 433 2603 quia
459 2563 650 2594 toreuticen
666 2564 723 2596 ille
740 2566 867 2606 primus

168 2615 304 2654 aperuit
320 2622 359 2644 ae
373 2612 630 2644 demonstravit.
670 2614 735 2646 Ars
753 2622 864 2648 toreu-

168 2665 236 2695 tice
249 2669 314 2702 est,
329 2674 403 2705 quae
420 2668 624 2704 toreumata,
652 2665 684 2695 id
706 2672 770 2706 est,
787 2678 868 2699 vasa

168 2717 287 2747 ‹zaelata
300 2725 341 2747 ex
359 2720 502 2754 argento
517 2715 609 2747 facit.
645 2716 713 2747 Hic
730 2719 867 2758 proprie

171 2772 321 2797 toreuma
352 2766 394 2796 (le
427 2772 568 2806 argento
606 2768 726 2799 caelato
751 2770 867 2809 sigillis

1506 177 1619 218 1205

918 278 1104 318 exsculptis
1118 285 1153 310 et
1166 280 1358 321 expressis:
1378 285 1446 312 tum
1462 290 1523 322 pro
1536 292 1615 322 quo-

920 327 966 358 vis
984 330 1106 368 poculo
1123 331 1175 360 vel
1192 332 1317 372 scypho
1335 332 1437 363 etiam
1461 333 1617 373 usurpari

920 379 1018 410 solet.
1042 380 1175 411 Salmas.
1216 383 1316 414 Libro
1333 387 1362 415 3.
1378 384 1552 425 Epigratn.
1567 387 1620 415 35.

923 430 1016 470 Coeli]
1036 430 1112 461 Stili
1128 432 1318 471 sculptorii.

962 484 981 510 5
1006 481 1184 512 ,Mentoreos
1211 483 1341 523 labores]
1372 485 1509 516 Mentor
1524 485 1617 517 nobi-

921 531 961 562 lis
978 536 1125 563 toreuta.
1140 532 1289 573 Labores]
1313 534 1458 575 Proprie
1471 536 1561 567 enim
1575 536 1618 566 de

921 582 1085 612 caelatura
1110 583 1214 614 labor.
1259 584 1315 614 Sic
1347 586 1518 617 Martialis
1533 586 1619 618 libro

922 635 953 663 8.
977 633 1098 673 Epigr.
1125 637 1177 664 51.
1200 634 1208 649 ‘
1223 634 1305 667 Quis
1322 635 1458 666 laborin
1477 635 1619 676 phiala?'

922 682 1012 713 Hinc
1029 683 1184 714 laboriosi
1201 685 1376 716 caelatores
1393 687 1493 726 vulgo
1505 686 1601 718 dicti.

964 736 983 763 6
1012 733 1106 773 Vera]
1147 734 1224 765 Nou
1263 735 1465 767 adulterina.
1500 736 1542 768 P.
1564 737 1622 767 Pi-

923 782 1029 813 thoeus
1045 793 1122 824 cap.
1140 787 1191 815 16.
1209 784 1265 816 lib.
1284 788 1313 816 1.
1338 785 1522 818 Adversar.
1536 787 1621 827 legit

921 833 1020 864 Bera.
1066 834 1134 866 Alii
1157 835 1283 866 habent
1298 836 1390 868 Vasa.
1429 837 1623 879 Grantiana]

920 883 989 914 Alii
1005 885 1125 924 legunt
1140 885 1309 926 Gratiana,
1322 897 1363 918 ex
1380 887 1471 919 Plin.
1490 887 1550 919 lib.
1567 891 1621 920 33.

921 944 998 975 cap.
1016 939 1065 967 ll.
1102 937 1316 976 Legendum:
1354 939 1423 969 Nec
1437 940 1546 971 desunt
1562 940 1622 970 tibi

920 997 993 1018 vera
1010 988 1179 1019 Gentiana.
1225 989 1412 1030 Perperam
1428 990 1529 1022 hodie
1545 991 1622 1023 Gla-

919 1039 1014 1070 niana
1029 1041 1192 1081 scriptum
1210 1046 1262 1072 est
1279 1041 1313 1072 in
1330 1041 1445 1073 multis
1463 1042 1619 1073 editioni-

920 1089 997 1128 bus,
1014 1094 1173 1130 tanquam
1190 1089 1231 1121 de
1249 1090 1391 1121 taberna
1408 1091 1539 1122 Glauii:
1562 1101 1619 1123 ne-

920 1148 974 1169 mo
991 1144 1103 1170 tamen
1119 1140 1232 1180 hodie,
1249 1151 1323 1181 quae
1340 1141 1395 1172 illa
1409 1143 1474 1172 sint
1488 1143 1620 1174 Gentia-

919 1199 972 1229 na,
988 1190 1162 1230 intelligit.
1211 1193 1369 1223 Gentiana
1394 1193 1517 1233 pocula
1532 1198 1623 1233 sunt,

921 1251 993 1282 quae
1033 1242 1065 1272 iu
1108 1242 1228 1273 castris
1266 1242 1445 1274 Gentiauis
1481 1243 1620 1275 fiebant.

920 1292 1042 1323 Castra
1058 1302 1138 1323 vero
1166 1292 1336 1324 Gentiana
1351 1294 1384 1324 in
1409 1294 1554 1333 septima
1570 1304 1619 1325 re-

921 1343 1020 1382 gione
1034 1347 1205 1383 ponuntur
1222 1353 1241 1374 a
1259 1344 1301 1376 P.
1318 1344 1471 1375 Victore.
1517 1344 1623 1375 Vicus

921 1403 1001 1424 vero
1018 1394 1206 1425 Gentianus
1233 1395 1361 1426 dicitur
1386 1396 1494 1426 Sexto
1519 1394 1622 1426 Rufo.

921 1446 1005 1476 Quae
1023 1445 1127 1485 igitur
1150 1446 1184 1476 in
1209 1446 1266 1476 illo
1281 1447 1355 1477 vico
1373 1447 1545 1478 Gentiano
1565 1446 1623 1478 fie-

922 1495 1015 1535 bant,
1037 1496 1211 1527 Gentiana
1228 1497 1328 1528 (licta.
1361 1498 1493 1528 Salmas.

962 1550 981 1577 7
1008 1548 1156 1585 Callaico,
1190 1548 1257 1588 εγω]
1296 1547 1484 1588 Hispanico
1522 1547 1624 1578 deau-

922 1602 1040 1628 rantur
1056 1598 1192 1628 metallo
1209 1609 1218 1629 2
1240 1603 1277 1629 ut
1300 1599 1554 1639 Epigrammate
1569 1602 1623 1629 95.

921 1648 997 1679 libri
1021 1651 1072 1679 14.

963 1702 983 1729 S
1006 1698 1203 1739 Anaglyptn]
1236 1700 1323 1730 Vasa
1347 1700 1379 1730 in
1402 1700 1622 1740 asperitatem

921 1749 1048 1787 excisa,
1065 1759 1186 1789 aspera
1209 1750 1312 1789 siguis
1324 1750 1620 1782 extuberautibus.

922 1800 972 1829 De
1000 1801 1155 1840 paternis]
1193 1801 1392 1831 Laudautur
1419 1801 1548 1841 quippe
1574 1802 1616 1833 ab

921 1850 1128 1890 antiquitate
1144 1851 1231 1890 ipsa.

964 1903 1004 1931 10
1031 1901 1163 1940 Pur-um]
1184 1901 1250 1931 Hie
1266 1901 1528 1941 Epigrammatis
1544 1911 1624 1933 acu·

920 1960 997 1981 men
1023 1957 1057 1982 et
1073 1961 1208 1992 scopus.
1256 1952 1385 1983 Purum
1401 1953 1489 1984 enim
1503 1963 1621 1994 argen-

919 2006 989 2033 tum
1004 2002 1193 2042 dicebatur,
1210 2013 1276 2033 non
1293 2004 1449 2034 cariatum
1465 2015 1472 2034 :
1497 2004 1622 2043 sed‚ab

919 2053 1088 2093 ambiguo,
1103 2054 1291 2094 exprobrat
1315 2055 1463 2086 Charino
1487 2055 1623 2097 (Epigr.

920 2107 973 2136 78.
998 2105 1083 2136 libro
1110 2105 1157 2145 l.)
1182 2106 1247 2136 oris
1264 2106 1507 2147 impuritatem,
1523 2117 1541 2137 a
1557 2117 1623 2148 quo

923 2165 1002 2185 vasa
1028 2156 1101 2186 haec
1117 2157 1229 2186 omnia
1246 2157 1572 2197 conspurcabantur,
1587 2162 1624 2188 et

923 2211 959 2236 ut
976 2207 1023 2236 ita
1039 2206 1147 2236 (licam
1165 2207 1430 2246 impurabantur.

970 2258 1073 2288 Erro.
1092 2265 1147 2287 XL.
1174 2260 1187 2287 1
1219 2257 1330 2296 Atria]
1354 2257 1487 2296 Ingrati
1519 2256 1622 2288 animi

921 2308 1049 2338 crimen
1065 2307 1184 2347 objicit
1198 2307 1381 2345 Postumo,
1406 2317 1506 2347 quem
1521 2317 1623 2347 quum

924 2358 1069 2399 triginta
1110 2366 1214 2386 annos
1246 2366 1430 2397 pauperem
1453 2357 1625 2398 coluisset,

924 2408 1053 2439 relictis
1070 2408 1144 2438 aliis
1159 2407 1317 2438 divitibus
1335 2407 1498 2448 patronis,
1524 2408 1620 2439 dives

917 2462 989 2502 jam
1006 2464 1040 2490 et
1053 2464 1174 2499 potens
1187 2457 1313 2498 factus,
1324 2457 1410 2489 nihil
1422 2458 1542 2489 Poetae
1557 2459 1622 2489 lar-

921 2511 1089 2551 giebatur.
1109 2509 1315 2548 Expostulat
1327 2508 1442 2549 itaque
1454 2519 1528 2539 curn
1541 2510 1623 2540 For-

922 2568 1015 2600 tuna,
1041 2570 1116 2600 quae
1160 2560 1358 2590 Postumum
1400 2560 1623 2600 impostorem

920 2613 1094 2643 beaverat.
1139 2610 1293 2640 Ramires.
1316 2609 1404 2640 Vide
1433 2610 1551 2650 Epigr.
1568 2613 1622 2642 90.

918 2664 1002 2694 libro
1019 2666 1050 2693 2.
1067 2670 1156 2692 vers.
1170 2665 1203 2691 5.
1231 2661 1391 2701 Pisonum]
1418 2661 1623 2692 Clarissima!

920 2715 1057 2747 familiae
1077 2713 1176 2743 Rom.
1203 2712 1335 2743 Stabant
1356 2711 1439 2752 cum]
1462 2713 1623 2744 Florebat

921 2767 978 2797 illa
996 2765 1114 2796 (lomus
1132 2763 1341 2805 patebatque
1358 2764 1438 2795 mihi
1452 2763 1493 2796 ad
1511 2765 1624 2796 amici-
