1866 3131
242 199 354 240 1110
699 204 839 235 NOTAE

239 305 415 336 innatabis:
444 303 591 344 alioquin
623 302 765 332 otiosum
796 301 939 331 alterurn

241 355 347 386 fuerit
364 353 566 394 epithetum,
586 357 621 382 ct
635 351 693 382 fini
710 351 828 391 prioris
851 350 940 380 vocis

239 404 371 435 initium
403 403 576 444 sequentis
604 401 792 433 accrevisse
824 401 939 431 verisi-

239 453 318 484 mile
332 459 396 484 est.
442 452 614 483 Heraldus
628 458 738 483 tamen
756 452 838 491 legit
854 451 939 491 Tepi-

239 505 322 543 dum,
345 508 380 534 et
398 503 477 533 nihil
494 503 580 534 dicit
595 503 728 534 obstare
746 513 810 543 quo
831 502 938 532 minus

239 554 301 584 lene
325 552 470 585 ἐπιθέτως
495 554 661 585 tribuatur
683 554 770 591 vado,
786 553 938 593 quamvis

240 604 393 644 tepidum
422 610 650 645 praeponatur.
707 605 827 644 Neque
850 603 937 633 enim

238 664 361 685 novum
389 659 452 694 est,
477 654 542 685 duo
564 654 717 694 epitheta
743 653 851 684 eidem
868 652 937 682 dic-

238 702 324 733 tioni
340 703 492 744 adjungi,
508 703 595 744 quod
608 703 741 735 Graecis
758 702 937 733 usitatissi-

237 763 326 785 mum
353 759 416 785 est.
463 754 670 795 Lencssetiam
697 753 939 784 adverbialiter

237 804 396 844 accipere
415 810 524 845 potes.
570 805 617 835 ct
643 810 755 834 autem
784 813 844 844 pro
861 804 937 834 navi

237 854 438 895 accipiatur,
463 854 552 895 quod
575 855 691 884 volunt
709 855 767 884 viri
786 854 939 884 doctissi-

236 904 300 942 mi3
325 910 360 935 et
387 910 424 936 ut
453 905 632 945 aliquando
660 905 840 945 accipitur,
864 905 938 935 heic

235 955 315 986 mihi
348 956 548 995 persuaderi
586 957 712 997 nequit.
761 957 846 987 Nam
880 966 937 987 na-

236 1007 385 1038 tantibus
404 1008 484 1048 quid
502 1008 567 1038 lene
585 1017 644 1038 seu
661 1008 751 1047 navi,
776 1014 834 1039 aut
847 1018 936 1049 cym-

234 1057 278 1088 ba
293 1067 377 1096 opus
394 1059 468 1088 est?

279 1110 319 1138 10
342 1108 512 1148 Mollesque
539 1109 754 1148 nympharum,
780 1107 850 1148 [γα]
876 1109 937 1139 La-

235 1167 293 1188 cus
314 1158 403 1188 enirn
427 1159 594 1198 Nymphis
618 1160 716 1191 sacri:
739 1166 773 1190 et
789 1160 938 1200 nympha

233 1208 327 1248 quasi
343 1208 489 1249 lympha.
505 1208 634 1249 Molles]
648 1210 725 1240 Non
738 1210 863 1250 rapidi,
876 1209 935 1240 sed

232 1258 357 1289 leviter
389 1264 609 1299 stagnantes:
641 1265 677 1291 et
706 1260 812 1290 omnis
850 1270 937 1301 aqua

231 1309 355 1340 mollis.

275 1361 313 1390 ll
354 1360 530 1391 Remissum
556 1360 678 1402 corpus]
706 1361 804 1392 AEstu
837 1362 936 1401 longo

230 1409 389 1440 solutum.
403 1410 607 1450 Adstringas]
620 1410 832 1451 Refrigeres:
848 1422 936 1443 mea-

229 1463 284 1490 tus
298 1459 386 1490 enim
400 1462 552 1501 corporis
563 1462 692 1493 claudit
702 1461 827 1502 frigida
840 1473 936 1505 aqua.

231 1509 346 1550 Brevi]
365 1511 442 1541 Non
459 1511 542 1542 alto.

274 1562 313 1590 12
337 1560 459 1601 Stilone,
484 1561 554 1601 ἐγω]
587 1562 752 1602 Fl.juxta
775 1563 937 1608 Bilbilim,

229 1618 294 1649 quo
313 1614 539 1649 temperatum
554 1613 782 1652 estoptimum
800 1613 936 1654 ferrum,

229 1660 325 1700 cujus
343 1661 389 1691 ibi
406 1667 551 1693 secturae
569 1664 736 1703 plurimae.

270 1713 308 1741 18
335 1712 465 1750 Nemea,
481 1713 549 1753 fisa]
575 1714 662 1744 Fons
678 1715 912 1754 gelidissimus.

270 1763 310 1791 19
348 1762 530 1803 December]
574 1764 642 1794 Pro
683 1765 754 1805 ipsa
799 1766 932 1806 hyeme.

228 1809 395 1851 Ιιηροίεηε,
411 1813 480 1852 εγω]
505 1813 847 1847 Metou.efficieutis:
873 1828 932 1847 sae-

231 1871 284 1893 va.

267 1914 308 1942 20
334 1912 437 1943 Rauca
451 1914 588 1954 mugiet]
620 1916 801 1947 Fremente
818 1922 852 1948 et
870 1927 932 1948 sae-

225 1961 355 1993 viente.

266 2016 304 2044 21
331 2014 466 2055 Aprica]
502 2016 636 2056 Calida,
665 2017 727 2047 soli
758 2019 929 2058 exposita.

226 2064 410 2095 Tarraconis
426 2066 550 2106 littora]
567 2067 635 2097 Sub
650 2067 803 2108 hyemem
819 2079 866 2101 sc.
880 2080 929 2100 se-

224 2113 324 2144 cedes
357 2114 600 2155 Tarraconem,
624 2118 709 2152 caelQ
738 2123 928 2159 temperato

222 2169 257 2194 et
275 2165 434 2196 clementi
453 2167 653 2206 subjectam.

265 2217 306 2245 22
336 2215 515 2256 Laletania]
549 2218 603 2248 De
637 2218 806 2250 Laletanis
836 2220 926 2252 Pliu.

225 2265 246 2296 l.
263 2267 294 2296 3.
311 2275 340 2297 c.
355 2268 386 2297 3.

262 2318 302 2346 23
328 2316 379 2346 Ibi
395 2317 550 2358 illigatas]
568 2318 655 2350 Vide
676 2319 825 2352 Turneb.
840 2322 925 2354 libro

223 2365 282 2397 ult.
299 2375 375 2406 cap.
390 2368 451 2398 ult.

261 2418 302 2446 24
348 2416 463 2448 Vernos
489 2419 593 2459 apros]
634 2419 775 2451 Mallem
815 2432 924 2454 vernas

217 2475 318 2504 apros,
336 2466 424 2505 quod
453 2473 487 2498 et
513 2468 659 2507 probant
683 2470 864 2502 Turnebus
889 2478 923 2504 et

218 2514 398 2547 Gruterus.
453 2517 559 2548 Vernoe
586 2526 697 2549 autom
731 2522 813 2560 apri,
845 2530 921 2554 suut

216 2564 386 2606 indigena*
401 2574 434 2598 ct
455 2569 484 2598 iu
501 2570 637 2600 vivan-iis
654 2572 735 2602 uati.

257 2619 297 2646 25
325 2617 458 2656 Ii'umpes
474 2619 563 2659 equo]
584 2621 743 2661 Frangm,
761 2627 796 2653 ut
819 2633 921 2664 supra

217 2675 272 2706 ep.
288 2670 341 2698 23.
362 2669 413 2699 vcl
440 2677 561 2702 venatu
581 2672 765 2704 delassabis
783 2680 817 2705 et
833 2685 919 2706 occi-

214 2717 285 2748 des.
304 2728 358 2759 ep.
379 2723 427 2751 14.
447 2721 466 2751 l.
487 2725 535 2752 122.

255 2771 296 2799 26
337 2771 461 2809 Cervos,
489 2773 557 2813 ἕω]
586 2774 714 2805 Quibus
744 2777 916 2816 capiendis

875 203 1138 234 vARtoRUM
1175 203 1223 232 IN

991 296 1141 329 studium
1180 305 1298 326 cursus
1336 299 1370 324 et
1404 294 1558 333 voluptas
1591 294 1694 324 minor

991 358 1091 389 quam
1118 348 1149 377 in
1176 347 1305 387 lepore.
1332 345 1410 376 Non
1439 350 1550 374 tamen
1576 355 1696 375 cervos

990 399 1104 429 villico
1120 396 1346 429 comedendos
1365 396 1450 434 vult,
1477 394 1536 425 sed
1555 401 1697 435 captan-

991 447 1050 478 dos
1069 452 1217 478 tantum.

1032 501 1071 528 27
1091 498 1198 528 Vicina
1216 497 1248 527 in
1264 495 1376 537 ipsam]
1390 496 1512 526 Villam
1531 494 1693 536 intelligit

990 549 1023 579 in
1041 548 1133 578 silvis
1148 547 1268 578 mediis
1286 547 1396 578 sitam.

1031 602 1071 630 28
1111 599 1248 639 Infante,
1274 598 1341 638 Qua]
1370 598 1482 629 Villiei
1523 596 1693 628 infantum

989 651 1088 680 turha
1105 650 1243 681 rustica.
1268 659 1323 690 ep.
1350 652 1403 680 66.
1431 649 1451 680 l.
1475 653 1504 680 4.
1532 659 1619 679 vers.
1646 651 1696 679 10.

988 700 1043 732 Sic
1061 701 1182 732 Horat.
1213 701 1280 732 1.2.
1312 701 1421 732 Carni.
1453 700 1508 731 od.
1539 704 1590 731 18.
1630 702 1638 716 ‘
1657 699 1696 730 Iu

986 750 1058 780 sinu
1092 749 1206 781 ferens
1225 751 1333 790 Deos,
1349 751 1393 782 Et
1411 760 1495 781 uxor
1510 755 1544 782 et
1559 751 1606 781 vir
1623 760 1691 781 sor-

989 800 1154 841 didosque
1172 800 1290 833 natos?

1030 854 1071 882 29
1100 850 1280 890 Vocabitur,
1309 850 1377 891 Sym]
1408 851 1617 882 Invitabitur
1641 861 1695 882 ve-

988 901 1135 932 nationis
1153 902 1261 932 socius
1279 901 1319 932 ad
1337 902 1529 932 convivium
1555 907 1592 932 ut
1615 901 1697 932 vici-

989 961 1062 990 nus,
1079 961 1140 982 nec
1158 953 1225 983 erit
1242 962 1326 992 opus
1344 957 1505 983 vocatore
1523 961 1635 983 servo.

1031 1005 1070 1033 31
1096 1002 1220 1033 Lunata
1250 1013 1398 1043 nusquam
1426 1002 1532 1043 pellis]
1563 1003 1695 1034 Plinius

988 1053 1011 1084 l.
1026 1055 1057 1083 7.
1069 1062 1123 1093 ep.
1137 1055 1167 1084 3.
1184 1053 1193 1070 ‘
1206 1063 1378 1095 quousque
1395 1053 1500 1084 calcei
1511 1054 1698 1094 nusquam?

989 1108 1069 1143 toga
1089 1102 1204 1135 feriati
1218 1103 1239 1134 ?’
1261 1104 1355 1134 Suet.
1391 1104 1518 1136 Octav.
1549 1107 1602 1135 73.
1625 1106 1633 1121 ‘
1649 1105 1695 1136 Et

989 1153 1139 1185 forensia
1165 1160 1278 1186 autem
1303 1160 1338 1185 et
1365 1155 1497 1186 calceos
1523 1164 1694 1196 nunquam

987 1213 1052 1235 non
1080 1204 1170 1235 iutra
1194 1205 1387 1237 cubiculum
1409 1205 1527 1237 habuit
1545 1205 1586 1236 ad
1603 1206 1694 1236 subi-

988 1259 1040 1284 tos
1088 1256 1355 1297 repentinosque
1403 1266 1500 1287 casus
1548 1252 1694 1296 parata!

989 1305 1125 1337 Gronov.
1176 1306 1313 1344 Lunata,
1341 1306 1411 1346 ὅγε]
1447 1307 1523 1338 Non
1548 1306 1693 1338 aderunt

987 1356 1116 1386 nobiles
1134 1361 1217 1392 tum,
1238 1357 1358 1398 quibus
1375 1358 1407 1387 in
1427 1357 1549 1388 calceis
1567 1357 1692 1388 lunulae

986 1404 1128 1437 formam
1152 1412 1285 1447 gestare
1311 1408 1409 1438 moris
1437 1413 1533 1446 erat;
1559 1408 1691 1438 literam

988 1456 1124 1488 scilicet
1152 1458 1191 1488 C.
1210 1462 1322 1489 notam
1349 1459 1535 1489 centenarii
1562 1459 1693 1489 numeri

987 1507 1206 1547 patriciorum
1231 1519 1249 1539 a
1268 1508 1409 1540 Romulo
1433 1509 1691 1539 institutorum:

986 1557 1063 1588 vide
1081 1563 1117 1588 et
1141 1560 1359 1599 conjecturas
1383 1559 1562 1590 Plutarch.
1585 1559 1694 1599 probl-

985 1610 1036 1638 76.
1061 1608 1201 1639 Colerus
1224 1609 1321 1650 legit,
1343 1610 1449 1640 lanata
1465 1619 1612 1649 nusquam
1626 1610 1692 1650 pel-

983 1658 1032 1689 lis.
1075 1658 1143 1689 Sed
1161 1669 1226 1690 non
1244 1660 1343 1691 video
1360 1669 1424 1700 quo
1442 1660 1521 1700 jure
1538 1659 1610 1691 haec
1626 1661 1693 1691 lec·

987 1709 1035 1739 tio
1067 1710 1241 1741 sollicitari
1272 1716 1385 1751 queat.
1431 1710 1530 1743 Quod
1559 1709 1692 1751 profert

986 1759 1028 1789 de
1046 1760 1172 1800 pellitis
1189 1761 1358 1800 vectibus,
1374 1761 1408 1792 οὐ
1428 1761 1499 1802 πρὸς
1513 1762 1622 1792 τοῦτον
1636 1760 1692 1792 τὸν

984 1810 1153 1842 Διόνυσον;
1178 1822 1288 1853 neque
1312 1813 1400 1843 enim
1424 1812 1478 1844 hic
1501 1812 1543 1844 de
1561 1813 1690 1845 Gotho-

985 1871 1057 1892 rum
1086 1862 1248 1901 vesfibus,
1277 1862 1319 1893 de
1345 1863 1466 1904 quibus
1497 1864 1689 1904 intelligen-

983 1910 1044 1940 dus
1065 1911 1193 1942 Sidonii
1222 1912 1330 1951 locus,
1361 1922 1459 1953 quem
1486 1912 1597 1944 adfert
1620 1914 1688 1944 ille.

984 1960 1039 1991 De
1063 1962 1187 1992 lunatis
1218 1967 1331 1994 autem
1360 1963 1484 1993 calceis
1512 1963 1688 2003 nobilium,

983 2011 1105 2050 passim
1121 2013 1243 2043 statuit
1257 2012 1447 2052 Juvenaus,
1466 2013 1540 2043 alii:
1558 2018 1593 2044 et
1611 2013 1687 2044 vide

980 2061 1075 2093 Junii
1090 2061 1200 2103 Adag.
1225 2064 1234 2079 ‘
1250 2063 1289 2093 In
1308 2063 1486 2103 astragalis
1503 2063 1688 2095 nobilitas)

982 2111 1143 2152 Nusquam
1159 2113 1258 2153 toga]
1284 2114 1361 2145 Non
1389 2114 1496 2153 togati
1521 2119 1600 2145 ante
1618 2125 1686 2146 ani-

981 2161 1130 2203 bulones,
1147 2165 1290 2196 clientes
1316 2170 1352 2195 et
1378 2165 1496 2196 caeteri
1521 2167 1687 2206 sportula-

980 2223 1049 2243 rum
1064 2216 1376 2256 salutationumque
1395 2217 1557 2248 asseclae:
1575 2218 1682 2258 epigr.

976 2266 1029 2294 47.
1049 2274 1134 2295 vers.
1151 2269 1180 2297 4.
1206 2271 1240 2297 et
1266 2267 1371 2307 epigr.
1395 2270 1447 2298 51.
1471 2267 1491 2298 1.
1519 2270 1568 2299 10.
1593 2268 1685 2299 Mar-

978 2316 1066 2347 tialis
1096 2327 1179 2358 ergo
1208 2319 1327 2359 innuit,
1349 2321 1441 2351 illam
1473 2322 1606 2353 turbam
1635 2328 1683 2354 to-

976 2377 1120 2409 gamque
1149 2371 1325 2402 molestam
1354 2381 1419 2403 non
1447 2383 1625 2405 occurrere
1648 2375 1680 2405 in

973 2417 1141 2458 Hispania
1158 2426 1194 2452 ut
1213 2421 1353 2460 Romae3
1383 2423 1496 2464 ibique
1513 2434 1550 2455 se
1568 2425 1681 2466 opimo

974 2468 1043 2498 otio
1061 2474 1095 2499 et
1112 2471 1225 2510 quiete
1244 2470 1308 2502 frui
1328 2482 1437 2512 posse.

1025 2521 1066 2549 32
1093 2520 1265 2561 Olidaeque,
1297 2523 1366 2562 dra]
1413 2525 1459 2555 Et
1489 2526 1682 2566 purpurati,

975 2570 1111 2601 muricis
1146 2571 1365 2604 infectionem
1413 2575 1556 2606 olentes.
1615 2577 1679 2607 Yet

974 2620 982 2635 ‘
1000 2620 1128 2652 olidas'
1155 2623 1240 2654 dixit
1264 2634 1284 2654 a
1311 2625 1395 2655 lotio
1428 2624 1573 2656 fortasse
1611 2637 1677 2667 quo

973 2673 1228 2711 temperabatur
1239 2683 1388 2715 purpura
1405 2686 1411 2705 :
1451 2676 1526 2706 vide
1542 2677 1630 2717 epig.
1646 2679 1678 2706 4.

973 2721 1042 2751 1.4.
1059 2732 1145 2753 vers.
1162 2726 1192 2752 G.

1013 2775 1052 2803 33
1078 2774 1236 2807 Horridus
1262 2776 1432 2816 Lzburnus]
1457 2777 1575 2809 Praeco
1594 2779 1677 2819 pub-
