<?xml version="1.0" encoding="UTF-8"?>
<!DOCTYPE html PUBLIC "-//W3C//DTD XHTML 1.0 Transitional//EN"
    "http://www.w3.org/TR/xhtml1/DTD/xhtml1-transitional.dtd">
<html xmlns="http://www.w3.org/1999/xhtml" xml:lang="en" lang="en">
 <head>
  <title>
</title>
<meta http-equiv="Content-Type" content="text/html;charset=utf-8" />
  <meta name='ocr-system' content='tesseract 3.04.00' />
  <meta name='ocr-capabilities' content='ocr_page ocr_carea ocr_par ocr_line ocrx_word'/>
</head>
<body>
  <div class='ocr_page' id='page_1' title='image "./epigrammataexedi03martuoft_0168.png"; bbox 0 0 1866 3131; ppageno 0'>
   <div class='ocr_carea' id='block_1_1' title="bbox 215 183 329 226">
    <p class='ocr_par' dir='ltr' id='par_1_1' title="bbox 215 183 329 226">
     <span class='ocr_line' id='line_1_1' title="bbox 215 183 329 226; baseline 0.009 -2"><span class='ocrx_word' id='word_1_1' title='bbox 215 183 329 226; x_wconf 74' lang='lat'>1228</span> 
     </span>
    </p>
   </div>
   <div class='ocr_carea' id='block_1_2' title="bbox 205 288 919 2813">
    <p class='ocr_par' dir='ltr' id='par_1_2' title="bbox 215 288 919 432">
     <span class='ocr_line' id='line_1_2' title="bbox 217 288 919 330; baseline -0.006 -8"><span class='ocrx_word' id='word_1_2' title='bbox 217 291 321 322; x_wconf 81' lang='lat' dir='ltr'><strong>Certe</strong></span> <span class='ocrx_word' id='word_1_3' title='bbox 338 290 417 320; x_wconf 78' lang='lat' dir='ltr'><strong>nihil</strong></span> <span class='ocrx_word' id='word_1_4' title='bbox 438 288 617 330; x_wconf 87' lang='lat' dir='ltr'><strong>largiendo</strong></span> <span class='ocrx_word' id='word_1_5' title='bbox 638 298 741 329; x_wconf 86' lang='lat' dir='ltr'><strong>coges</strong></span> <span class='ocrx_word' id='word_1_6' title='bbox 766 297 821 319; x_wconf 88' lang='lat' dir='ltr'><strong>me</strong></span> <span class='ocrx_word' id='word_1_7' title='bbox 848 297 919 318; x_wconf 89' lang='lat' dir='ltr'><strong>rnn-</strong></span> 
     </span>
     <span class='ocr_line' id='line_1_3' title="bbox 215 337 917 378; baseline -0.004 -6"><span class='ocrx_word' id='word_1_8' title='bbox 215 347 290 372; x_wconf 86' lang='lat' dir='ltr'><strong>tare</strong></span> <span class='ocrx_word' id='word_1_9' title='bbox 323 340 485 378; x_wconf 84' lang='lat' dir='ltr'><strong>studium,</strong></span> <span class='ocrx_word' id='word_1_10' title='bbox 517 344 553 370; x_wconf 92' lang='lat' dir='ltr'><strong>et</strong></span> <span class='ocrx_word' id='word_1_11' title='bbox 583 337 657 370; x_wconf 87' lang='lat' dir='ltr'><strong>foro</strong></span> <span class='ocrx_word' id='word_1_12' title='bbox 689 338 829 378; x_wconf 88' lang='lat' dir='ltr'><strong>servire,</strong></span> <span class='ocrx_word' id='word_1_13' title='bbox 858 338 917 369; x_wconf 89' lang='lat' dir='ltr'><strong>ubi</strong></span> 
     </span>
     <span class='ocr_line' id='line_1_4' title="bbox 216 390 774 432; baseline -0.004 -10"><span class='ocrx_word' id='word_1_14' title='bbox 216 401 314 432; x_wconf 81' lang='lat' dir='ltr'><strong>seges</strong></span> <span class='ocrx_word' id='word_1_15' title='bbox 330 391 451 431; x_wconf 88' lang='lat' dir='ltr'><strong>ampla.</strong></span> <span class='ocrx_word' id='word_1_16' title='bbox 481 391 580 431; x_wconf 81' lang='lat' dir='ltr'><strong>Epig.</strong></span> <span class='ocrx_word' id='word_1_17' title='bbox 596 393 650 422; x_wconf 82' lang='lat'><strong>77.</strong></span> <span class='ocrx_word' id='word_1_18' title='bbox 672 390 729 421; x_wconf 88' lang='lat' dir='ltr'><strong>lib.</strong></span> <span class='ocrx_word' id='word_1_19' title='bbox 743 392 774 421; x_wconf 92' lang='lat'><strong>1.</strong></span> 
     </span>
    </p>

    <p class='ocr_par' dir='ltr' id='par_1_3' title="bbox 211 440 916 735">
     <span class='ocr_line' id='line_1_5' title="bbox 259 440 916 481; baseline -0.002 -9"><span class='ocrx_word' id='word_1_20' title='bbox 259 443 365 472; x_wconf 65' lang='lat' dir='ltr'><strong>Eric.</strong></span> <span class='ocrx_word' id='word_1_21' title='bbox 385 450 478 473; x_wconf 76' lang='lat' dir='ltr'><strong>xvu.</strong></span> <span class='ocrx_word' id='word_1_22' title='bbox 503 441 628 481; x_wconf 90' lang='lat' dir='ltr'><strong>Gellia,</strong></span> <span class='ocrx_word' id='word_1_23' title='bbox 647 450 739 481; x_wconf 58' lang='lat' dir='ltr'><strong>saepe</strong></span> <span class='ocrx_word' id='word_1_24' title='bbox 753 440 884 481; x_wconf 81' lang='lat' dir='ltr'><strong>agitata</strong></span> <span class='ocrx_word' id='word_1_25' title='bbox 897 449 916 470; x_wconf 91' lang='lat' dir='ltr'><strong>a</strong></span> 
     </span>
     <span class='ocr_line' id='line_1_6' title="bbox 213 492 914 534; baseline -0.001 -11"><span class='ocrx_word' id='word_1_26' title='bbox 213 493 335 531; x_wconf 69' lang='lat' dir='ltr'><strong>Poeta,</strong></span> <span class='ocrx_word' id='word_1_27' title='bbox 350 492 482 523; x_wconf 88' lang='lat' dir='ltr'><strong>ridetur</strong></span> <span class='ocrx_word' id='word_1_28' title='bbox 498 492 634 531; x_wconf 89' lang='lat' dir='ltr'><strong>iterum,</strong></span> <span class='ocrx_word' id='word_1_29' title='bbox 652 502 728 534; x_wconf 87' lang='lat' dir='ltr'><strong>quae</strong></span> <span class='ocrx_word' id='word_1_30' title='bbox 746 492 788 523; x_wconf 90' lang='lat' dir='ltr'><strong>ob</strong></span> <span class='ocrx_word' id='word_1_31' title='bbox 811 492 914 532; x_wconf 87' lang='lat' dir='ltr'><strong>majo·</strong></span> 
     </span>
     <span class='ocr_line' id='line_1_7' title="bbox 215 543 914 584; baseline 0.001 -11"><span class='ocrx_word' id='word_1_32' title='bbox 215 553 289 574; x_wconf 91' lang='lat' dir='ltr'><strong>rum</strong></span> <span class='ocrx_word' id='word_1_33' title='bbox 314 543 477 583; x_wconf 79' lang='lat' dir='ltr'>imagines</span> <span class='ocrx_word' id='word_1_34' title='bbox 501 548 538 574; x_wconf 91' lang='lat' dir='ltr'><strong>et</strong></span> <span class='ocrx_word' id='word_1_35' title='bbox 565 543 778 574; x_wconf 74' lang='lat' dir='ltr'><strong>nobilitatem</strong></span> <span class='ocrx_word' id='word_1_36' title='bbox 802 545 914 584; x_wconf 82' lang='lat' dir='ltr'><strong>jacta-</strong></span> 
     </span>
     <span class='ocr_line' id='line_1_8' title="bbox 212 593 914 634; baseline -0.003 -9"><span class='ocrx_word' id='word_1_37' title='bbox 212 594 328 625; x_wconf 84' lang='lat' dir='ltr'><strong>bunda</strong></span> <span class='ocrx_word' id='word_1_38' title='bbox 344 593 488 634; x_wconf 88' lang='lat' dir='ltr'><strong>negabat</strong></span> <span class='ocrx_word' id='word_1_39' title='bbox 501 604 536 624; x_wconf 91' lang='lat' dir='ltr'><strong>se</strong></span> <span class='ocrx_word' id='word_1_40' title='bbox 552 594 617 625; x_wconf 89' lang='lat' dir='ltr'><strong>nisi</strong></span> <span class='ocrx_word' id='word_1_41' title='bbox 629 596 776 626; x_wconf 88' lang='lat' dir='ltr'><strong>senatori</strong></span> <span class='ocrx_word' id='word_1_42' title='bbox 790 600 914 634; x_wconf 87' lang='lat' dir='ltr'><strong>nuptu-</strong></span> 
     </span>
     <span class='ocr_line' id='line_1_9' title="bbox 214 645 911 686; baseline 0.001 -12"><span class='ocrx_word' id='word_1_43' title='bbox 214 653 306 683; x_wconf 82' lang='lat' dir='ltr'><strong>ram3</strong></span> <span class='ocrx_word' id='word_1_44' title='bbox 332 654 432 685; x_wconf 88' lang='lat' dir='ltr'><strong>quum</strong></span> <span class='ocrx_word' id='word_1_45' title='bbox 464 649 582 685; x_wconf 87' lang='lat' dir='ltr'><strong>postea</strong></span> <span class='ocrx_word' id='word_1_46' title='bbox 608 654 715 686; x_wconf 87' lang='lat' dir='ltr'>prope</span> <span class='ocrx_word' id='word_1_47' title='bbox 753 645 911 676; x_wconf 90' lang='lat' dir='ltr'><strong>mendico</strong></span> 
     </span>
     <span class='ocr_line' id='line_1_10' title="bbox 211 694 487 735; baseline 0.007 -11"><span class='ocrx_word' id='word_1_48' title='bbox 211 694 376 735; x_wconf 78' lang='lat' dir='ltr'><strong>nupserit.</strong></span> <span class='ocrx_word' id='word_1_49' title='bbox 402 695 487 726; x_wconf 78' lang='lat' dir='ltr'><strong>Rad.</strong></span> 
     </span>
    </p>

    <p class='ocr_par' dir='ltr' id='par_1_4' title="bbox 211 745 913 839">
     <span class='ocr_line' id='line_1_11' title="bbox 256 745 913 787; baseline -0.002 -9"><span class='ocrx_word' id='word_1_50' title='bbox 256 750 276 778; x_wconf 80' lang='lat'><strong>2</strong></span> <span class='ocrx_word' id='word_1_51' title='bbox 299 746 386 777; x_wconf 84' lang='lat' dir='ltr'><strong>Dum</strong></span> <span class='ocrx_word' id='word_1_52' title='bbox 404 746 477 784; x_wconf 78' lang='lat' dir='ltr'><strong>tibi,</strong></span> <span class='ocrx_word' id='word_1_53' title='bbox 502 746 570 787; x_wconf 58' lang='lat' dir='ltr'><strong>Sym]</strong></span> <span class='ocrx_word' id='word_1_54' title='bbox 594 747 683 777; x_wconf 85' lang='lat' dir='ltr'><strong>Dum</strong></span> <span class='ocrx_word' id='word_1_55' title='bbox 709 746 825 778; x_wconf 84' lang='lat' dir='ltr'><strong>sordet</strong></span> <span class='ocrx_word' id='word_1_56' title='bbox 849 745 913 777; x_wconf 74' lang='lat' dir='ltr'><strong>thi</strong></span> 
     </span>
     <span class='ocr_line' id='line_1_12' title="bbox 211 797 717 839; baseline -0.002 -11"><span class='ocrx_word' id='word_1_57' title='bbox 211 797 353 828; x_wconf 86' lang='lat' dir='ltr'><strong>maritus</strong></span> <span class='ocrx_word' id='word_1_58' title='bbox 369 808 412 828; x_wconf 88' lang='lat' dir='ltr'><strong>ex</strong></span> <span class='ocrx_word' id='word_1_59' title='bbox 422 798 540 828; x_wconf 85' lang='lat' dir='ltr'><strong>ordine</strong></span> <span class='ocrx_word' id='word_1_60' title='bbox 555 798 717 839; x_wconf 85' lang='lat' dir='ltr'><strong>equestri.</strong></span> 
     </span>
    </p>

    <p class='ocr_par' dir='ltr' id='par_1_5' title="bbox 205 847 913 2813">
     <span class='ocr_line' id='line_1_13' title="bbox 254 847 912 890; baseline -0.003 -10"><span class='ocrx_word' id='word_1_61' title='bbox 254 851 272 880; x_wconf 81' lang='lat'><strong>3</strong></span> <span class='ocrx_word' id='word_1_62' title='bbox 291 848 365 880; x_wconf 79' lang='lat' dir='ltr'><strong>Nisi</strong></span> <span class='ocrx_word' id='word_1_63' title='bbox 375 849 448 888; x_wconf 79' lang='lat' dir='ltr'><strong>lato,</strong></span> <span class='ocrx_word' id='word_1_64' title='bbox 462 850 530 890; x_wconf 56' lang='lat' dir='ltr'><strong>aisa]</strong></span> <span class='ocrx_word' id='word_1_65' title='bbox 547 849 623 879; x_wconf 86' lang='lat' dir='ltr'><strong>Nisi</strong></span> <span class='ocrx_word' id='word_1_66' title='bbox 636 847 800 886; x_wconf 85' lang='lat' dir='ltr'><strong>senatori,</strong></span> <span class='ocrx_word' id='word_1_67' title='bbox 815 847 912 887; x_wconf 83' lang='lat' dir='ltr'><strong>cujus</strong></span> 
     </span>
     <span class='ocr_line' id='line_1_14' title="bbox 210 897 912 939; baseline -0.003 -9"><span class='ocrx_word' id='word_1_68' title='bbox 210 899 342 939; x_wconf 86' lang='lat' dir='ltr'><strong>insigne</strong></span> <span class='ocrx_word' id='word_1_69' title='bbox 371 905 445 930; x_wconf 90' lang='lat' dir='ltr'><strong>erat</strong></span> <span class='ocrx_word' id='word_1_70' title='bbox 471 899 559 929; x_wconf 88' lang='lat' dir='ltr'><strong>latus</strong></span> <span class='ocrx_word' id='word_1_71' title='bbox 586 899 715 937; x_wconf 89' lang='lat' dir='ltr'><strong>clavus,</strong></span> <span class='ocrx_word' id='word_1_72' title='bbox 730 897 835 929; x_wconf 85' lang='lat' dir='ltr'><strong>vestis</strong></span> <span class='ocrx_word' id='word_1_73' title='bbox 857 897 912 928; x_wconf 89' lang='lat' dir='ltr'><strong>cui</strong></span> 
     </span>
     <span class='ocr_line' id='line_1_15' title="bbox 211 947 910 987; baseline -0.004 -7"><span class='ocrx_word' id='word_1_74' title='bbox 211 950 337 981; x_wconf 86' lang='lat' dir='ltr'><strong>attexti</strong></span> <span class='ocrx_word' id='word_1_75' title='bbox 349 949 436 980; x_wconf 83' lang='lat' dir='ltr'><strong>clavi</strong></span> <span class='ocrx_word' id='word_1_76' title='bbox 448 949 541 980; x_wconf 84' lang='lat' dir='ltr'><strong>aurei</strong></span> <span class='ocrx_word' id='word_1_77' title='bbox 552 958 611 980; x_wconf 85' lang='lat' dir='ltr'><strong>sen</strong></span> <span class='ocrx_word' id='word_1_78' title='bbox 622 948 784 979; x_wconf 87' lang='lat' dir='ltr'><strong>coccinei.</strong></span> <span class='ocrx_word' id='word_1_79' title='bbox 801 947 910 987; x_wconf 70' lang='lat' dir='ltr'><strong>Clam]</strong></span> 
     </span>
     <span class='ocr_line' id='line_1_16' title="bbox 210 998 913 1040; baseline -0.001 -10"><span class='ocrx_word' id='word_1_80' title='bbox 210 1000 324 1030; x_wconf 83' lang='lat' dir='ltr'><strong>Variis</strong></span> <span class='ocrx_word' id='word_1_81' title='bbox 337 1000 424 1030; x_wconf 88' lang='lat' dir='ltr'><strong>euim</strong></span> <span class='ocrx_word' id='word_1_82' title='bbox 441 999 568 1040; x_wconf 84' lang='lat' dir='ltr'><strong>figuris,</strong></span> <span class='ocrx_word' id='word_1_83' title='bbox 583 1009 651 1040; x_wconf 88' lang='lat' dir='ltr'><strong>qua</strong></span> <span class='ocrx_word' id='word_1_84' title='bbox 664 998 831 1037; x_wconf 84' lang='lat' dir='ltr'><strong>rotundis,</strong></span> <span class='ocrx_word' id='word_1_85' title='bbox 848 1008 913 1039; x_wconf 89' lang='lat' dir='ltr'><strong>qua</strong></span> 
     </span>
     <span class='ocr_line' id='line_1_17' title="bbox 209 1051 912 1093; baseline -0.003 -11"><span class='ocrx_word' id='word_1_86' title='bbox 209 1051 396 1093; x_wconf 83' lang='lat' dir='ltr'><strong>quadratis,</strong></span> <span class='ocrx_word' id='word_1_87' title='bbox 425 1056 579 1082; x_wconf 83' lang='lat' dir='ltr'><strong>veterum</strong></span> <span class='ocrx_word' id='word_1_88' title='bbox 610 1051 745 1081; x_wconf 80' lang='lat' dir='ltr'><strong>luxuria</strong></span> <span class='ocrx_word' id='word_1_89' title='bbox 770 1051 851 1081; x_wconf 85' lang='lat' dir='ltr'><strong>lusit</strong></span> <span class='ocrx_word' id='word_1_90' title='bbox 878 1051 912 1081; x_wconf 93' lang='lat' dir='ltr'><strong>in</strong></span> 
     </span>
     <span class='ocr_line' id='line_1_18' title="bbox 208 1101 910 1142; baseline -0.001 -10"><span class='ocrx_word' id='word_1_91' title='bbox 208 1102 363 1133; x_wconf 83' lang='lat' dir='ltr'><strong>vestibus</strong></span> <span class='ocrx_word' id='word_1_92' title='bbox 380 1112 461 1132; x_wconf 89' lang='lat' dir='ltr'><strong>auro</strong></span> <span class='ocrx_word' id='word_1_93' title='bbox 487 1111 680 1142; x_wconf 86' lang='lat' dir='ltr'><strong>purpurave</strong></span> <span class='ocrx_word' id='word_1_94' title='bbox 705 1101 910 1132; x_wconf 87' lang='lat' dir='ltr'><strong>illudendis:</strong></span> 
     </span>
     <span class='ocr_line' id='line_1_19' title="bbox 208 1152 911 1193; baseline -0.001 -10"><span class='ocrx_word' id='word_1_95' title='bbox 208 1162 283 1193; x_wconf 85' lang='lat' dir='ltr'><strong>quae</strong></span> <span class='ocrx_word' id='word_1_96' title='bbox 309 1152 465 1183; x_wconf 81' lang='lat' dir='ltr'><strong>rotundae</strong></span> <span class='ocrx_word' id='word_1_97' title='bbox 491 1159 587 1182; x_wconf 90' lang='lat' dir='ltr'><strong>erant</strong></span> <span class='ocrx_word' id='word_1_98' title='bbox 617 1157 653 1182; x_wconf 91' lang='lat' dir='ltr'><strong>et</strong></span> <span class='ocrx_word' id='word_1_99' title='bbox 679 1152 713 1182; x_wconf 89' lang='lat' dir='ltr'><strong>in</strong></span> <span class='ocrx_word' id='word_1_100' title='bbox 749 1152 911 1183; x_wconf 91' lang='lat' dir='ltr'><strong>circulum</strong></span> 
     </span>
     <span class='ocr_line' id='line_1_20' title="bbox 207 1201 912 1243; baseline 0 -10"><span class='ocrx_word' id='word_1_101' title='bbox 207 1201 318 1242; x_wconf 84' lang='lat' dir='ltr'><strong>flexae,</strong></span> <span class='ocrx_word' id='word_1_102' title='bbox 341 1202 512 1243; x_wconf 85' lang='lat' dir='ltr'><strong>‘plumas&#39;</strong></span> <span class='ocrx_word' id='word_1_103' title='bbox 535 1202 704 1233; x_wconf 88' lang='lat' dir='ltr'><strong>vocabant</strong></span> <span class='ocrx_word' id='word_1_104' title='bbox 725 1202 852 1240; x_wconf 89' lang='lat' dir='ltr'><strong>Latini,</strong></span> <span class='ocrx_word' id='word_1_105' title='bbox 876 1208 912 1233; x_wconf 92' lang='lat' dir='ltr'><strong>et</strong></span> 
     </span>
     <span class='ocr_line' id='line_1_21' title="bbox 209 1253 910 1294; baseline -0.001 -10"><span class='ocrx_word' id='word_1_106' title='bbox 209 1253 313 1284; x_wconf 87' lang='lat' dir='ltr'><strong>etiam</strong></span> <span class='ocrx_word' id='word_1_107' title='bbox 329 1255 339 1270; x_wconf 82' lang='lat'><em>⁴</em></span> <span class='ocrx_word' id='word_1_108' title='bbox 351 1254 488 1294; x_wconf 83' lang='lat' dir='ltr'><strong>clavos,’</strong></span> <span class='ocrx_word' id='word_1_109' title='bbox 504 1254 568 1285; x_wconf 86' lang='lat' dir='ltr'><strong>Gr.</strong></span> <span class='ocrx_word' id='word_1_110' title='bbox 582 1253 910 1293; x_wconf 54' lang='lat' dir='ltr'><strong>5‘7ons,capitaeuim</strong></span> 
     </span>
     <span class='ocr_line' id='line_1_22' title="bbox 210 1303 909 1336; baseline -0.004 0"><span class='ocrx_word' id='word_1_111' title='bbox 210 1305 383 1336; x_wconf 82' lang='lat' dir='ltr'><strong>clavorum</strong></span> <span class='ocrx_word' id='word_1_112' title='bbox 415 1303 583 1335; x_wconf 84' lang='lat' dir='ltr'><strong>rotunda:</strong></span> <span class='ocrx_word' id='word_1_113' title='bbox 610 1305 699 1335; x_wconf 90' lang='lat' dir='ltr'><strong>unde</strong></span> <span class='ocrx_word' id='word_1_114' title='bbox 717 1310 752 1334; x_wconf 90' lang='lat' dir='ltr'><strong>et</strong></span> <span class='ocrx_word' id='word_1_115' title='bbox 768 1303 909 1334; x_wconf 79' lang='grc' dir='ltr'>ἀσπιδίσ-</span> 
     </span>
     <span class='ocr_line' id='line_1_23' title="bbox 210 1354 911 1387; baseline 0 -2"><span class='ocrx_word' id='word_1_116' title='bbox 210 1366 281 1386; x_wconf 83' lang='grc' dir='ltr'><em>κους</em></span> <span class='ocrx_word' id='word_1_117' title='bbox 295 1355 409 1387; x_wconf 88' lang='lat' dir='ltr'><strong>Graeci</strong></span> <span class='ocrx_word' id='word_1_118' title='bbox 427 1355 529 1386; x_wconf 88' lang='lat' dir='ltr'><strong>etiam</strong></span> <span class='ocrx_word' id='word_1_119' title='bbox 541 1359 684 1386; x_wconf 85' lang='lat' dir='ltr'><strong>vocant:</strong></span> <span class='ocrx_word' id='word_1_120' title='bbox 702 1354 863 1385; x_wconf 82' lang='lat' dir='ltr'><strong>dixerunt</strong></span> <span class='ocrx_word' id='word_1_121' title='bbox 875 1360 911 1386; x_wconf 90' lang='lat' dir='ltr'><strong>et</strong></span> 
     </span>
     <span class='ocr_line' id='line_1_24' title="bbox 207 1405 910 1446; baseline -0.003 -9"><span class='ocrx_word' id='word_1_122' title='bbox 207 1407 216 1423; x_wconf 91' lang='lat'>‘</span> <span class='ocrx_word' id='word_1_123' title='bbox 229 1407 346 1437; x_wconf 93' lang='lat' dir='ltr'><strong>oculos</strong></span> <span class='ocrx_word' id='word_1_124' title='bbox 362 1405 382 1436; x_wconf 88' lang='lat'><strong>:²</strong></span> <span class='ocrx_word' id='word_1_125' title='bbox 406 1405 484 1436; x_wconf 90' lang='lat' dir='ltr'><strong>hinc</strong></span> <span class='ocrx_word' id='word_1_126' title='bbox 506 1407 514 1422; x_wconf 88' lang='lat'>‘</span> <span class='ocrx_word' id='word_1_127' title='bbox 531 1410 645 1436; x_wconf 85' lang='lat' dir='ltr'><strong>vestes</strong></span> <span class='ocrx_word' id='word_1_128' title='bbox 667 1415 817 1446; x_wconf 83' lang='lat' dir='ltr'><strong>purpura</strong></span> <span class='ocrx_word' id='word_1_129' title='bbox 834 1415 910 1436; x_wconf 90' lang='lat' dir='ltr'><strong>ocu-</strong></span> 
     </span>
     <span class='ocr_line' id='line_1_25' title="bbox 208 1455 910 1497; baseline -0.001 -10"><span class='ocrx_word' id='word_1_130' title='bbox 208 1456 296 1488; x_wconf 83' lang='lat' dir='ltr'><strong>lare’</strong></span> <span class='ocrx_word' id='word_1_131' title='bbox 312 1456 403 1497; x_wconf 88' lang='lat' dir='ltr'><strong>apud</strong></span> <span class='ocrx_word' id='word_1_132' title='bbox 414 1456 679 1487; x_wconf 77' lang='lat' dir='ltr'><strong>Tertullianum.</strong></span> <span class='ocrx_word' id='word_1_133' title='bbox 702 1461 709 1473; x_wconf 87' lang='lat'><em>‘</em></span> <span class='ocrx_word' id='word_1_134' title='bbox 726 1455 910 1487; x_wconf 84' lang='lat' dir='ltr'><strong>Plumatae&#39;</strong></span> 
     </span>
     <span class='ocr_line' id='line_1_26' title="bbox 208 1506 912 1547; baseline -0.001 -9"><span class='ocrx_word' id='word_1_135' title='bbox 208 1517 291 1547; x_wconf 84' lang='lat' dir='ltr'><strong>ergo</strong></span> <span class='ocrx_word' id='word_1_136' title='bbox 327 1510 335 1525; x_wconf 89' lang='lat'>‘</span> <span class='ocrx_word' id='word_1_137' title='bbox 354 1507 488 1547; x_wconf 88' lang='lat' dir='ltr'><strong>vestes,’</strong></span> <span class='ocrx_word' id='word_1_138' title='bbox 526 1513 561 1538; x_wconf 89' lang='lat' dir='ltr'><strong>et</strong></span> <span class='ocrx_word' id='word_1_139' title='bbox 594 1508 603 1523; x_wconf 90' lang='lat'>‘</span> <span class='ocrx_word' id='word_1_140' title='bbox 617 1506 835 1546; x_wconf 78' lang='lat' dir='ltr'><strong>pluuiatiles,’</strong></span> <span class='ocrx_word' id='word_1_141' title='bbox 877 1513 912 1538; x_wconf 86' lang='lat' dir='ltr'><strong>et</strong></span> 
     </span>
     <span class='ocr_line' id='line_1_27' title="bbox 206 1557 912 1598; baseline 0 -10"><span class='ocrx_word' id='word_1_142' title='bbox 206 1559 215 1574; x_wconf 92' lang='lat'>‘</span> <span class='ocrx_word' id='word_1_143' title='bbox 234 1559 384 1598; x_wconf 89' lang='lat' dir='ltr'><strong>plumata</strong></span> <span class='ocrx_word' id='word_1_144' title='bbox 407 1557 643 1598; x_wconf 79' lang='lat' dir='ltr'><strong>Babylonica,’</strong></span> <span class='ocrx_word' id='word_1_145' title='bbox 666 1568 739 1598; x_wconf 86' lang='lat' dir='ltr'><strong>quae</strong></span> <span class='ocrx_word' id='word_1_146' title='bbox 757 1557 912 1597; x_wconf 88' lang='lat' dir='ltr'><strong>pluribus</strong></span> 
     </span>
     <span class='ocr_line' id='line_1_28' title="bbox 206 1608 912 1648; baseline -0.001 -8"><span class='ocrx_word' id='word_1_147' title='bbox 206 1609 296 1640; x_wconf 82' lang='lat' dir='ltr'><strong>notis</strong></span> <span class='ocrx_word' id='word_1_148' title='bbox 312 1619 353 1640; x_wconf 83' lang='lat' dir='ltr'><strong>ex</strong></span> <span class='ocrx_word' id='word_1_149' title='bbox 368 1618 449 1639; x_wconf 87' lang='lat' dir='ltr'><strong>auro</strong></span> <span class='ocrx_word' id='word_1_150' title='bbox 461 1618 665 1648; x_wconf 80' lang='lat' dir='ltr'><strong>purpurave,</strong></span> <span class='ocrx_word' id='word_1_151' title='bbox 679 1618 742 1638; x_wconf 88' lang='lat' dir='ltr'><strong>acu</strong></span> <span class='ocrx_word' id='word_1_152' title='bbox 759 1608 912 1648; x_wconf 79' lang='lat' dir='ltr'><strong>intextis,</strong></span> 
     </span>
     <span class='ocr_line' id='line_1_29' title="bbox 207 1659 910 1700; baseline 0 -10"><span class='ocrx_word' id='word_1_153' title='bbox 207 1670 324 1700; x_wconf 88' lang='lat' dir='ltr'><strong>sparsa</strong></span> <span class='ocrx_word' id='word_1_154' title='bbox 339 1664 437 1690; x_wconf 90' lang='lat' dir='ltr'><strong>erant</strong></span> <span class='ocrx_word' id='word_1_155' title='bbox 455 1664 490 1690; x_wconf 91' lang='lat' dir='ltr'><strong>et</strong></span> <span class='ocrx_word' id='word_1_156' title='bbox 508 1659 656 1690; x_wconf 87' lang='lat' dir='ltr'><strong>variata:</strong></span> <span class='ocrx_word' id='word_1_157' title='bbox 680 1660 795 1697; x_wconf 79' lang='grc' dir='ltr'>σημεῖα.</span> <span class='ocrx_word' id='word_1_158' title='bbox 813 1659 910 1690; x_wconf 86' lang='lat' dir='ltr'><strong>Grae-</strong></span> 
     </span>
     <span class='ocr_line' id='line_1_30' title="bbox 208 1709 910 1750; baseline 0 -9"><span class='ocrx_word' id='word_1_159' title='bbox 208 1711 269 1749; x_wconf 85' lang='lat' dir='ltr'><strong>cis,</strong></span> <span class='ocrx_word' id='word_1_160' title='bbox 283 1710 412 1741; x_wconf 90' lang='lat' dir='ltr'><strong>Latinis</strong></span> <span class='ocrx_word' id='word_1_161' title='bbox 436 1711 445 1727; x_wconf 89' lang='lat'>‘</span> <span class='ocrx_word' id='word_1_162' title='bbox 461 1715 552 1740; x_wconf 90' lang='lat' dir='ltr'><strong>uotae</strong></span> <span class='ocrx_word' id='word_1_163' title='bbox 568 1709 577 1723; x_wconf 95' lang='lat'>&#39;</span> <span class='ocrx_word' id='word_1_164' title='bbox 611 1715 647 1740; x_wconf 93' lang='lat' dir='ltr'><strong>et</strong></span> <span class='ocrx_word' id='word_1_165' title='bbox 668 1711 677 1726; x_wconf 90' lang='lat'>‘</span> <span class='ocrx_word' id='word_1_166' title='bbox 691 1709 810 1750; x_wconf 87' lang='lat' dir='ltr'><strong>signa,&#39;</strong></span> <span class='ocrx_word' id='word_1_167' title='bbox 838 1709 910 1741; x_wconf 79' lang='lat' dir='ltr'><strong>ha&gt;c</strong></span> 
     </span>
     <span class='ocr_line' id='line_1_31' title="bbox 207 1759 911 1800; baseline 0 -9"><span class='ocrx_word' id='word_1_168' title='bbox 207 1761 352 1792; x_wconf 82' lang='lat' dir='ltr'><strong>vestium</strong></span> <span class='ocrx_word' id='word_1_169' title='bbox 367 1759 572 1798; x_wconf 79' lang='grc' dir='ltr'>ποικίλματα,</span> <span class='ocrx_word' id='word_1_170' title='bbox 595 1761 684 1792; x_wconf 88' lang='lat' dir='ltr'><strong>unde</strong></span> <span class='ocrx_word' id='word_1_171' title='bbox 701 1760 911 1800; x_wconf 87' lang='grc' dir='ltr'>χρυσόσημος,</span> 
     </span>
     <span class='ocr_line' id='line_1_32' title="bbox 207 1810 906 1851; baseline -0.001 -9"><span class='ocrx_word' id='word_1_172' title='bbox 207 1812 326 1850; x_wconf 82' lang='lat' dir='ltr'><strong>vestis,</strong></span> <span class='ocrx_word' id='word_1_173' title='bbox 354 1817 391 1842; x_wconf 86' lang='lat' dir='ltr'><strong>et</strong></span> <span class='ocrx_word' id='word_1_174' title='bbox 412 1810 657 1851; x_wconf 78' lang='grc' dir='ltr'><em>πορφυρόσημος,</em></span> <span class='ocrx_word' id='word_1_175' title='bbox 690 1812 802 1841; x_wconf 80' lang='lat' dir='ltr'><strong>aureis</strong></span> <span class='ocrx_word' id='word_1_176' title='bbox 830 1821 906 1851; x_wconf 91' lang='lat' dir='ltr'><strong>pur-</strong></span> 
     </span>
     <span class='ocr_line' id='line_1_33' title="bbox 206 1861 909 1902; baseline -0.001 -10"><span class='ocrx_word' id='word_1_177' title='bbox 206 1862 389 1902; x_wconf 89' lang='lat' dir='ltr'><strong>pureisque</strong></span> <span class='ocrx_word' id='word_1_178' title='bbox 413 1862 499 1892; x_wconf 87' lang='lat' dir='ltr'><strong>notis</strong></span> <span class='ocrx_word' id='word_1_179' title='bbox 527 1861 707 1902; x_wconf 83' lang='lat' dir='ltr'><strong>insignita:</strong></span> <span class='ocrx_word' id='word_1_180' title='bbox 734 1866 771 1891; x_wconf 92' lang='lat' dir='ltr'><strong>ut</strong></span> <span class='ocrx_word' id='word_1_181' title='bbox 787 1866 909 1892; x_wconf 92' lang='lat' dir='ltr'><strong>contra</strong></span> 
     </span>
     <span class='ocr_line' id='line_1_34' title="bbox 206 1912 908 1954; baseline -0.003 -11"><span class='ocrx_word' id='word_1_182' title='bbox 206 1912 335 1952; x_wconf 78' lang='grc' dir='ltr'><strong><em>ἄσημος,</em></strong></span> <span class='ocrx_word' id='word_1_183' title='bbox 359 1923 433 1954; x_wconf 81' lang='lat' dir='ltr'><strong>quae</strong></span> <span class='ocrx_word' id='word_1_184' title='bbox 458 1912 537 1943; x_wconf 84' lang='lat' dir='ltr'><strong>nihil</strong></span> <span class='ocrx_word' id='word_1_185' title='bbox 568 1912 640 1942; x_wconf 88' lang='lat' dir='ltr'><strong>auri</strong></span> <span class='ocrx_word' id='word_1_186' title='bbox 664 1916 723 1942; x_wconf 90' lang='lat' dir='ltr'><strong>aut</strong></span> <span class='ocrx_word' id='word_1_187' title='bbox 747 1921 908 1951; x_wconf 84' lang='lat' dir='ltr'><strong>purpurae</strong></span> 
     </span>
     <span class='ocr_line' id='line_1_35' title="bbox 207 1961 908 2002; baseline -0.004 -8"><span class='ocrx_word' id='word_1_188' title='bbox 207 1964 377 1994; x_wconf 87' lang='lat' dir='ltr'><strong>intextum</strong></span> <span class='ocrx_word' id='word_1_189' title='bbox 404 1963 561 1993; x_wconf 87' lang='lat' dir='ltr'><strong>haberet.</strong></span> <span class='ocrx_word' id='word_1_190' title='bbox 606 1964 615 1979; x_wconf 90' lang='lat'>‘</span> <span class='ocrx_word' id='word_1_191' title='bbox 629 1961 778 1993; x_wconf 78' lang='lat' dir='ltr'><strong>Plumae&#39;</strong></span> <span class='ocrx_word' id='word_1_192' title='bbox 795 1961 908 2002; x_wconf 80' lang='lat' dir='ltr'><strong>itaque</strong></span> 
     </span>
     <span class='ocr_line' id='line_1_36' title="bbox 207 2013 908 2053; baseline -0.003 -10"><span class='ocrx_word' id='word_1_193' title='bbox 207 2019 305 2044; x_wconf 87' lang='lat' dir='ltr'><strong>erant</strong></span> <span class='ocrx_word' id='word_1_194' title='bbox 327 2018 416 2044; x_wconf 77' lang='lat' dir='ltr'><strong>notae</strong></span> <span class='ocrx_word' id='word_1_195' title='bbox 435 2023 476 2044; x_wconf 87' lang='lat' dir='ltr'><strong>ex</strong></span> <span class='ocrx_word' id='word_1_196' title='bbox 493 2023 574 2044; x_wconf 86' lang='lat' dir='ltr'><strong>auro</strong></span> <span class='ocrx_word' id='word_1_197' title='bbox 597 2013 650 2042; x_wconf 88' lang='lat' dir='ltr'><strong>vel</strong></span> <span class='ocrx_word' id='word_1_198' title='bbox 679 2022 829 2053; x_wconf 84' lang='lat' dir='ltr'><strong>purpura</strong></span> <span class='ocrx_word' id='word_1_199' title='bbox 857 2021 908 2042; x_wconf 89' lang='lat' dir='ltr'><strong>ro-</strong></span> 
     </span>
     <span class='ocr_line' id='line_1_37' title="bbox 207 2061 909 2104; baseline -0.003 -10"><span class='ocrx_word' id='word_1_200' title='bbox 207 2064 336 2103; x_wconf 83' lang='lat' dir='ltr'><strong>tundae,</strong></span> <span class='ocrx_word' id='word_1_201' title='bbox 348 2063 428 2094; x_wconf 92' lang='lat' dir='ltr'><strong>etin</strong></span> <span class='ocrx_word' id='word_1_202' title='bbox 443 2063 577 2094; x_wconf 85' lang='lat' dir='ltr'><strong>modum</strong></span> <span class='ocrx_word' id='word_1_203' title='bbox 590 2064 780 2104; x_wconf 90' lang='lat' dir='ltr'><strong>plumarum</strong></span> <span class='ocrx_word' id='word_1_204' title='bbox 792 2061 909 2101; x_wconf 77' lang='lat' dir='ltr'><strong>factae,</strong></span> 
     </span>
     <span class='ocr_line' id='line_1_38' title="bbox 206 2113 908 2156; baseline -0.004 -11"><span class='ocrx_word' id='word_1_205' title='bbox 206 2114 325 2156; x_wconf 90' lang='lat' dir='ltr'><strong>quibus</strong></span> <span class='ocrx_word' id='word_1_206' title='bbox 341 2120 456 2145; x_wconf 88' lang='lat' dir='ltr'><strong>vestes</strong></span> <span class='ocrx_word' id='word_1_207' title='bbox 473 2113 774 2145; x_wconf 84' lang='lat' dir='ltr'><strong>intertexebantur</strong></span> <span class='ocrx_word' id='word_1_208' title='bbox 790 2122 828 2143; x_wconf 94' lang='lat' dir='ltr'><strong>ac</strong></span> <span class='ocrx_word' id='word_1_209' title='bbox 853 2123 908 2142; x_wconf 89' lang='lat' dir='ltr'><strong>va-</strong></span> 
     </span>
     <span class='ocr_line' id='line_1_39' title="bbox 206 2163 908 2195; baseline 0 0"><span class='ocrx_word' id='word_1_210' title='bbox 206 2163 403 2195; x_wconf 85' lang='lat' dir='ltr'><strong>riabantur:</strong></span> <span class='ocrx_word' id='word_1_211' title='bbox 428 2164 478 2195; x_wconf 91' lang='lat' dir='ltr'><strong>sic</strong></span> <span class='ocrx_word' id='word_1_212' title='bbox 502 2164 511 2180; x_wconf 87' lang='lat'>‘</span> <span class='ocrx_word' id='word_1_213' title='bbox 526 2163 677 2195; x_wconf 82' lang='lat' dir='ltr'><strong>clavata’</strong></span> <span class='ocrx_word' id='word_1_214' title='bbox 700 2164 804 2194; x_wconf 82' lang='lat' dir='ltr'><strong>vestis</strong></span> <span class='ocrx_word' id='word_1_215' title='bbox 817 2164 908 2195; x_wconf 85' lang='lat' dir='ltr'><strong>dice-</strong></span> 
     </span>
     <span class='ocr_line' id='line_1_40' title="bbox 208 2212 909 2256; baseline -0.001 -10"><span class='ocrx_word' id='word_1_216' title='bbox 208 2215 322 2254; x_wconf 86' lang='lat' dir='ltr'><strong>batur,</strong></span> <span class='ocrx_word' id='word_1_217' title='bbox 348 2225 424 2256; x_wconf 85' lang='lat' dir='ltr'><strong>quae</strong></span> <span class='ocrx_word' id='word_1_218' title='bbox 451 2214 548 2245; x_wconf 88' lang='lat' dir='ltr'><strong>unius</strong></span> <span class='ocrx_word' id='word_1_219' title='bbox 572 2212 689 2245; x_wconf 82' lang='lat' dir='ltr'><strong>formae</strong></span> <span class='ocrx_word' id='word_1_220' title='bbox 710 2215 838 2254; x_wconf 88' lang='lat' dir='ltr'><strong>clavos,</strong></span> <span class='ocrx_word' id='word_1_221' title='bbox 853 2225 909 2245; x_wconf 91' lang='lat' dir='ltr'><strong>au-</strong></span> 
     </span>
     <span class='ocr_line' id='line_1_41' title="bbox 207 2264 908 2305; baseline 0 -9"><span class='ocrx_word' id='word_1_222' title='bbox 207 2275 282 2296; x_wconf 86' lang='lat' dir='ltr'><strong>reos</strong></span> <span class='ocrx_word' id='word_1_223' title='bbox 300 2269 359 2296; x_wconf 91' lang='lat' dir='ltr'><strong>aut</strong></span> <span class='ocrx_word' id='word_1_224' title='bbox 373 2274 575 2305; x_wconf 86' lang='lat' dir='ltr'><strong>purpureos,</strong></span> <span class='ocrx_word' id='word_1_225' title='bbox 588 2264 654 2295; x_wconf 82' lang='lat' dir='ltr'><strong>suis</strong></span> <span class='ocrx_word' id='word_1_226' title='bbox 667 2265 751 2296; x_wconf 87' lang='lat' dir='ltr'><strong>locis</strong></span> <span class='ocrx_word' id='word_1_227' title='bbox 763 2265 908 2296; x_wconf 83' lang='lat' dir='ltr'><strong>insertos</strong></span> 
     </span>
     <span class='ocr_line' id='line_1_42' title="bbox 207 2315 909 2356; baseline -0.001 -9"><span class='ocrx_word' id='word_1_228' title='bbox 207 2322 243 2348; x_wconf 91' lang='lat' dir='ltr'><strong>et</strong></span> <span class='ocrx_word' id='word_1_229' title='bbox 257 2317 386 2347; x_wconf 84' lang='lat' dir='ltr'><strong>insutos</strong></span> <span class='ocrx_word' id='word_1_230' title='bbox 404 2316 560 2346; x_wconf 86' lang='lat' dir='ltr'><strong>haberet.</strong></span> <span class='ocrx_word' id='word_1_231' title='bbox 604 2316 612 2331; x_wconf 92' lang='lat'>‘</span> <span class='ocrx_word' id='word_1_232' title='bbox 626 2315 749 2355; x_wconf 87' lang='lat' dir='ltr'><strong>Picta,&#39;</strong></span> <span class='ocrx_word' id='word_1_233' title='bbox 770 2326 846 2356; x_wconf 83' lang='lat' dir='ltr'><strong>quae</strong></span> <span class='ocrx_word' id='word_1_234' title='bbox 862 2316 909 2346; x_wconf 91' lang='lat' dir='ltr'><strong>di-</strong></span> 
     </span>
     <span class='ocr_line' id='line_1_43' title="bbox 205 2367 909 2407; baseline -0.001 -8"><span class='ocrx_word' id='word_1_235' title='bbox 205 2368 311 2399; x_wconf 82' lang='lat' dir='ltr'><strong>versis</strong></span> <span class='ocrx_word' id='word_1_236' title='bbox 327 2367 494 2398; x_wconf 86' lang='lat' dir='ltr'><strong>coloribus</strong></span> <span class='ocrx_word' id='word_1_237' title='bbox 510 2367 643 2398; x_wconf 88' lang='lat' dir='ltr'><strong>intexta</strong></span> <span class='ocrx_word' id='word_1_238' title='bbox 659 2373 760 2407; x_wconf 83' lang='lat' dir='ltr'><strong>esset,</strong></span> <span class='ocrx_word' id='word_1_239' title='bbox 784 2377 823 2398; x_wconf 91' lang='lat' dir='ltr'><strong>ac</strong></span> <span class='ocrx_word' id='word_1_240' title='bbox 852 2377 909 2398; x_wconf 86' lang='lat' dir='ltr'><strong>va-</strong></span> 
     </span>
     <span class='ocr_line' id='line_1_44' title="bbox 205 2416 909 2458; baseline -0.001 -8"><span class='ocrx_word' id='word_1_241' title='bbox 205 2420 270 2450; x_wconf 86' lang='lat' dir='ltr'><strong>rias</strong></span> <span class='ocrx_word' id='word_1_242' title='bbox 300 2428 411 2448; x_wconf 86' lang='lat' dir='ltr'><strong>rerum</strong></span> <span class='ocrx_word' id='word_1_243' title='bbox 429 2417 690 2458; x_wconf 85' lang='lat' dir='ltr'><strong>animaliumque</strong></span> <span class='ocrx_word' id='word_1_244' title='bbox 705 2416 829 2448; x_wconf 86' lang='lat' dir='ltr'><strong>formas</strong></span> <span class='ocrx_word' id='word_1_245' title='bbox 847 2428 909 2449; x_wconf 89' lang='lat' dir='ltr'><strong>acu</strong></span> 
     </span>
     <span class='ocr_line' id='line_1_45' title="bbox 208 2468 910 2513; baseline -0.004 -10"><span class='ocrx_word' id='word_1_246' title='bbox 208 2481 388 2513; x_wconf 82' lang='lat' dir='ltr'><strong>expressas</strong></span> <span class='ocrx_word' id='word_1_247' title='bbox 411 2469 620 2501; x_wconf 83' lang='lat' dir='ltr'><strong>ostenderet.</strong></span> <span class='ocrx_word' id='word_1_248' title='bbox 652 2469 661 2486; x_wconf 89' lang='lat'>‘</span> <span class='ocrx_word' id='word_1_249' title='bbox 679 2468 793 2500; x_wconf 89' lang='lat' dir='ltr'><strong>Clavi&#39;</strong></span> <span class='ocrx_word' id='word_1_250' title='bbox 817 2478 910 2509; x_wconf 88' lang='lat' dir='ltr'><strong>vero,</strong></span> 
     </span>
     <span class='ocr_line' id='line_1_46' title="bbox 206 2519 907 2561; baseline -0.004 -8"><span class='ocrx_word' id='word_1_251' title='bbox 206 2528 275 2553; x_wconf 88' lang='lat' dir='ltr'><strong>tam</strong></span> <span class='ocrx_word' id='word_1_252' title='bbox 294 2522 386 2552; x_wconf 87' lang='lat' dir='ltr'><strong>aurei</strong></span> <span class='ocrx_word' id='word_1_253' title='bbox 412 2530 511 2561; x_wconf 86' lang='lat' dir='ltr'><strong>quam</strong></span> <span class='ocrx_word' id='word_1_254' title='bbox 535 2519 708 2560; x_wconf 86' lang='lat' dir='ltr'><strong>purpurei,</strong></span> <span class='ocrx_word' id='word_1_255' title='bbox 732 2519 907 2560; x_wconf 77' lang='lat' dir='ltr'><strong>particulae</strong></span> 
     </span>
     <span class='ocr_line' id='line_1_47' title="bbox 207 2571 906 2611; baseline -0.004 -8"><span class='ocrx_word' id='word_1_256' title='bbox 207 2578 304 2603; x_wconf 82' lang='lat' dir='ltr'><strong>erant</strong></span> <span class='ocrx_word' id='word_1_257' title='bbox 317 2583 358 2603; x_wconf 85' lang='lat' dir='ltr'><strong>ex</strong></span> <span class='ocrx_word' id='word_1_258' title='bbox 378 2581 457 2603; x_wconf 81' lang='lat' dir='ltr'><strong>auro</strong></span> <span class='ocrx_word' id='word_1_259' title='bbox 475 2571 528 2601; x_wconf 93' lang='lat' dir='ltr'><strong>vel</strong></span> <span class='ocrx_word' id='word_1_260' title='bbox 555 2579 717 2611; x_wconf 85' lang='lat' dir='ltr'><strong>purpura,</strong></span> <span class='ocrx_word' id='word_1_261' title='bbox 741 2579 829 2600; x_wconf 86' lang='lat' dir='ltr'><strong>nune</strong></span> <span class='ocrx_word' id='word_1_262' title='bbox 855 2579 906 2601; x_wconf 91' lang='lat' dir='ltr'><strong>ro-</strong></span> 
     </span>
     <span class='ocr_line' id='line_1_48' title="bbox 208 2621 906 2663; baseline -0.006 -9"><span class='ocrx_word' id='word_1_263' title='bbox 208 2623 337 2661; x_wconf 80' lang='lat' dir='ltr'><strong>tundae,</strong></span> <span class='ocrx_word' id='word_1_264' title='bbox 356 2632 443 2653; x_wconf 90' lang='lat' dir='ltr'><strong>nuuc</strong></span> <span class='ocrx_word' id='word_1_265' title='bbox 456 2621 644 2663; x_wconf 73' lang='lat' dir='ltr'><strong>quadratae,</strong></span> <span class='ocrx_word' id='word_1_266' title='bbox 655 2630 730 2662; x_wconf 84' lang='lat' dir='ltr'><strong>quae</strong></span> <span class='ocrx_word' id='word_1_267' title='bbox 744 2625 906 2661; x_wconf 88' lang='lat' dir='ltr'><strong>tanquam</strong></span> 
     </span>
     <span class='ocr_line' id='line_1_49' title="bbox 208 2671 906 2714; baseline -0.004 -9"><span class='ocrx_word' id='word_1_268' title='bbox 208 2674 414 2704; x_wconf 85' lang='lat' dir='ltr'><strong>emblemata</strong></span> <span class='ocrx_word' id='word_1_269' title='bbox 431 2672 585 2714; x_wconf 83' lang='lat' dir='ltr'><strong>quaedam</strong></span> <span class='ocrx_word' id='word_1_270' title='bbox 600 2671 754 2702; x_wconf 87' lang='lat' dir='ltr'><strong>vestibus</strong></span> <span class='ocrx_word' id='word_1_271' title='bbox 780 2672 906 2702; x_wconf 83' lang='lat' dir='ltr'><strong>insere-</strong></span> 
     </span>
     <span class='ocr_line' id='line_1_50' title="bbox 209 2722 906 2764; baseline -0.001 -11"><span class='ocrx_word' id='word_1_272' title='bbox 209 2724 334 2755; x_wconf 86' lang='lat' dir='ltr'><strong>bantur</strong></span> <span class='ocrx_word' id='word_1_273' title='bbox 352 2729 452 2764; x_wconf 85' lang='lat' dir='ltr'><strong>atque</strong></span> <span class='ocrx_word' id='word_1_274' title='bbox 470 2722 789 2763; x_wconf 78' lang='lat' dir='ltr'><strong>insuebantur,quae</strong></span> <span class='ocrx_word' id='word_1_275' title='bbox 803 2723 906 2752; x_wconf 87' lang='lat' dir='ltr'><strong>etiam</strong></span> 
     </span>
     <span class='ocr_line' id='line_1_51' title="bbox 208 2772 905 2813; baseline -0.004 -7"><span class='ocrx_word' id='word_1_276' title='bbox 208 2784 227 2806; x_wconf 82' lang='lat' dir='ltr'><strong>a</strong></span> <span class='ocrx_word' id='word_1_277' title='bbox 257 2779 352 2804; x_wconf 82' lang='lat' dir='ltr'><strong>veste</strong></span> <span class='ocrx_word' id='word_1_278' title='bbox 383 2778 543 2813; x_wconf 87' lang='lat' dir='ltr'><strong>poterant</strong></span> <span class='ocrx_word' id='word_1_279' title='bbox 571 2774 734 2813; x_wconf 78' lang='lat' dir='ltr'><strong>separari,</strong></span> <span class='ocrx_word' id='word_1_280' title='bbox 763 2779 798 2805; x_wconf 85' lang='lat' dir='ltr'><strong>et</strong></span> <span class='ocrx_word' id='word_1_281' title='bbox 827 2772 905 2803; x_wconf 87' lang='lat' dir='ltr'><strong>inde</strong></span> 
     </span>
    </p>
   </div>
   <div class='ocr_carea' id='block_1_3' title="bbox 686 192 1213 223">
    <p class='ocr_par' dir='ltr' id='par_1_6' title="bbox 686 192 1213 223">
     <span class='ocr_line' id='line_1_52' title="bbox 686 192 1213 223; baseline -0.004 0"><span class='ocrx_word' id='word_1_282' title='bbox 686 193 828 223; x_wconf 79' lang='lat' dir='ltr'><strong>NOTAE</strong></span> <span class='ocrx_word' id='word_1_283' title='bbox 861 192 1126 222; x_wconf 66' lang='lat' dir='ltr'>VARIORUM</span> <span class='ocrx_word' id='word_1_284' title='bbox 1162 192 1213 221; x_wconf 62' lang='grc' dir='ltr'><strong>ΙΝ</strong></span> 
     </span>
    </p>
   </div>
   <div class='ocr_carea' id='block_1_4' title="bbox 952 286 1674 2809">
    <p class='ocr_par' dir='ltr' id='par_1_7' title="bbox 959 286 1674 1900">
     <span class='ocr_line' id='line_1_53' title="bbox 971 286 1668 326; baseline 0 -8"><span class='ocrx_word' id='word_1_285' title='bbox 971 287 1084 326; x_wconf 84' lang='lat' dir='ltr'><strong>eximi,</strong></span> <span class='ocrx_word' id='word_1_286' title='bbox 1103 287 1190 318; x_wconf 91' lang='lat' dir='ltr'><strong>utin</strong></span> <span class='ocrx_word' id='word_1_287' title='bbox 1217 286 1316 318; x_wconf 83' lang='lat' dir='ltr'><strong>aliam</strong></span> <span class='ocrx_word' id='word_1_288' title='bbox 1347 290 1477 318; x_wconf 89' lang='lat' dir='ltr'><strong>vestem</strong></span> <span class='ocrx_word' id='word_1_289' title='bbox 1509 286 1668 318; x_wconf 82' lang='lat' dir='ltr'><strong>transfer-</strong></span> 
     </span>
     <span class='ocr_line' id='line_1_54' title="bbox 969 338 1673 377; baseline -0.001 -8"><span class='ocrx_word' id='word_1_290' title='bbox 969 344 1108 377; x_wconf 87' lang='lat' dir='ltr'><strong>rentur,</strong></span> <span class='ocrx_word' id='word_1_291' title='bbox 1149 343 1184 369; x_wconf 92' lang='lat' dir='ltr'><strong>et</strong></span> <span class='ocrx_word' id='word_1_292' title='bbox 1215 338 1256 368; x_wconf 86' lang='lat' dir='ltr'><strong>de</strong></span> <span class='ocrx_word' id='word_1_293' title='bbox 1293 347 1381 368; x_wconf 90' lang='lat' dir='ltr'><strong>novo</strong></span> <span class='ocrx_word' id='word_1_294' title='bbox 1414 342 1673 368; x_wconf 82' lang='lat' dir='ltr'><strong>consuerentur.</strong></span> 
     </span>
     <span class='ocr_line' id='line_1_55' title="bbox 966 387 1671 429; baseline 0 -10"><span class='ocrx_word' id='word_1_295' title='bbox 966 389 1174 419; x_wconf 86' lang='lat' dir='ltr'><strong>‘Tunicam’</strong></span> <span class='ocrx_word' id='word_1_296' title='bbox 1198 388 1314 429; x_wconf 85' lang='lat' dir='ltr'><strong>itaque</strong></span> <span class='ocrx_word' id='word_1_297' title='bbox 1341 387 1587 418; x_wconf 87' lang='lat' dir='ltr'><strong>‘laticlaviam&#39;</strong></span> <span class='ocrx_word' id='word_1_298' title='bbox 1612 394 1671 419; x_wconf 87' lang='lat' dir='ltr'><strong>aut</strong></span> 
     </span>
     <span class='ocr_line' id='line_1_56' title="bbox 971 439 1673 480; baseline 0.001 -10"><span class='ocrx_word' id='word_1_299' title='bbox 971 443 979 458; x_wconf 90' lang='lat'>‘</span> <span class='ocrx_word' id='word_1_300' title='bbox 997 439 1276 480; x_wconf 84' lang='lat' dir='ltr'><strong>angusticlaviam</strong></span> <span class='ocrx_word' id='word_1_301' title='bbox 1288 442 1295 454; x_wconf 88' lang='lat'>&#39;</span> <span class='ocrx_word' id='word_1_302' title='bbox 1320 448 1490 478; x_wconf 77' lang='lat' dir='ltr'><strong>vocamUS,</strong></span> <span class='ocrx_word' id='word_1_303' title='bbox 1507 449 1583 479; x_wconf 87' lang='lat' dir='ltr'><strong>quae</strong></span> <span class='ocrx_word' id='word_1_304' title='bbox 1601 440 1673 480; x_wconf 90' lang='lat' dir='ltr'><strong>plu-</strong></span> 
     </span>
     <span class='ocr_line' id='line_1_57' title="bbox 967 489 1672 529; baseline 0.001 -9"><span class='ocrx_word' id='word_1_305' title='bbox 967 490 1061 520; x_wconf 87' lang='lat' dir='ltr'><strong>ribus</strong></span> <span class='ocrx_word' id='word_1_306' title='bbox 1079 490 1154 520; x_wconf 87' lang='lat' dir='ltr'><strong>latis</strong></span> <span class='ocrx_word' id='word_1_307' title='bbox 1172 489 1275 520; x_wconf 87' lang='lat' dir='ltr'><strong>clavis</strong></span> <span class='ocrx_word' id='word_1_308' title='bbox 1291 496 1325 519; x_wconf 90' lang='lat' dir='ltr'><strong>et</strong></span> <span class='ocrx_word' id='word_1_309' title='bbox 1342 489 1494 529; x_wconf 81' lang='lat' dir='ltr'><strong>angustis</strong></span> <span class='ocrx_word' id='word_1_310' title='bbox 1509 494 1599 520; x_wconf 85' lang='lat' dir='ltr'><strong>esset</strong></span> <span class='ocrx_word' id='word_1_311' title='bbox 1621 490 1672 521; x_wconf 92' lang='lat' dir='ltr'><strong>in-</strong></span> 
     </span>
     <span class='ocr_line' id='line_1_58' title="bbox 967 540 1670 581; baseline 0.001 -10"><span class='ocrx_word' id='word_1_312' title='bbox 967 541 1102 581; x_wconf 85' lang='lat' dir='ltr'><strong>signita.</strong></span> <span class='ocrx_word' id='word_1_313' title='bbox 1129 541 1304 574; x_wconf 86' lang='lat' dir='ltr'><strong>Qualitate</strong></span> <span class='ocrx_word' id='word_1_314' title='bbox 1325 541 1412 572; x_wconf 85' lang='lat' dir='ltr'><strong>clavi</strong></span> <span class='ocrx_word' id='word_1_315' title='bbox 1431 540 1670 572; x_wconf 84' lang='lat' dir='ltr'><strong>discerneban-</strong></span> 
     </span>
     <span class='ocr_line' id='line_1_59' title="bbox 966 593 1670 635; baseline 0.001 -11"><span class='ocrx_word' id='word_1_316' title='bbox 966 599 1022 624; x_wconf 90' lang='lat' dir='ltr'><strong>tur</strong></span> <span class='ocrx_word' id='word_1_317' title='bbox 1047 594 1178 635; x_wconf 83' lang='lat' dir='ltr'><strong>equites</strong></span> <span class='ocrx_word' id='word_1_318' title='bbox 1209 603 1228 624; x_wconf 88' lang='lat' dir='ltr'><strong>a</strong></span> <span class='ocrx_word' id='word_1_319' title='bbox 1261 593 1493 632; x_wconf 83' lang='lat' dir='ltr'><strong>senatoribus3</strong></span> <span class='ocrx_word' id='word_1_320' title='bbox 1520 594 1670 625; x_wconf 87' lang='lat' dir='ltr'><strong>tunicam</strong></span> 
     </span>
     <span class='ocr_line' id='line_1_60' title="bbox 965 645 1672 683; baseline 0.004 -8"><span class='ocrx_word' id='word_1_321' title='bbox 965 645 1023 676; x_wconf 84' lang='lat' dir='ltr'><strong>isti</strong></span> <span class='ocrx_word' id='word_1_322' title='bbox 1040 645 1226 683; x_wconf 86' lang='lat' dir='ltr'><strong>habebant,</strong></span> <span class='ocrx_word' id='word_1_323' title='bbox 1244 645 1298 676; x_wconf 91' lang='lat' dir='ltr'><strong>cui</strong></span> <span class='ocrx_word' id='word_1_324' title='bbox 1316 646 1449 676; x_wconf 88' lang='lat' dir='ltr'><strong>consuti</strong></span> <span class='ocrx_word' id='word_1_325' title='bbox 1463 650 1561 676; x_wconf 88' lang='lat' dir='ltr'><strong>erant</strong></span> <span class='ocrx_word' id='word_1_326' title='bbox 1574 646 1672 678; x_wconf 88' lang='lat' dir='ltr'><strong>multi</strong></span> 
     </span>
     <span class='ocr_line' id='line_1_61' title="bbox 965 695 1670 736; baseline 0.003 -11"><span class='ocrx_word' id='word_1_327' title='bbox 965 695 1104 725; x_wconf 85' lang='lat' dir='ltr'><strong>latiores</strong></span> <span class='ocrx_word' id='word_1_328' title='bbox 1135 695 1245 733; x_wconf 69' lang='lat' dir='ltr'><strong>clavi,</strong></span> <span class='ocrx_word' id='word_1_329' title='bbox 1268 696 1420 736; x_wconf 90' lang='lat' dir='ltr'><strong>equitum</strong></span> <span class='ocrx_word' id='word_1_330' title='bbox 1446 705 1525 726; x_wconf 87' lang='lat' dir='ltr'><strong>vero</strong></span> <span class='ocrx_word' id='word_1_331' title='bbox 1555 696 1670 727; x_wconf 88' lang='lat' dir='ltr'><strong>tunica</strong></span> 
     </span>
     <span class='ocr_line' id='line_1_62' title="bbox 963 746 1668 786; baseline 0.001 -9"><span class='ocrx_word' id='word_1_332' title='bbox 963 747 1079 777; x_wconf 85' lang='lat' dir='ltr'><strong>clavos</strong></span> <span class='ocrx_word' id='word_1_333' title='bbox 1104 747 1314 786; x_wconf 78' lang='lat' dir='ltr'><strong>angustiores</strong></span> <span class='ocrx_word' id='word_1_334' title='bbox 1343 747 1473 777; x_wconf 86' lang='lat' dir='ltr'><strong>insutos</strong></span> <span class='ocrx_word' id='word_1_335' title='bbox 1499 746 1668 779; x_wconf 81' lang='lat' dir='ltr'><strong>habebat:</strong></span> 
     </span>
     <span class='ocr_line' id='line_1_63' title="bbox 964 795 1668 836; baseline 0.004 -11"><span class='ocrx_word' id='word_1_336' title='bbox 964 795 1043 826; x_wconf 88' lang='lat' dir='ltr'><strong>hinc</strong></span> <span class='ocrx_word' id='word_1_337' title='bbox 1068 795 1125 826; x_wconf 92' lang='lat' dir='ltr'><strong>illa</strong></span> <span class='ocrx_word' id='word_1_338' title='bbox 1149 795 1360 827; x_wconf 88' lang='lat' dir='ltr'><strong>‘laticlavia’</strong></span> <span class='ocrx_word' id='word_1_339' title='bbox 1385 796 1578 836; x_wconf 88' lang='lat' dir='ltr'><strong>dicebatur,</strong></span> <span class='ocrx_word' id='word_1_340' title='bbox 1605 797 1668 829; x_wconf 88' lang='lat' dir='ltr'><strong>hoc</strong></span> 
     </span>
     <span class='ocr_line' id='line_1_64' title="bbox 965 845 1674 888; baseline 0.003 -12"><span class='ocrx_word' id='word_1_341' title='bbox 965 851 1029 886; x_wconf 86' lang='lat' dir='ltr'><strong>est,</strong></span> <span class='ocrx_word' id='word_1_342' title='bbox 1045 845 1264 884; x_wconf 73' lang='grc' dir='ltr'>πλατύσημοςι</span> <span class='ocrx_word' id='word_1_343' title='bbox 1297 847 1362 877; x_wconf 91' lang='lat' dir='ltr'><strong>ista</strong></span> <span class='ocrx_word' id='word_1_344' title='bbox 1384 847 1393 863; x_wconf 89' lang='lat'>‘</span> <span class='ocrx_word' id='word_1_345' title='bbox 1407 848 1674 888; x_wconf 81' lang='lat' dir='ltr'><strong>angusticlavia,&#39;</strong></span> 
     </span>
     <span class='ocr_line' id='line_1_65' title="bbox 962 898 1669 938; baseline 0.003 -9"><span class='ocrx_word' id='word_1_346' title='bbox 962 898 1171 937; x_wconf 72' lang='grc' dir='ltr'>στενόσημοςι</span> <span class='ocrx_word' id='word_1_347' title='bbox 1201 898 1380 938; x_wconf 80' lang='grc' dir='ltr'>ψιχόσημον</span> <span class='ocrx_word' id='word_1_348' title='bbox 1403 899 1508 930; x_wconf 86' lang='lat' dir='ltr'><strong>etiam</strong></span> <span class='ocrx_word' id='word_1_349' title='bbox 1533 905 1669 931; x_wconf 85' lang='lat' dir='ltr'><strong>veteres</strong></span> 
     </span>
     <span class='ocr_line' id='line_1_66' title="bbox 963 949 1668 991; baseline 0.001 -12"><span class='ocrx_word' id='word_1_350' title='bbox 963 949 1094 980; x_wconf 85' lang='lat' dir='ltr'><strong>Glossae</strong></span> <span class='ocrx_word' id='word_1_351' title='bbox 1128 949 1417 990; x_wconf 86' lang='lat' dir='ltr'><strong>interpretantur,</strong></span> <span class='ocrx_word' id='word_1_352' title='bbox 1457 950 1552 990; x_wconf 84' lang='lat' dir='ltr'><strong>quasi</strong></span> <span class='ocrx_word' id='word_1_353' title='bbox 1592 960 1668 991; x_wconf 83' lang='lat' dir='ltr'><strong>quae</strong></span> 
     </span>
     <span class='ocr_line' id='line_1_67' title="bbox 964 1000 1669 1040; baseline 0 -10"><span class='ocrx_word' id='word_1_354' title='bbox 964 1000 1070 1031; x_wconf 88' lang='lat' dir='ltr'><strong>micas</strong></span> <span class='ocrx_word' id='word_1_355' title='bbox 1096 1005 1226 1031; x_wconf 83' lang='lat' dir='ltr'><strong>tantum</strong></span> <span class='ocrx_word' id='word_1_356' title='bbox 1254 1009 1426 1040; x_wconf 74' lang='lat' dir='ltr'><strong>purpurae,</strong></span> <span class='ocrx_word' id='word_1_357' title='bbox 1455 1009 1523 1030; x_wconf 87' lang='lat' dir='ltr'><strong>non</strong></span> <span class='ocrx_word' id='word_1_358' title='bbox 1554 1000 1669 1031; x_wconf 86' lang='lat' dir='ltr'><strong>clavos</strong></span> 
     </span>
     <span class='ocr_line' id='line_1_68' title="bbox 963 1049 1672 1091; baseline 0.001 -10"><span class='ocrx_word' id='word_1_359' title='bbox 963 1051 1126 1083; x_wconf 84' lang='lat' dir='ltr'><strong>haberet:</strong></span> <span class='ocrx_word' id='word_1_360' title='bbox 1145 1050 1332 1082; x_wconf 87' lang='lat' dir='ltr'><strong>accedebat</strong></span> <span class='ocrx_word' id='word_1_361' title='bbox 1346 1056 1379 1082; x_wconf 92' lang='lat' dir='ltr'><strong>et</strong></span> <span class='ocrx_word' id='word_1_362' title='bbox 1393 1051 1448 1081; x_wconf 89' lang='lat' dir='ltr'><strong>illa</strong></span> <span class='ocrx_word' id='word_1_363' title='bbox 1463 1049 1672 1091; x_wconf 85' lang='lat' dir='ltr'><strong>differentia,</strong></span> 
     </span>
     <span class='ocr_line' id='line_1_69' title="bbox 964 1102 1667 1143; baseline 0 -10"><span class='ocrx_word' id='word_1_364' title='bbox 964 1103 1056 1143; x_wconf 84' lang='lat' dir='ltr'><strong>quod</strong></span> <span class='ocrx_word' id='word_1_365' title='bbox 1089 1109 1277 1141; x_wconf 80' lang='lat' dir='ltr'><strong>senatores,</strong></span> <span class='ocrx_word' id='word_1_366' title='bbox 1309 1107 1344 1133; x_wconf 86' lang='lat' dir='ltr'><strong>et</strong></span> <span class='ocrx_word' id='word_1_367' title='bbox 1382 1102 1500 1142; x_wconf 80' lang='lat' dir='ltr'><strong>reliqui</strong></span> <span class='ocrx_word' id='word_1_368' title='bbox 1539 1112 1667 1142; x_wconf 86' lang='lat' dir='ltr'><strong>omnes,</strong></span> 
     </span>
     <span class='ocr_line' id='line_1_70' title="bbox 964 1153 1668 1194; baseline 0 -10"><span class='ocrx_word' id='word_1_369' title='bbox 964 1154 1085 1194; x_wconf 85' lang='lat' dir='ltr'><strong>quibus</strong></span> <span class='ocrx_word' id='word_1_370' title='bbox 1108 1154 1169 1184; x_wconf 82' lang='lat' dir='ltr'><strong>lati</strong></span> <span class='ocrx_word' id='word_1_371' title='bbox 1186 1153 1273 1184; x_wconf 87' lang='lat' dir='ltr'><strong>clavi</strong></span> <span class='ocrx_word' id='word_1_372' title='bbox 1286 1153 1343 1193; x_wconf 87' lang='lat' dir='ltr'><strong>jus</strong></span> <span class='ocrx_word' id='word_1_373' title='bbox 1359 1158 1445 1191; x_wconf 85' lang='lat' dir='ltr'><strong>erat,</strong></span> <span class='ocrx_word' id='word_1_374' title='bbox 1467 1162 1531 1182; x_wconf 90' lang='lat' dir='ltr'><strong>non</strong></span> <span class='ocrx_word' id='word_1_375' title='bbox 1555 1153 1668 1193; x_wconf 84' lang='lat' dir='ltr'><strong>cinge-</strong></span> 
     </span>
     <span class='ocr_line' id='line_1_71' title="bbox 963 1204 1668 1243; baseline 0 -8"><span class='ocrx_word' id='word_1_376' title='bbox 963 1210 1095 1243; x_wconf 86' lang='lat' dir='ltr'><strong>rentur,</strong></span> <span class='ocrx_word' id='word_1_377' title='bbox 1120 1205 1179 1235; x_wconf 82' lang='lat' dir='ltr'><strong>sed</strong></span> <span class='ocrx_word' id='word_1_378' title='bbox 1206 1204 1409 1235; x_wconf 84' lang='lat' dir='ltr'><strong>laticlaviam</strong></span> <span class='ocrx_word' id='word_1_379' title='bbox 1427 1205 1577 1234; x_wconf 88' lang='lat' dir='ltr'><strong>tunicam</strong></span> <span class='ocrx_word' id='word_1_380' title='bbox 1596 1213 1668 1235; x_wconf 90' lang='lat' dir='ltr'><strong>rec-</strong></span> 
     </span>
     <span class='ocr_line' id='line_1_72' title="bbox 963 1255 1669 1295; baseline 0.001 -10"><span class='ocrx_word' id='word_1_381' title='bbox 963 1260 1032 1285; x_wconf 88' lang='lat' dir='ltr'><strong>tam</strong></span> <span class='ocrx_word' id='word_1_382' title='bbox 1071 1261 1212 1295; x_wconf 79' lang='lat' dir='ltr'><strong>pectore</strong></span> <span class='ocrx_word' id='word_1_383' title='bbox 1241 1255 1476 1294; x_wconf 86' lang='lat' dir='ltr'><strong>demitterent,</strong></span> <span class='ocrx_word' id='word_1_384' title='bbox 1515 1255 1669 1286; x_wconf 87' lang='lat' dir='ltr'><strong>cinctura</strong></span> 
     </span>
     <span class='ocr_line' id='line_1_73' title="bbox 963 1305 1669 1345; baseline 0.001 -10"><span class='ocrx_word' id='word_1_385' title='bbox 963 1306 1098 1336; x_wconf 88' lang='lat' dir='ltr'><strong>minime</strong></span> <span class='ocrx_word' id='word_1_386' title='bbox 1139 1306 1314 1337; x_wconf 80' lang='lat' dir='ltr'><strong>strictam:</strong></span> <span class='ocrx_word' id='word_1_387' title='bbox 1351 1305 1430 1335; x_wconf 89' lang='lat' dir='ltr'><strong>inde</strong></span> <span class='ocrx_word' id='word_1_388' title='bbox 1469 1306 1669 1345; x_wconf 83' lang='lat' dir='ltr'><strong>accipienda</strong></span> 
     </span>
     <span class='ocr_line' id='line_1_74' title="bbox 961 1356 1669 1396; baseline -0.001 -9"><span class='ocrx_word' id='word_1_389' title='bbox 961 1356 1016 1387; x_wconf 89' lang='lat' dir='ltr'><strong>illa</strong></span> <span class='ocrx_word' id='word_1_390' title='bbox 1034 1357 1189 1387; x_wconf 88' lang='lat' dir='ltr'><strong>Horatii:</strong></span> <span class='ocrx_word' id='word_1_391' title='bbox 1211 1358 1220 1374; x_wconf 90' lang='lat'>‘</span> <span class='ocrx_word' id='word_1_392' title='bbox 1234 1358 1279 1387; x_wconf 91' lang='lat' dir='ltr'><strong>Et</strong></span> <span class='ocrx_word' id='word_1_393' title='bbox 1302 1357 1408 1387; x_wconf 90' lang='lat' dir='ltr'><strong>latum</strong></span> <span class='ocrx_word' id='word_1_394' title='bbox 1434 1356 1572 1386; x_wconf 86' lang='lat' dir='ltr'><strong>demisit</strong></span> <span class='ocrx_word' id='word_1_395' title='bbox 1590 1365 1669 1396; x_wconf 89' lang='lat' dir='ltr'><strong>pec-</strong></span> 
     </span>
     <span class='ocr_line' id='line_1_75' title="bbox 962 1406 1668 1448; baseline -0.003 -10"><span class='ocrx_word' id='word_1_396' title='bbox 962 1412 1035 1438; x_wconf 88' lang='lat' dir='ltr'><strong>tore</strong></span> <span class='ocrx_word' id='word_1_397' title='bbox 1065 1406 1220 1438; x_wconf 70' lang='lat' dir='ltr'><strong>clavum!</strong></span> <span class='ocrx_word' id='word_1_398' title='bbox 1254 1407 1394 1448; x_wconf 79' lang='lat' dir='ltr'><strong>Equites</strong></span> <span class='ocrx_word' id='word_1_399' title='bbox 1425 1411 1538 1437; x_wconf 88' lang='lat' dir='ltr'><strong>autem</strong></span> <span class='ocrx_word' id='word_1_400' title='bbox 1566 1416 1668 1447; x_wconf 85' lang='lat' dir='ltr'><strong>super</strong></span> 
     </span>
     <span class='ocr_line' id='line_1_76' title="bbox 962 1456 1666 1497; baseline -0.001 -10"><span class='ocrx_word' id='word_1_401' title='bbox 962 1457 1113 1488; x_wconf 88' lang='lat' dir='ltr'><strong>tunicam</strong></span> <span class='ocrx_word' id='word_1_402' title='bbox 1145 1457 1280 1497; x_wconf 83' lang='lat' dir='ltr'><strong>angusti</strong></span> <span class='ocrx_word' id='word_1_403' title='bbox 1311 1457 1396 1487; x_wconf 89' lang='lat' dir='ltr'><strong>clavi</strong></span> <span class='ocrx_word' id='word_1_404' title='bbox 1430 1456 1666 1495; x_wconf 84' lang='lat' dir='ltr'><strong>cingebantur.</strong></span> 
     </span>
     <span class='ocr_line' id='line_1_77' title="bbox 959 1506 1667 1547; baseline 0.001 -10"><span class='ocrx_word' id='word_1_405' title='bbox 959 1507 1048 1538; x_wconf 70' lang='lat' dir='ltr'><strong>vide</strong></span> <span class='ocrx_word' id='word_1_406' title='bbox 1061 1508 1226 1540; x_wconf 78' lang='lat' dir='ltr'><strong>Quinctil.</strong></span> <span class='ocrx_word' id='word_1_407' title='bbox 1240 1509 1261 1538; x_wconf 95' lang='lat' dir='ltr'><strong>l.</strong></span> <span class='ocrx_word' id='word_1_408' title='bbox 1276 1510 1328 1538; x_wconf 84' lang='lat'><strong>11.</strong></span> <span class='ocrx_word' id='word_1_409' title='bbox 1340 1517 1415 1547; x_wconf 88' lang='lat' dir='ltr'><strong>cap.</strong></span> <span class='ocrx_word' id='word_1_410' title='bbox 1428 1509 1458 1537; x_wconf 87' lang='lat'><strong>3.</strong></span> <span class='ocrx_word' id='word_1_411' title='bbox 1485 1506 1667 1538; x_wconf 75' lang='lat' dir='ltr'><strong>Salmasius.</strong></span> 
     </span>
     <span class='ocr_line' id='line_1_78' title="bbox 960 1557 1665 1598; baseline 0 -10"><span class='ocrx_word' id='word_1_412' title='bbox 960 1557 1057 1588; x_wconf 89' lang='lat' dir='ltr'><strong>Idem</strong></span> <span class='ocrx_word' id='word_1_413' title='bbox 1083 1559 1124 1588; x_wconf 85' lang='lat' dir='ltr'><strong>ad</strong></span> <span class='ocrx_word' id='word_1_414' title='bbox 1141 1559 1279 1598; x_wconf 81' lang='lat' dir='ltr'><strong>Vopisci</strong></span> <span class='ocrx_word' id='word_1_415' title='bbox 1296 1568 1373 1598; x_wconf 77' lang='lat' dir='ltr'><strong>pag.</strong></span> <span class='ocrx_word' id='word_1_416' title='bbox 1391 1561 1466 1589; x_wconf 87' lang='lat'><strong>505.</strong></span> <span class='ocrx_word' id='word_1_417' title='bbox 1485 1560 1558 1589; x_wconf 83' lang='lat'><strong>507.</strong></span> <span class='ocrx_word' id='word_1_418' title='bbox 1577 1558 1665 1588; x_wconf 84' lang='lat' dir='ltr'><strong>exis-</strong></span> 
     </span>
     <span class='ocr_line' id='line_1_79' title="bbox 961 1607 1666 1646; baseline 0.001 -9"><span class='ocrx_word' id='word_1_419' title='bbox 961 1607 1058 1639; x_wconf 88' lang='lat' dir='ltr'><strong>timat</strong></span> <span class='ocrx_word' id='word_1_420' title='bbox 1073 1607 1210 1646; x_wconf 82' lang='grc' dir='ltr'>πλούμια</span> <span class='ocrx_word' id='word_1_421' title='bbox 1226 1608 1259 1638; x_wconf 91' lang='lat' dir='ltr'><strong>in</strong></span> <span class='ocrx_word' id='word_1_422' title='bbox 1279 1614 1374 1638; x_wconf 84' lang='lat' dir='ltr'><strong>veste</strong></span> <span class='ocrx_word' id='word_1_423' title='bbox 1392 1617 1464 1638; x_wconf 76' lang='lat' dir='ltr'><strong>csse</strong></span> <span class='ocrx_word' id='word_1_424' title='bbox 1481 1608 1594 1638; x_wconf 89' lang='lat' dir='ltr'><strong>clavos</strong></span> <span class='ocrx_word' id='word_1_425' title='bbox 1609 1617 1666 1638; x_wconf 89' lang='lat' dir='ltr'><strong>au-</strong></span> 
     </span>
     <span class='ocr_line' id='line_1_80' title="bbox 961 1658 1670 1691; baseline 0 -3"><span class='ocrx_word' id='word_1_426' title='bbox 961 1668 1036 1689; x_wconf 90' lang='lat' dir='ltr'><strong>reos</strong></span> <span class='ocrx_word' id='word_1_427' title='bbox 1063 1659 1238 1691; x_wconf 76' lang='lat' dir='ltr'><strong>intextos:</strong></span> <span class='ocrx_word' id='word_1_428' title='bbox 1265 1660 1320 1690; x_wconf 92' lang='lat' dir='ltr'><strong>cui</strong></span> <span class='ocrx_word' id='word_1_429' title='bbox 1351 1668 1418 1689; x_wconf 93' lang='lat' dir='ltr'><strong>non</strong></span> <span class='ocrx_word' id='word_1_430' title='bbox 1449 1659 1584 1689; x_wconf 91' lang='lat' dir='ltr'><strong>omnino</strong></span> <span class='ocrx_word' id='word_1_431' title='bbox 1612 1658 1670 1689; x_wconf 89' lang='lat' dir='ltr'><strong>ad—</strong></span> 
     </span>
     <span class='ocr_line' id='line_1_81' title="bbox 961 1708 1669 1747; baseline 0 -8"><span class='ocrx_word' id='word_1_432' title='bbox 961 1710 1116 1741; x_wconf 87' lang='lat' dir='ltr'><strong>sentior:</strong></span> <span class='ocrx_word' id='word_1_433' title='bbox 1157 1710 1260 1742; x_wconf 89' lang='lat' dir='ltr'><strong>credo</strong></span> <span class='ocrx_word' id='word_1_434' title='bbox 1300 1709 1391 1740; x_wconf 88' lang='lat' dir='ltr'><strong>enim</strong></span> <span class='ocrx_word' id='word_1_435' title='bbox 1431 1708 1567 1747; x_wconf 77' lang='grc' dir='ltr'>πλούμια</span> <span class='ocrx_word' id='word_1_436' title='bbox 1595 1719 1669 1739; x_wconf 85' lang='lat' dir='ltr'><strong>esse</strong></span> 
     </span>
     <span class='ocr_line' id='line_1_82' title="bbox 960 1760 1668 1802; baseline 0.001 -12"><span class='ocrx_word' id='word_1_437' title='bbox 960 1769 1057 1791; x_wconf 91' lang='lat' dir='ltr'><strong>omne</strong></span> <span class='ocrx_word' id='word_1_438' title='bbox 1083 1760 1117 1791; x_wconf 92' lang='lat' dir='ltr'><strong>id</strong></span> <span class='ocrx_word' id='word_1_439' title='bbox 1145 1761 1234 1802; x_wconf 92' lang='lat' dir='ltr'><strong>quod</strong></span> <span class='ocrx_word' id='word_1_440' title='bbox 1260 1761 1294 1791; x_wconf 92' lang='lat' dir='ltr'><strong>in</strong></span> <span class='ocrx_word' id='word_1_441' title='bbox 1323 1760 1477 1791; x_wconf 91' lang='lat' dir='ltr'><strong>vestibus</strong></span> <span class='ocrx_word' id='word_1_442' title='bbox 1500 1761 1668 1801; x_wconf 87' lang='lat' dir='ltr'><strong>plumaria</strong></span> 
     </span>
     <span class='ocr_line' id='line_1_83' title="bbox 960 1811 1666 1850; baseline 0.003 -10"><span class='ocrx_word' id='word_1_443' title='bbox 960 1815 1033 1841; x_wconf 83' lang='lat' dir='ltr'><strong>arte</strong></span> <span class='ocrx_word' id='word_1_444' title='bbox 1064 1811 1233 1842; x_wconf 81' lang='lat' dir='ltr'><strong>intextum</strong></span> <span class='ocrx_word' id='word_1_445' title='bbox 1259 1817 1346 1850; x_wconf 79' lang='lat' dir='ltr'><strong>erat,</strong></span> <span class='ocrx_word' id='word_1_446' title='bbox 1369 1811 1440 1842; x_wconf 88' lang='lat' dir='ltr'><strong>sive</strong></span> <span class='ocrx_word' id='word_1_447' title='bbox 1472 1816 1588 1842; x_wconf 90' lang='lat' dir='ltr'><strong>essent</strong></span> <span class='ocrx_word' id='word_1_448' title='bbox 1616 1817 1666 1842; x_wconf 88' lang='lat' dir='ltr'><strong>ta-</strong></span> 
     </span>
     <span class='ocr_line' id='line_1_84' title="bbox 960 1863 1591 1900; baseline -0.002 -7"><span class='ocrx_word' id='word_1_449' title='bbox 960 1863 1061 1900; x_wconf 77' lang='lat' dir='ltr'><strong>bulae,</strong></span> <span class='ocrx_word' id='word_1_450' title='bbox 1076 1863 1146 1893; x_wconf 87' lang='lat' dir='ltr'><strong>sive</strong></span> <span class='ocrx_word' id='word_1_451' title='bbox 1163 1863 1309 1894; x_wconf 89' lang='lat' dir='ltr'><strong>orbiculi</strong></span> <span class='ocrx_word' id='word_1_452' title='bbox 1327 1865 1379 1893; x_wconf 90' lang='lat' dir='ltr'><strong>vel</strong></span> <span class='ocrx_word' id='word_1_453' title='bbox 1396 1869 1495 1894; x_wconf 81' lang='lat' dir='ltr'><strong>rotae.</strong></span> <span class='ocrx_word' id='word_1_454' title='bbox 1587 1889 1591 1892; x_wconf 76' lang='grc'>,</span> 
     </span>
    </p>

    <p class='ocr_par' dir='ltr' id='par_1_8' title="bbox 952 1913 1669 2754">
     <span class='ocr_line' id='line_1_85' title="bbox 1002 1913 1669 1954; baseline 0.003 -12"><span class='ocrx_word' id='word_1_455' title='bbox 1002 1915 1021 1943; x_wconf 87' lang='grc'>4</span> <span class='ocrx_word' id='word_1_456' title='bbox 1039 1913 1179 1951; x_wconf 84' lang='lat' dir='ltr'><strong>Nubere,</strong></span> <span class='ocrx_word' id='word_1_457' title='bbox 1196 1913 1340 1953; x_wconf 76' lang='lat' dir='ltr'><strong>nupsisti,</strong></span> <span class='ocrx_word' id='word_1_458' title='bbox 1356 1913 1423 1954; x_wconf 61' lang='lat' dir='ltr'><strong>[lya]</strong></span> <span class='ocrx_word' id='word_1_459' title='bbox 1441 1914 1526 1945; x_wconf 71' lang='lat' dir='ltr'><strong>Haec</strong></span> <span class='ocrx_word' id='word_1_460' title='bbox 1543 1913 1669 1953; x_wconf 89' lang='lat' dir='ltr'><strong>Gellia,</strong></span> 
     </span>
     <span class='ocr_line' id='line_1_86' title="bbox 962 1963 1669 2003; baseline 0.003 -10"><span class='ocrx_word' id='word_1_461' title='bbox 962 1963 1090 1994; x_wconf 82' lang='lat' dir='ltr'><strong>tumida</strong></span> <span class='ocrx_word' id='word_1_462' title='bbox 1107 1963 1151 1994; x_wconf 90' lang='lat' dir='ltr'><strong>ob</strong></span> <span class='ocrx_word' id='word_1_463' title='bbox 1169 1963 1396 2003; x_wconf 83' lang='lat' dir='ltr'><strong>nobilitatem,</strong></span> <span class='ocrx_word' id='word_1_464' title='bbox 1414 1963 1493 1994; x_wconf 88' lang='lat' dir='ltr'><strong>dum</strong></span> <span class='ocrx_word' id='word_1_465' title='bbox 1511 1973 1578 1995; x_wconf 91' lang='lat' dir='ltr'><strong>non</strong></span> <span class='ocrx_word' id='word_1_466' title='bbox 1595 1965 1669 1996; x_wconf 87' lang='lat' dir='ltr'><strong>vult</strong></span> 
     </span>
     <span class='ocr_line' id='line_1_87' title="bbox 960 2015 1668 2054; baseline 0.006 -10"><span class='ocrx_word' id='word_1_467' title='bbox 960 2015 1088 2045; x_wconf 90' lang='lat' dir='ltr'><strong>nubere</strong></span> <span class='ocrx_word' id='word_1_468' title='bbox 1102 2015 1362 2054; x_wconf 84' lang='lat' dir='ltr'><strong>angusticlaviO,</strong></span> <span class='ocrx_word' id='word_1_469' title='bbox 1386 2025 1448 2047; x_wconf 89' lang='lat' dir='ltr'><strong>nec</strong></span> <span class='ocrx_word' id='word_1_470' title='bbox 1466 2015 1507 2046; x_wconf 87' lang='lat' dir='ltr'><strong>ad</strong></span> <span class='ocrx_word' id='word_1_471' title='bbox 1527 2016 1668 2048; x_wconf 86' lang='lat' dir='ltr'><strong>Senato-</strong></span> 
     </span>
     <span class='ocr_line' id='line_1_88' title="bbox 961 2065 1668 2107; baseline 0.008 -13"><span class='ocrx_word' id='word_1_472' title='bbox 961 2065 1026 2095; x_wconf 82' lang='lat' dir='ltr'><strong>rias</strong></span> <span class='ocrx_word' id='word_1_473' title='bbox 1070 2066 1207 2105; x_wconf 84' lang='lat' dir='ltr'><strong>nuptias</strong></span> <span class='ocrx_word' id='word_1_474' title='bbox 1249 2066 1426 2104; x_wconf 89' lang='lat' dir='ltr'><strong>pervenire</strong></span> <span class='ocrx_word' id='word_1_475' title='bbox 1470 2071 1596 2107; x_wconf 86' lang='lat' dir='ltr'><strong>potest,</strong></span> <span class='ocrx_word' id='word_1_476' title='bbox 1629 2073 1668 2100; x_wconf 91' lang='lat' dir='ltr'><strong>ut</strong></span> 
     </span>
     <span class='ocr_line' id='line_1_89' title="bbox 962 2115 1659 2159; baseline 0.006 -15"><span class='ocrx_word' id='word_1_477' title='bbox 962 2120 1074 2145; x_wconf 89' lang='lat' dir='ltr'><strong>tamen</strong></span> <span class='ocrx_word' id='word_1_478' title='bbox 1090 2124 1155 2144; x_wconf 88' lang='lat' dir='ltr'><strong>nou</strong></span> <span class='ocrx_word' id='word_1_479' title='bbox 1168 2115 1427 2146; x_wconf 84' lang='lat' dir='ltr'><strong>nisiLaticlavio</strong></span> <span class='ocrx_word' id='word_1_480' title='bbox 1444 2116 1562 2156; x_wconf 85' lang='lat' dir='ltr'><strong>nubat,</strong></span> <span class='ocrx_word' id='word_1_481' title='bbox 1575 2127 1659 2159; x_wconf 90' lang='lat' dir='ltr'><strong>nup-</strong></span> 
     </span>
     <span class='ocr_line' id='line_1_90' title="bbox 961 2164 1667 2208; baseline 0.007 -14"><span class='ocrx_word' id='word_1_482' title='bbox 961 2165 1004 2196; x_wconf 87' lang='lat' dir='ltr'><strong>sit</strong></span> <span class='ocrx_word' id='word_1_483' title='bbox 1022 2164 1188 2204; x_wconf 82' lang='lat' dir='ltr'><strong>cistifero,</strong></span> <span class='ocrx_word' id='word_1_484' title='bbox 1202 2165 1234 2196; x_wconf 89' lang='lat' dir='ltr'><strong>id</strong></span> <span class='ocrx_word' id='word_1_485' title='bbox 1249 2172 1314 2205; x_wconf 87' lang='lat' dir='ltr'><strong>est,</strong></span> <span class='ocrx_word' id='word_1_486' title='bbox 1327 2171 1477 2197; x_wconf 76' lang='lat' dir='ltr'><strong>externae</strong></span> <span class='ocrx_word' id='word_1_487' title='bbox 1492 2168 1667 2208; x_wconf 80' lang='lat' dir='ltr'><strong>religionis</strong></span> 
     </span>
     <span class='ocr_line' id='line_1_91' title="bbox 961 2215 1665 2257; baseline 0.004 -11"><span class='ocrx_word' id='word_1_488' title='bbox 961 2215 1167 2254; x_wconf 85' lang='lat' dir='ltr'><strong>sacrificulo,</strong></span> <span class='ocrx_word' id='word_1_489' title='bbox 1205 2217 1262 2257; x_wconf 87' lang='lat' dir='ltr'><strong>qui</strong></span> <span class='ocrx_word' id='word_1_490' title='bbox 1302 2223 1414 2247; x_wconf 89' lang='lat' dir='ltr'><strong>tamen</strong></span> <span class='ocrx_word' id='word_1_491' title='bbox 1458 2218 1665 2250; x_wconf 88' lang='lat' dir='ltr'><strong>Laticlavius</strong></span> 
     </span>
     <span class='ocr_line' id='line_1_92' title="bbox 961 2267 1664 2308; baseline 0.006 -11"><span class='ocrx_word' id='word_1_492' title='bbox 961 2273 1050 2306; x_wconf 89' lang='lat' dir='ltr'><strong>erat,</strong></span> <span class='ocrx_word' id='word_1_493' title='bbox 1067 2267 1225 2308; x_wconf 85' lang='lat' dir='ltr'><strong>portabat</strong></span> <span class='ocrx_word' id='word_1_494' title='bbox 1245 2268 1334 2298; x_wconf 88' lang='lat' dir='ltr'><strong>enim</strong></span> <span class='ocrx_word' id='word_1_495' title='bbox 1352 2268 1518 2299; x_wconf 87' lang='lat' dir='ltr'><strong>Calasirin</strong></span> <span class='ocrx_word' id='word_1_496' title='bbox 1536 2269 1664 2301; x_wconf 89' lang='lat' dir='ltr'><strong>lineum</strong></span> 
     </span>
     <span class='ocr_line' id='line_1_93' title="bbox 960 2319 1664 2351; baseline 0.001 -2"><span class='ocrx_word' id='word_1_497' title='bbox 960 2319 1028 2349; x_wconf 74' lang='lat' dir='ltr'><strong>lato</strong></span> <span class='ocrx_word' id='word_1_498' title='bbox 1055 2319 1151 2349; x_wconf 89' lang='lat' dir='ltr'><strong>clavo</strong></span> <span class='ocrx_word' id='word_1_499' title='bbox 1179 2323 1345 2349; x_wconf 85' lang='lat' dir='ltr'><strong>ornatum.</strong></span> <span class='ocrx_word' id='word_1_500' title='bbox 1383 2319 1519 2350; x_wconf 74' lang='lat' dir='ltr'><strong>Rubens.</strong></span> <span class='ocrx_word' id='word_1_501' title='bbox 1568 2320 1664 2351; x_wconf 78' lang='lat' dir='ltr'><strong>Cisti-</strong></span> 
     </span>
     <span class='ocr_line' id='line_1_94' title="bbox 952 2369 1663 2410; baseline 0.004 -11"><span class='ocrx_word' id='word_1_502' title='bbox 952 2369 1041 2409; x_wconf 85' lang='lat' dir='ltr'><strong>fero]</strong></span> <span class='ocrx_word' id='word_1_503' title='bbox 1082 2369 1326 2409; x_wconf 82' lang='lat' dir='ltr'><strong>Abjectissiino</strong></span> <span class='ocrx_word' id='word_1_504' title='bbox 1353 2370 1501 2410; x_wconf 71' lang='lat' dir='ltr'><strong>Cybeles</strong></span> <span class='ocrx_word' id='word_1_505' title='bbox 1536 2371 1663 2402; x_wconf 81' lang='lat' dir='ltr'><strong>sacrifi-</strong></span> 
     </span>
     <span class='ocr_line' id='line_1_95' title="bbox 960 2420 1665 2463; baseline 0.003 -12"><span class='ocrx_word' id='word_1_506' title='bbox 960 2421 1048 2458; x_wconf 90' lang='lat' dir='ltr'><strong>culo,</strong></span> <span class='ocrx_word' id='word_1_507' title='bbox 1076 2421 1133 2461; x_wconf 85' lang='lat' dir='ltr'><strong>qui</strong></span> <span class='ocrx_word' id='word_1_508' title='bbox 1171 2420 1305 2451; x_wconf 88' lang='lat' dir='ltr'><strong>ferebat</strong></span> <span class='ocrx_word' id='word_1_509' title='bbox 1333 2420 1501 2459; x_wconf 86' lang='lat' dir='ltr'><strong>cistulam,</strong></span> <span class='ocrx_word' id='word_1_510' title='bbox 1533 2421 1567 2452; x_wconf 92' lang='lat' dir='ltr'><strong>in</strong></span> <span class='ocrx_word' id='word_1_511' title='bbox 1598 2432 1665 2463; x_wconf 91' lang='lat' dir='ltr'><strong>qua</strong></span> 
     </span>
     <span class='ocr_line' id='line_1_96' title="bbox 959 2472 1663 2512; baseline 0.003 -10"><span class='ocrx_word' id='word_1_512' title='bbox 959 2472 1130 2512; x_wconf 85' lang='lat' dir='ltr'><strong>religionis</strong></span> <span class='ocrx_word' id='word_1_513' title='bbox 1148 2472 1268 2502; x_wconf 74' lang='lat' dir='ltr'><strong>Isiacae</strong></span> <span class='ocrx_word' id='word_1_514' title='bbox 1286 2477 1383 2503; x_wconf 89' lang='lat' dir='ltr'><strong>erant</strong></span> <span class='ocrx_word' id='word_1_515' title='bbox 1407 2482 1542 2503; x_wconf 86' lang='lat' dir='ltr'><strong>arcana.</strong></span> <span class='ocrx_word' id='word_1_516' title='bbox 1581 2473 1663 2504; x_wconf 88' lang='lat' dir='ltr'><strong>Tur·</strong></span> 
     </span>
     <span class='ocr_line' id='line_1_97' title="bbox 958 2522 1664 2563; baseline 0.001 -10"><span class='ocrx_word' id='word_1_517' title='bbox 958 2523 1064 2553; x_wconf 86' lang='lat' dir='ltr'><strong>nebus</strong></span> <span class='ocrx_word' id='word_1_518' title='bbox 1079 2522 1138 2552; x_wconf 90' lang='lat' dir='ltr'><strong>lib.</strong></span> <span class='ocrx_word' id='word_1_519' title='bbox 1156 2525 1186 2553; x_wconf 86' lang='lat'><strong>3.</strong></span> <span class='ocrx_word' id='word_1_520' title='bbox 1210 2532 1285 2562; x_wconf 90' lang='lat' dir='ltr'><strong>cap.</strong></span> <span class='ocrx_word' id='word_1_521' title='bbox 1303 2526 1355 2554; x_wconf 70' lang='lat'><strong>⁶21.</strong></span> <span class='ocrx_word' id='word_1_522' title='bbox 1373 2528 1408 2553; x_wconf 91' lang='lat' dir='ltr'><strong>et</strong></span> <span class='ocrx_word' id='word_1_523' title='bbox 1425 2523 1575 2563; x_wconf 83' lang='lat' dir='ltr'><strong>Baptist.</strong></span> <span class='ocrx_word' id='word_1_524' title='bbox 1606 2523 1664 2554; x_wconf 92' lang='lat' dir='ltr'><strong>Pii</strong></span> 
     </span>
     <span class='ocr_line' id='line_1_98' title="bbox 958 2573 1662 2606; baseline 0.003 -3"><span class='ocrx_word' id='word_1_525' title='bbox 958 2574 1083 2604; x_wconf 83' lang='lat' dir='ltr'><strong>Annot.</strong></span> <span class='ocrx_word' id='word_1_526' title='bbox 1100 2573 1211 2604; x_wconf 86' lang='lat' dir='ltr'><strong>Prior.</strong></span> <span class='ocrx_word' id='word_1_527' title='bbox 1256 2574 1458 2604; x_wconf 89' lang='lat' dir='ltr'><strong>Caldcrinus</strong></span> <span class='ocrx_word' id='word_1_528' title='bbox 1486 2573 1662 2606; x_wconf 73' lang='lat' dir='ltr'><strong>desudaeo</strong></span> 
     </span>
     <span class='ocr_line' id='line_1_99' title="bbox 958 2623 1661 2665; baseline 0 -10"><span class='ocrx_word' id='word_1_529' title='bbox 958 2623 1133 2663; x_wconf 87' lang='lat' dir='ltr'><strong>intelligit,</strong></span> <span class='ocrx_word' id='word_1_530' title='bbox 1151 2623 1205 2653; x_wconf 84' lang='lat' dir='ltr'><strong>cui</strong></span> <span class='ocrx_word' id='word_1_531' title='bbox 1230 2624 1239 2640; x_wconf 88' lang='lat'>‘</span> <span class='ocrx_word' id='word_1_532' title='bbox 1258 2624 1439 2664; x_wconf 86' lang='lat' dir='ltr'><strong>cophinum</strong></span> <span class='ocrx_word' id='word_1_533' title='bbox 1466 2624 1661 2665; x_wconf 83' lang='lat' dir='ltr'><strong>foenumqne</strong></span> 
     </span>
     <span class='ocr_line' id='line_1_100' title="bbox 956 2673 1661 2715; baseline 0.004 -11"><span class='ocrx_word' id='word_1_534' title='bbox 956 2673 1135 2714; x_wconf 63' lang='lat' dir='ltr'><strong>supellex!</strong></span> <span class='ocrx_word' id='word_1_535' title='bbox 1181 2673 1303 2714; x_wconf 88' lang='lat' dir='ltr'><strong>Inepte</strong></span> <span class='ocrx_word' id='word_1_536' title='bbox 1331 2676 1448 2715; x_wconf 85' lang='lat' dir='ltr'><strong>legunt</strong></span> <span class='ocrx_word' id='word_1_537' title='bbox 1484 2676 1553 2715; x_wconf 90' lang='lat' dir='ltr'><strong>alii,</strong></span> <span class='ocrx_word' id='word_1_538' title='bbox 1591 2676 1661 2707; x_wconf 87' lang='lat' dir='ltr'><strong>Cel-</strong></span> 
     </span>
     <span class='ocr_line' id='line_1_101' title="bbox 956 2725 1066 2754; baseline -0.018 0"><span class='ocrx_word' id='word_1_539' title='bbox 956 2725 1066 2754; x_wconf 82' lang='lat' dir='ltr'><strong>tibero.</strong></span> 
     </span>
    </p>

    <p class='ocr_par' dir='ltr' id='par_1_9' title="bbox 1001 2775 1660 2809">
     <span class='ocr_line' id='line_1_102' title="bbox 1001 2775 1660 2809; baseline 0.006 -5"><span class='ocrx_word' id='word_1_540' title='bbox 1001 2775 1231 2805; x_wconf 79' lang='lat' dir='ltr'><strong>EPJG.XV111.</strong></span> <span class='ocrx_word' id='word_1_541' title='bbox 1267 2776 1419 2807; x_wconf 67' lang='lat' dir='ltr'><strong>Excusat</strong></span> <span class='ocrx_word' id='word_1_542' title='bbox 1457 2785 1521 2807; x_wconf 90' lang='lat' dir='ltr'><strong>non</strong></span> <span class='ocrx_word' id='word_1_543' title='bbox 1557 2777 1660 2809; x_wconf 63' lang='lat' dir='ltr'><strong>missa</strong></span> 
     </span>
    </p>
   </div>
  </div>
 </body>
</html>
