1866 3131
272 166 382 206 1:352

266 272 427 302 successit
445 271 571 310 Nerva,
594 277 628 301 et
646 271 769 302 Nerva:
786 281 861 302 mox
876 271 954 301 Tra-

262 323 375 361 janus,
398 321 437 352 ad
464 331 562 362 quem
589 326 666 352 sunt
691 322 779 353 lecta
804 321 955 363 quaedam

265 373 362 412 hujus
379 373 454 403 libri
467 372 728 413 Epigrammata.
754 374 900 404 naam-us.

311 425 324 451 l
355 422 598 463 Cor-onide,85c.]
626 424 719 454 Fine.
741 423 844 463 Signo
861 422 955 453 abso·

268 472 328 502 luti
347 472 456 511 operis
479 472 512 502 in
537 473 630 504 calce
657 472 732 503 libri
760 472 881 512 posito,
895 473 955 502 hac

267 520 374 561 figura
389 523 430 553 V.
447 523 498 553 vel
515 525 545 554 7.
567 523 629 554 alae
645 523 775 553 scilicet
791 522 952 553 cornicis:

267 572 491 603 translatione
517 572 560 604 ab
589 572 745 611 aedificio‚
771 572 865 612 cujus
885 572 954 611 jam

266 621 411 653 absoluti
450 621 586 663 fastigio
621 623 802 664 apponitur
828 622 955 653 cornix.

265 671 333 702 Sed
351 671 427 703 vide
444 672 528 704 Coel.
545 673 690 714 thodig.
704 673 789 704 libro
813 675 863 704 15.
880 682 956 713 cap.

269 725 323 753 20.

309 776 328 804 3
355 774 472 814 Terque
507 777 682 814 quaterque,
711 773 779 813 δῖα]
825 773 957 804 Poteris

267 824 398 864 singulo
427 824 679 865 Epigrammate
700 823 870 864 praefinire
896 823 957 854 tibi

266 873 365 906 finem
382 874 471 914 libri,
486 880 522 906 et
536 874 649 906 faeere
666 885 718 906 me
732 880 799 906 tam
823 875 958 906 brevem

267 934 516 967 paucarumque
531 925 739 965 paginarum,
752 935 790 955 ac
803 925 960 956 volueris.

310 976 415 1006 Eme.
432 984 471 1007 11.
496 978 511 1006 1
531 975 707 1016 Festinata]
730 976 892 1007 Decimus
903 976 958 1007 hic

268 1025 540 1065 Epigrammaton
565 1026 712 1066 libellus,
738 1036 958 1068 praepropere

267 1074 391 1115 editus,
405 1080 585 1107 revocatur
599 1076 641 1107 ad
664 1077 833 1115 incudem,
857 1082 891 1108 et
906 1086 956 1108 se-

267 1125 409 1156 cundam
424 1135 551 1165 curam,
567 1137 641 1168 quae
657 1128 862 1168 emendavit,
884 1138 956 1169 quae

268 1175 398 1206 addidit
415 1176 568 1216 plurima.
615 1178 710 1208 Prior
724 1179 812 1218 cura]
850 1178 956 1209 Primi

266 1224 364 1256 faetus
382 1235 447 1256 non
462 1226 541 1257 satis
564 1228 698 1266 maturi,
722 1228 843 1267 ὕστεραι
870 1235 957 1268 φρον-

266 1275 346 1307 τίδες
367 1276 549 1317 σοφώτεραι,
565 1288 655 1309 curae
671 1279 827 1311 secundae
843 1280 955 1311 melio-

268 1334 332 1356 res,

309 1379 327 1406 3
355 1377 452 1417 Nota,
463 1377 529 1417 Sym]
552 1377 669 1410 Prima
685 1379 739 1410 ina
755 1379 914 1411 editione.

309 1430 327 1458 4
355 1428 487 1468 Utrique
504 1428 595 1469 sate]
619 1429 866 1463 Posterioribus
882 1431 958 1470 illis,

268 1482 301 1508 et
318 1478 411 1508 novis
427 1479 476 1509 his
493 1479 593 1509 curis.

308 1532 326 1558 5
354 1529 434 1568 Opes
461 1529 590 1569 nostrae]
635 1529 855 1570 Appositive:
894 1543 959 1573 quo

268 1578 408 1618 majores
424 1588 506 1619 opes
528 1589 594 1610 non
620 1586 735 1620 posset
761 1581 840 1612 mihi
856 1583 960 1614 Roma

268 1628 359 1659 dare.

309 1681 329 1708 6
354 1678 410 1708 Nil
424 1679 494 1719 tibi,
509 1679 577 1719 lisa]
611 1680 765 1722 Namque
782 1692 800 1713 a
820 1683 959 1715 lectoris

267 1727 411 1758 candore
428 1733 462 1758 et
478 1729 585 1768 gratia
610 1729 770 1762 librorum
794 1732 960 1764 immorta-

266 1777 364 1814 litas3
386 1783 422 1808 ut
439 1787 508 1818 seq.
527 1788 613 1809 vers.

307 1829 325 1856 7
350 1826 463 1865 Pigra,
479 1827 547 1866 de]
582 1830 686 1860 Vives
706 1829 894 1862 vindicatus
918 1832 958 1862 ab

265 1875 434 1907 hominum
448 1876 616 1908 oblivione
630 1883 664 1910 et
677 1878 758 1910 fato.
801 1881 908 1911 Lethe
925 1880 958 1912 fl.

265 1924 430 1956 infernum
446 1926 633 1958 oblivionis.

309 1979 330 2006 9
352 1977 529 2017 Marmora]
561 1978 780 2010 Monumenta
797 1981 848 2010 vel
866 1981 958 2012 nobi-

267 2026 394 2057 lissima
427 2027 606 2067 caprificus
637 2039 654 2060 e
682 2031 783 2061 muris
809 2036 845 2061 et
870 2032 958 2062 saxis

266 2085 444 2117 erumpens
467 2077 636 2109 discutere
661 2081 762 2111 valet.
795 2081 882 2113 Plin.
899 2082 957 2114 lib.

266 2129 318 2158 16.
334 2137 409 2167 cap.
428 2130 478 2159 19.
502 2127 589 2159 Vide
606 2129 670 2169 Ep.
687 2132 717 2160 3.
735 2130 790 2161 lib.
805 2134 835 2161 S.
878 2132 957 2162 Mes-

265 2178 349 2216 mlae,
385 2179 451 2219 ἐξίῃ]
495 2178 503 2195 ‘
534 2178 756 2210 Monumeuta
788 2179 959 2220 fatiscunt,

266 2227 360 2258 Mors
385 2229 487 2259 etiam
510 2229 599 2259 saxis
620 2230 874 2271 nominibusque
906 2241 959 2262 ve-

266 2279 342 2318 nit;'
370 2279 546 2311 Ausonius.
569 2279 668 2319 Ψήχει
683 2281 733 2311 καὶ
748 2281 860 2321 πέτρην
873 2284 889 2313 ὃ
904 2296 956 2313 πο-

264 2329 319 2361 Λὺς
335 2330 454 2369 χρόνος,
468 2333 531 2362 &c.
555 2331 610 2363 lib.
629 2335 659 2362 3.
685 2332 864 2374 Antholog.
883 2344 956 2374 cap.

271 2383 317 2411 14.
364 2382 406 2412 Et
421 2380 540 2420 audax]
563 2382 606 2412 Et
625 2382 793 2413 vilissima:
816 2382 955 2424 quisque

266 2431 466 2462 conditionis
482 2430 585 2462 audet
599 2431 754 2464 deridere
772 2434 955 2465 vanitatem

265 2482 422 2522 divitum,
439 2483 559 2523 quibus
585 2488 780 2515 statuuntur
796 2485 956 2525 imagines

265 2539 448 2573 equestreS,
464 2543 545 2573 quas
563 2539 712 2565 vetustas
735 2535 850 2566 exedit
866 2535 955 2566 fran-

265 2582 389 2620 gitque.
413 2583 468 2613 Sic
479 2583 634 2615 Juvenal.
651 2584 760 2624 Satyr.
777 2588 808 2615 8.
824 2595 909 2617 vers.
925 2588 956 2618 4.

312 2635 347 2662 10
372 2632 490 2672 Crispi]
514 2633 652 2674 Crispus
668 2634 733 2664 fuit
750 2634 893 2666 Neronis
911 2635 955 2665 vi-

267 2682 382 2719 tricus,
395 2682 578 2714 ditissimus
596 2684 818 2716 Romanorum
835 2696 841 2716 ε
879 2686 957 2727 Epi-

267 2738 446 2770 g1·‹umnate
458 2737 508 2764 54.
522 2734 580 2765 lib.
598 2738 627 2765 4.
643 2743 726 2766 vers..
742 2738 772 2765 7.

723 177 861 207 NOTAE
897 177 1153 207 VARwRUM
1190 177 1238 205 ΙΝ

1050 272 1085 299 11
1114 269 1180 299 Nec
1209 271 1308 299 secula
1333 268 1484 308 prensum]
1519 269 1603 299 Dies
1631 279 1694 300 non

1005 319 1107 349 habet
1123 320 1179 359 jus
1205 318 1360 349 abolendi
1385 319 1550 349 Carmina.
1596 319 1695 355 Nam,

1006 369 1031 399 si
1049 375 1180 409 tempus
1197 369 1281 399 edax
1295 374 1467 408 praeesset,
1484 376 1697 399 consumeret

1007 425 1174 451 auctores,
1218 419 1287 450 Alii
1312 420 1377 459 leg.
1404 422 1554 458 prostant,-
1585 425 1621 450 ut
1650 421 1696 449 vi-

1006 470 1124 500 deatur
1147 470 1261 500 ludere
1283 470 1315 500 in
1331 468 1442 499 verbis
1458 472 1564 499 nocent
1580 473 1614 499 et
1630 478 1699 509 pro-

1004 525 1096 552 sunt:
1120 521 1235 559 Sed‚si
1252 521 1377 551 saecula
1392 529 1459 551 non
1475 524 1627 560 prosunt,
1641 529 1699 550 no-

1003 576 1085 602 cent
1103 571 1282 611 perdendis
1295 576 1331 602 et
1353 570 1572 602 obliterandis
1593 570 1700 601 libris,

1007 622 1093 662 quod
1119 622 1203 652 haud
1230 621 1345 662 paucis
1367 621 1500 652 accidit.
1545 619 1699 651 Praefero

1007 676 1117 702 tamen
1140 671 1177 702 τὸ
1200 674 1347 712 praesunt,
1368 670 1457 712 quod
1481 670 1569 708 libri,
1591 670 1619 701 si
1647 680 1701 710 ge-

1007 723 1150 753 neratim
1175 723 1361 764 loquamur,
1377 722 1444 752 sint
1459 729 1561 758 supra
1576 721 1699 752 saecula

1008 778 1043 804 et
1059 783 1189 804 omnem
1207 778 1424 804 vetustatem.
1449 772 1530 802 Rad.

1050 826 1090 855 12
1128 825 1328 855 Monumenta
1357 823 1451 863 mori]
1505 825 1514 840 ‘
1543 822 1700 853 Carmina

1008 884 1104 914 quam
1143 874 1281 913 donant,
1311 874 1400 905 fama
1426 873 1580 914 perennis
1613 870 1703 903 erit.’

1007 924 1052 955 Οὐ
1066 925 1126 965 ’γὰρ
1140 925 1241 957 ἀοιδὰς
1255 924 1436 964 Ἀμβλύνειν
1457 923 1527 955 αἰὼν
1554 923 1627 965 (κῆν
1638 923 1698 955 ἐθέ-

1007 973 1064 1016 λῃ)
1078 974 1212 1016 δύναται,
1226 976 1284 1007 lib.
1302 978 1333 1007 3.
1360 975 1476 1016 Epigr.
1494 975 1608 1006 Graec.
1623 984 1700 1014 cap.

1009 1029 1059 1058 14.

1049 1077 1154 1108 Eme.
1171 1086 1225 1109 111.
1250 1077 1290 1108 In
1307 1076 1544 1108 clancularium
1566 1075 1699 1116 poetam

1009 1132 1044 1158 et
1058 1128 1288 1168 impostorem,
1313 1127 1368 1168 qui
1391 1126 1519 1158 famosa
1544 1125 1701 1157 Carmina

1007 1177 1141 1208 nomine
1165 1178 1331 1209 Martialis
1345 1177 1541 1217 spargebat,
1555 1182 1591 1208 nt
1615 1177 1706 1208 Poe·

1009 1232 1052 1258 tae
1071 1228 1254 1267 pericnlum
1281 1232 1415 1258 crearet
1431 1238 1439 1265 ;
1474 1237 1570 1268 quem
1587 1227 1701 1258 multis

1007 1278 1112 1308 modis
1128 1277 1290 1308 mendacii
1308 1283 1341 1308 et
1354 1278 1549 1318 imposturae
1567 1278 1689 1318 arguit.

1052 1331 1067 1358 1
1098 1328 1332 1359 Vernaculorum
1358 1329 1455 1367 dicta,
1477 1328 1545 1368 dra]
1574 1328 1703 1359 Seurri-

1009 1380 1051 1410 lia
1080 1379 1235 1418 dicteria,
1268 1380 1379 1421 qualia
1406 1384 1482 1410 sunt
1514 1389 1705 1410 vernarum.

1009 1430 1125 1470 Epigr.
1151 1433 1203 1461 42.
1218 1429 1278 1460 lib.
1297 1433 1327 1461 1.
1352 1440 1439 1461 vers.
1456 1434 1486 1461 1.
1530 1431 1702 1461 Vernacu-

1009 1480 1056 1510 los
1072 1489 1152 1520 ergo
1178 1480 1230 1511 hic
1255 1485 1355 1511 vocat
1381 1479 1595 1520 εὐτραπέλους,
1610 1480 1701 1511 dica-

1009 1540 1065 1562 ces
1093 1536 1127 1562 et
1155 1531 1312 1562 scurriles
1339 1541 1461 1572 nempe
1486 1532 1636 1563 homines
1666 1537 1701 1562 et

1008 1581 1179 1612 inimicos:
1204 1581 1279 1613 hinc
1294 1583 1302 1598 ‘
1318 1583 1497 1614 vernacula
1514 1581 1703 1614 urbanitas’

1007 1631 1114 1662 Tacit.
1146 1630 1230 1662 libro
1259 1635 1289 1663 2.
1326 1631 1458 1664 Salmas.
1511 1633 1702 1673 Congrega-

1010 1680 1130 1712 bantur
1159 1682 1261 1713 certis
1287 1682 1368 1714 locis
1398 1683 1431 1713 hi
1457 1684 1638 1723 vernaculi,
1667 1689 1702 1715 et

1008 1741 1132 1762 scurrae
1161 1733 1357 1772 conscripti,
1380 1738 1480 1773 atque
1506 1734 1601 1774 quasi
1628 1743 1702 1773 gre·

1009 1791 1084 1821 gem
1096 1779 1298 1813 efficiebant.
1322 1782 1473 1823 Dentem]
1496 1783 1701 1815 Mordacita-

1010 1835 1088 1867 tem,
1101 1829 1224 1862 faedam
1241 1831 1470 1863 dicacitatem.

1050 1884 1069 1911 2
1095 1882 1322 1923 Circulatrz'cis]
1353 1884 1400 1914 Ut
1423 1883 1564 1924 quisque
1588 1884 1703 1924 abjec-

1009 1930 1167 1970 tissimus,
1192 1932 1239 1962 ita
1263 1933 1473 1964 solutissimae
1497 1934 1622 1973 linguae
1638 1938 1704 1973 est,

1007 1981 1100 2020 cujus
1112 1980 1307 2020 impuritate
1319 1983 1462 2013 maxime
1479 1984 1607 2014 strenui
1625 1989 1702 2014 sunt

1009 2030 1095 2069 vagi,
1112 2039 1259 2068 errones,
1275 2031 1544 2070 circumforanei,
1560 2034 1700 2064 circula-

1009 2084 1110 2119 tores,
1123 2080 1245 2118 γόητες.

1050 2132 1069 2160 3
1095 2129 1171 2164 Qaoe
1196 2130 1385 2170 sulphurato,
1410 2133 1478 2173 fisa]
1513 2133 1597 2164 Quae
1615 2133 1700 2163 vilis-

1007 2182 1106 2212 simos
1122 2191 1268 2223 quosque
1291 2182 1441 2214 homines
1466 2184 1618 2225 proloqui
1643 2194 1700 2224 pu-

1008 2232 1096 2262 deat.
1142 2233 1225 2265 Quae
1252 2233 1347 2270 nolit,
1375 2233 1429 2272 qui
1461 2233 1566 2264 vitrea
1592 2233 1701 2264 fracta

1008 2283 1212 2322 sulphuratis
1230 2289 1421 2323 permutat;
1447 2284 1561 2324 Epigr.
1576 2287 1629 2315 42.
1643 2284 1700 2315 lib.

1010 2336 1036 2363 l.
1054 2342 1139 2365 vers.
1155 2335 1186 2363 4.

1048 2386 1066 2413 4
1096 2383 1304 2422 Vatiniorum]
1340 2384 1529 2415 Vitreornm
1547 2386 1702 2424 calicum,

1007 2443 1025 2462 a
1042 2433 1190 2471 Vatinio,
1207 2434 1446 2465 Beneventano
1462 2434 1590 2465 artifice
1607 2446 1616 2473 ;
1640 2436 1698 2466 lib.

1009 2484 1056 2513 14.
1081 2483 1197 2522 Epigr.
1213 2486 1266 2514 96.
1312 2484 1504 2525 Proxeneta]
1531 2485 1700 2516 Proxene-

1007 2538 1062 2570 tae,
1087 2532 1230 2573 Apuleio
1257 2533 1458 2574 interprete,
1483 2540 1559 2565 suut
1575 2534 1700 2566 media·

1006 2588 1110 2622 tores,
1128 2589 1163 2614 ut
1178 2584 1248 2624 ipse
1273 2585 1434 2625 loquitur,
1459 2586 1519 2616 hoc
1545 2590 1607 2625 est,
1621 2595 1699 2617 con-

1005 2633 1187 2671 ciliatores‚
1199 2633 1504 2675 intercessoresque
1514 2635 1600 2666 iuter
1611 2645 1702 2676 emp-

1007 2688 1112 2714 torem
1136 2689 1170 2713 et
1196 2683 1414 2715 venditorem.
1460 2684 1534 2715 Hoc
1555 2685 1628 2715 loco
1644 2694 1699 2716 ac-

1006 2733 1093 2772 cipio
1110 2743 1169 2772 pro
1186 2743 1237 2773 eo,
1253 2734 1307 2774 qui
1325 2734 1412 2765 inter
1428 2734 1697 2773 sulphuratorum
