1866 3131
256 179 369 222 1418

302 288 318 316 1
350 285 550 325 Viridumque
566 285 702 324 carmen]
728 286 841 324 Quiclr,
855 285 959 325 sharp,

258 337 372 378 wilty:
403 345 545 367 acumen
562 337 649 367 euim
673 346 707 367 es
723 342 756 367 te
774 336 957 367 virtutibus

260 387 537 427 EpigrammatiS.
554 387 654 427 Epig.
669 391 698 418 1.
715 388 772 418 lib.
785 390 815 418 1.
829 390 956 418 vers.3.

302 440 322 467 2
349 437 462 475 Times,
473 436 627 476 Lignrra]
651 437 757 468 Dices
769 437 912 468 subinde
924 442 958 468 te

263 487 398 517 timere.

302 542 319 568 5
347 538 385 568 In
403 542 519 577 tauros,
549 538 618 578 circu]
653 538 758 570 Ἀετὸς
781 539 816 569 οὐ
845 537 959 579 θηρεύει

259 588 314 620 τὰς
329 588 416 627 μυίας
429 590 500 620 οὔτε
515 590 573 628 μῦν
587 589 711 628 ἔλεφας.

303 643 322 670 8
348 641 604 681 Nigrisornz'cis]
643 640 791 672 Obscuri
817 640 894 679 loci,
924 645 960 671 et

261 691 336 722 vilis
369 697 458 723 notae
490 691 768 722 versificatorem.
815 691 960 730 Ebrinm]

260 742 434 778 Insanum,
450 743 621 774 stolidum.
658 743 685 773 A
702 745 852 782 pot-poet.

303 796 323 823 9
349 794 412 828 Qui
432 793 560 824 carbone
586 793 669 831 rudi,
690 792 759 833 εγω]
798 793 865 825 Qui
894 793 959 824 levi

262 843 411 874 carbone
428 848 566 874 cretave
593 853 710 874 versus
727 843 876 874 inscribit
903 853 961 883 pa-

262 894 373 924 rietie
392 899 488 934 tergo
517 893 653 925 aedium.
700 893 842 934 Adjecit
881 896 961 934 ‘pu-

263 944 331 983 tri‚'
349 949 385 975 ut
404 944 522 984 putida
539 950 673 975 notaret
691 944 861 975 Carmina.

308 998 345 1026 10
372 995 449 1030 Quae
466 997 576 1034 legunt
593 994 752 1035 meantes]
769 996 855 1026 Ωιι-(ι)
873 1005 963 1026 man-

263 1046 390 1076 dentur
407 1046 490 1077 Deae
513 1047 698 1078 Cloacinae.
737 1048 861 1078 Qualia
876 1047 884 1063 ‘
898 1048 962 1077 Ta-

264 1097 351 1127 nusii
369 1096 536 1128 Annales·
563 1098 721 1129 Senecae:
757 1104 791 1128 et
816 1099 965 1138 Catullo,

263 1151 272 1164 ‘
285 1148 436 1180 Annales
452 1150 570 1180 Volusi
586 1155 706 1180 cacata
723 1150 861 1181 charta)

310 1202 346 1231 ll
372 1200 472 1230 Frons
489 1200 553 1231 hoec
565 1200 723 1239 stigmate,
734 1200 802 1240 Qu]
825 1201 962 1231 Servilis

266 1255 326 1282 tua
349 1249 440 1280 frons
464 1260 527 1281 non
545 1251 646 1290 digna
662 1256 726 1288 cst,
742 1252 795 1281 cni
812 1261 875 1291 ego
894 1252 963 1281 inu-

264 1311 333 1332 ram
351 1311 505 1333 mansura
518 1302 684 1332 Carminis
700 1303 764 1332 mei
784 1307 922 1342 puncta.

310 1353 521 1383 Epa-„nnn
553 1352 674 1383 Prisco
700 1353 862 1383 Terentio
889 1358 965 1393 post

268 1413 390 1434 annum
423 1408 554 1434 sextum
595 1403 670 1443 ipso
708 1404 897 1434 Decembri
931 1405 964 1434 in

267 1455 411 1495 patriam
442 1454 641 1494 Hispaniam
679 1454 797 1485 reduci
828 1455 964 1494 epulum

267 1506 468 1544 exstruitur,
485 1505 526 1536 ad
543 1506 631 1546 quod
659 1505 769 1536 Poeta
784 1506 967 1536 Saturnum

268 1558 412 1596 invitat3
436 1562 471 1588 et
488 1564 600 1597 rogat,
616 1563 653 1588 ut
668 1557 788 1588 Prisco
805 1567 899 1597 saepe
917 1568 966 1589 re-

268 1613 369 1638 vocet
394 1608 600 1648 Saturnalia,
628 1608 754 1649 dinque
782 1609 830 1639 illi
858 1619 967 1640 aevum

270 1663 451 1698 propaget.
477 1658 562 1689 Rad.

314 1712 329 1739 l
354 1709 496 1748 Antiqui,
517 1709 585 1749 cisa]
618 1709 780 1747 Saturne,
811 1709 873 1740 sub
902 1719 969 1750 quo

269 1769 373 1790 aurea
396 1759 454 1790 illa
491 1765 586 1798 aetas,
617 1769 753 1799 secura,
793 1760 969 1799 innocens,

271 1810 399 1850 quieta,
415 1812 478 1840 διο.
504 1811 549 1840 Et
563 1812 572 1826 ‘
589 1810 731 1852 Antiqui
750 1812 818 1850 poli
837 1810 968 1851 regem'

271 1860 428 1900 appellat
459 1861 657 1899 Saturnum,
681 1862 770 1901 quod
802 1861 970 1892 Saturnus

272 1916 350 1941 ante
388 1910 511 1942 ,Iovem
542 1911 627 1941 coelo
658 1911 923 1951 imperitaverit,
952 1922 971 1942 a

271 1962 358 1993 Jove
380 1960 449 1992 filio
477 1966 595 2001 postea
619 1967 742 1991 exutus
758 1961 912 2001 imperio,
936 1966 972 1993 et

271 2013 487 2045 deturbatus.

314 2066 332 2092 3
359 2064 425 2094 Nec
440 2063 557 2101 regale,
572 2061 642 2101 3⁴12]
668 2062 906 2102 Imperiosum,
921 2067 971 2104 ty-

273 2115 460 2145 rannicum.
508 2112 731 2152 Nee-fulmine,
751 2113 864 2153 digna]
898 2114 971 2145 Nec

273 2165 405 2197 scelera
420 2164 559 2195 fulmine
580 2164 692 2203 digna.

316 2220 335 2247 4
370 2216 488 2254 Scissa,
513 2215 581 2255 lisa]
619 2214 674 2244 Ad
713 2213 901 2244 eruendum
930 2224 972 2246 ex

275 2267 462 2299 visceribus
501 2272 603 2298 terrae
650 2266 784 2306 imaque
823 2267 974 2298 Manium

275 2318 355 2350 sede
372 2317 501 2349 ferrum
518 2316 679 2358 ferroque
711 2318 889 2349 nocentius
918 2328 974 2349 au-

275 2379 363 2400 nrm.

318 2423 338 2451 6
362 2420 471 2450 Sacris
485 2417 563 2457 tuis]
599 2418 832 2450 Saturnalibus
848 2423 884 2449 et
910 2419 977 2450 De-

277 2471 420 2510 cembri,
437 2480 500 2511 quo
519 2476 595 2509 post
611 2472 642 2499 6.
670 2479 774 2500 annos
793 2470 894 2501 rediit
912 2472 975 2502 Ro-

276 2531 332 2553 ma
359 2521 392 2552 in
422 2521 568 2561 patriam
598 2520 800 2559 Hispaniam
838 2521 975 2553 Priscus

278 2574 417 2605 Terent.
445 2572 531 2602 Aliis
549 2572 680 2602 Marius
696 2571 846 2603 Priscus.

322 2627 341 2654 8
364 2623 500 2664 Pacifici
517 2621 645 2661 Numoe]
678 2622 744 2654 Qui
773 2623 862 2653 nulla
888 2622 977 2654 bella

279 2675 396 2714 gessit,
412 2674 470 2705 sed
489 2678 597 2704 totum
624 2682 660 2703 se
676 2673 907 2714 populumque
925 2683 976 2704 re-

283 2724 460 2763 ligionibus
478 2722 572 2754 dedit
588 2728 624 2753 et
640 2722 837 2754 adstrinxit.

324 2777 344 2804 0
370 2774 481 2806 Cernis
506 2777 540 2803 ut
568 2773 714 2813 Ausonio,
745 2773 813 2813 fisa]
850 2774 974 2806 Viden'

720 189 859 221 NO'I'AE
894 189 1156 220 VARIORUM
1196 188 1244 220 lx

1008 290 1045 314 ut
1075 289 1259 325 apparatus
1293 283 1563 314 Saturnaliormu
1591 283 1645 314 'nic
1670 284 1702 314 in

1013 336 1179 375 Hispania
1202 335 1382 365 zrmuletur
1409 334 1577 364 Romam?
1612 334 1705 364 Pom-

1006 386 1062 426 pa]
1089 387 1260 424 Carnium,
1284 385 1489 426 pisciumque
1514 392 1549 415 et
1574 384 1704 414 obsoni-

1009 447 1116 468 orum.

1055 492 1091 519 11
1120 489 1221 523 Quam
1247 497 1307 517 non
1331 496 1422 526 parca
1450 485 1572 525 manus]
1602 485 1706 515 Vides

1010 549 1109 580 quam
1130 540 1222 580 larga
1246 538 1307 568 tibi
1335 537 1532 568 deferantur
1557 545 1710 572 munera,

1012 596 1205 632 quantaque
1237 590 1378 631 pecunia
1411 590 1444 619 in
1475 587 1707 620 Saturnalibus

1012 643 1221 673 absumatur.
1268 641 1464 671 Nomismata
1484 637 1610 678 mensae]
1632 638 1708 668 Mu-

1011 703 1104 724 nera.

1056 746 1094 774 13
1124 743 1225 782 thue
1246 742 1288 773 sit
1308 741 1357 771 his
1380 742 1526 781 pretium,
1550 738 1617 779 850]
1666 738 1710 768 Et

1014 803 1079 833 quo
1097 794 1224 833 gratior
1242 792 1302 823 tibi
1318 792 1363 822 sit
1384 792 1456 822 haec
1471 791 1662 827 celebritas,
1679 789 1709 818 0

1013 844 1173 881 Saturne,
1189 844 1327 874 Priscus
1341 848 1375 873 et
1389 842 1495 872 Pater
1510 847 1545 872 et
1561 841 1712 871 tenacior

1013 894 1197 934 aliquanto,
1226 894 1298 924 brec
1323 893 1386 924 tibi
1411 894 1505 932 larga
1534 890 1712 932 profundit

1014 955 1136 975 mauu:
1162 945 1276 985 itaque
1302 945 1328 974 si
1346 944 1448 974 orbus
1474 949 1577 981 esset,
1599 947 1711 983 posset

1015 1005 1087 1026 esse
1104 995 1289 1033 liberalior,
1306 1005 1394 1026 nunc
1412 999 1508 1036 pater
1528 995 1589 1026 hoc
1615 993 1711 1032 facit,

1015 1047 1094 1088 quid
1112 1045 1242 1077 faceret
1260 1046 1362 1077 ἄπαις.

1060 1101 1099 1127 16
1124 1098 1192 1128 Hos
1204 1097 1251 1127 illi
1268 1096 1391 1136 jubeas,
1415 1096 1483 1136 Syru]
1517 1096 1565 1126 Ut
1594 1096 1712 1126 Prisco

1016 1149 1160 1187 plurima
1174 1148 1350 1188 indulgeas
1375 1147 1583 1186 Saturnalia,
1599 1147 1632 1178 id
1651 1152 1716 1185 est,

1015 1198 1211 1228 diuturnum
1230 1199 1306 1228 vitae
1324 1207 1431 1227 usum.

1060 1249 1283 1278 E91G.1‚xrn.
1311 1247 1351 1278 In
1377 1247 1631 1278 Cordubensem
1649 1246 1715 1276 Ρο-

1017 1299 1120 1337 ctam,
1138 1304 1172 1329 et
1188 1299 1325 1336 malum,
1342 1304 1375 1329 et
1392 1298 1499 1329 furem
1519 1298 1713 1329 Carminum

1016 1359 1149 1380 snorum
1168 1349 1308 1388 scribit3
1325 1355 1492 1390 rogatque
1509 1348 1714 1384 Cordubam,

1018 1406 1055 1430 ut
1070 1410 1164 1429 suum
1192 1400 1351 1430 clientem
1369 1404 1519 1439 moneat,
1543 1408 1584 1429 ne
1606 1399 1716 1428 aliena

1019 1460 1080 1491 pro
1099 1452 1166 1481 suis
1184 1451 1319 1481 recitet.
1344 1450 1427 1482 Rari.

1064 1505 1079 1532 1
1109 1500 1224 1540 Uncto]
1264 1502 1413 1532 Unctum
1452 1510 1532 1540 ergo
1566 1500 1718 1541 appellat

1019 1550 1206 1582 Venafrum
1220 1551 1262 1582 ab
1275 1552 1364 1590 oleo,
1379 1551 1467 1592 quod
1479 1553 1512 1582 in
1524 1550 1719 1582 Venafrano

1020 1612 1101 1642 agro
1125 1603 1285 1633 nascitur.
1333 1602 1495 1633 Olearum
1524 1602 1640 1641 gloriae
1666 1600 1717 1631 fa-

1019 1654 1085 1683 cile
1115 1653 1346 1694 principatum
1362 1653 1513 1684 obtinuit
1528 1651 1718 1684 Venafrum

1021 1705 1053 1735 in
1070 1705 1258 1745 Campania
1273 1716 1282 1744 ;
1305 1706 1472 1736 secundas
1488 1705 1633 1736 Histria.

1063 1759 1082 1787 2
1109 1755 1236 1796 Histro]
1264 1756 1396 1787 Histria
1411 1756 1519 1786 Italiae
1532 1755 1718 1796 peninsula.

1022 1808 1089 1838 Nec
1110 1808 1224 1845 miuus,
1252 1806 1320 1847 εγω]
1363 1808 1437 1839 Nec
1468 1806 1591 1837 cedens
1621 1809 1722 1837 testis

1022 1858 1103 1895 olei,
1119 1868 1178 1888 seu
1194 1858 1357 1888 olivarum
1373 1858 1525 1890 Histriae.

1065 1911 1083 1939 3
1111 1908 1236 1948 Galesi]
1273 1909 1421 1940 Galesus
1451 1907 1577 1939 fiumen
1606 1908 1718 1938 Italiae

1023 1960 1065 1990 ad
1088 1960 1288 1998 Tarentum,
1314 1960 1368 1989 ubi
1392 1958 1546 1989 candidae
1564 1959 1647 1988 lanae
1665 1968 1718 1988 co-

1023 2009 1091 2049 pia.
1119 2002 1235 2049 Epigr'.
1248 2012 1302 2040 43.
1321 2009 1419 2039 lib.·2.
1438 2018 1525 2039 vers.
1538 2011 1567 2039 3.

1065 2061 1084 2088 4
1111 2059 1207 2088 Nullo
1230 2059 1357 2097 murice,
1382 2058 1453 2098 ἃμ]
1478 2059 1556 2089 Non
1586 2059 1721 2090 muricis

1024 2109 1186 2149 sanguine
1203 2117 1262 2139 seu
1287 2118 1389 2139 succo
1418 2117 1589 2148 purpureo
1613 2108 1723 2139 tincta

1024 2159 1110 2198 lana,
1125 2158 1184 2189 sed
1201 2159 1314 2189 nativo
1332 2159 1434 2189 rutilo
1446 2158 1587 2191 imbuta.
1622 2159 1630 2175 ‘
1647 2160 1722 2190 Nec

1025 2209 1136 2240 varios
1165 2208 1277 2240 discet
1304 2209 1441 2240 mentiri
1473 2209 1548 2239 lana
1571 2209 1724 2247 colores;

1025 2260 1107 2300 Ipse
1124 2260 1183 2290 sed
1199 2260 1230 2289 in
1247 2259 1353 2300 pratis
1366 2259 1536 2299 ariesjam
1553 2269 1657 2290 suave
1672 2270 1724 2290 rn-

1025 2310 1120 2341 benti
1146 2309 1303 2348 Murice(
1329 2312 1394 2341 δῖε.
1423 2310 1545 2350 Virgil.
1573 2310 1661 2341 Vide
1680 2311 1724 2341 E-

1027 2362 1112 2403 pigr.
1124 2363 1175 2391 37.
1192 2361 1250 2391 lib.
1265 2364 1295 2392 5.
1315 2369 1399 2392 vers,
1414 2363 1444 2390 7.

1069 2415 1088 2442 6
1106 2411 1183 2451 Dic]
1202 2411 1374 2449 Corduba,
1390 2410 1445 2441 dic
1457 2415 1516 2441 tuo
1532 2411 1598 2441 civi
1615 2416 1650 2442 et
1665 2411 1723 2442 cli-

1026 2464 1111 2502 enti,
1128 2463 1215 2494 malo
1232 2463 1358 2503 poetae.

1069 2518 1087 2546 7
1116 2515 1228 2545 Gratis
1244 2514 1365 2552 recitet,
1382 2512 1453 2554 ξω]
1480 2513 1644 2553 Impune:
1667 2514 1722 2544 cui

1027 2566 1122 2596 nulla
1136 2565 1186 2595 vel
1200 2565 1286 2595 mala
1303 2564 1469 2595 scribenti
1486 2564 1644 2594 Carmina
1658 2573 1724 2594 nou

1028 2625 1161 2656 possum
1192 2623 1255 2654 ego
1284 2612 1412 2644 referre
1441 2613 1599 2652 gratiam,
1635 2612 1725 2642 illius

1028 2666 1174 2697 recitans
1188 2674 1265 2695 cnm
1280 2664 1422 2702 honore,
1439 2668 1476 2694 ut
1487 2663 1543 2693 ille
1556 2672 1641 2694 mea.

1072 2720 1111 2748 10
1151 2715 1329 2755 Corrumpit
1364 2714 1431 2744 sine
1460 2713 1574 2744 talione
1602 2712 1726 2754 coelebs]

1029 2768 1108 2799 Non
1126 2766 1302 2798 translatio
1329 2769 1382 2796 est
1407 2763 1467 2796 sed
1495 2764 1723 2805 comparatio:
