1866 3131
278 173 387 214 1:360

276 287 402 317 corum,
429 279 527 309 immo
553 278 765 317 cuneorum,
789 283 847 310 aut
870 279 967 320 (quos

275 329 325 359 M.
343 329 429 360 Cato
453 329 537 359 dixit
562 330 750 360 Mortuaria
778 330 967 370 Glossaria)

275 378 553 419 Philosophorum
570 379 640 409 haec
659 380 841 420 intelligit?

319 429 420 461 Eme..
450 438 543 461 xxu.
599 434 616 460 3
656 431 787 462 Basiare
825 435 854 462 te
884 433 965 472 nolu]

277 481 392 521 Epigr.
410 483 460 512 33.
486 480 544 511 lib.
560 484 591 513 2.
608 486 643 512 et
658 481 714 513 lib.
730 485 760 513 7.
780 483 897 523 Epigr.
914 485 966 513 66.

276 530 328 560 Ne
343 535 376 560 te
388 531 544 561 salutem.

316 580 420 612 Eme.
452 589 559 612 xxm.
603 581 655 612 De
679 582 741 613 hoc
757 582 875 613 eodem
897 582 966 614 dic-

274 634 343 660 tum
359 631 444 661 libro
460 634 492 662 9.
514 632 720 672 Epigramm.
738 635 810 663 101.
835 633 891 663 ubi
909 643 965 673 pa-

272 681 370 711 triam
397 687 432 712 et
462 682 573 712 studia
601 683 670 722 ejus
695 683 886 722 intelliges:
913 684 965 714 hic

265 733 337 772 jam
356 734 426 774 agit
441 734 484 765 de
501 739 604 765 aetate
627 739 661 765 et
677 734 842 766 felicitate
859 735 965 766 Anto·

272 784 329 814 nii.

312 835 332 863 2
358 834 540 870 Quindecies
561 839 656 874 actas,
676 834 742 875 ἐξα]
772 834 888 866 Annos
905 845 963 867 Lx.

270 893 310 913 ex
324 884 575 924 computatione
586 884 881 924 Chronologorum‚
893 886 964 926 qni—

269 934 331 965 bus
362 935 539 975 Olympias
563 940 614 965 est
638 940 782 975 quatuor
802 945 962 966 annorum

268 985 436 1025 spatium3
473 995 576 1016 annos
605 994 711 1015 Lxxv.
748 995 790 1016 ex
831 986 963 1017 ratione

269 1034 457 1074 poetarum,
481 1036 535 1075 qni
564 1034 769 1074 Olympiada
792 1045 851 1075 pro
868 1037 962 1075 quin—

267 1085 410 1124 quennio
425 1095 481 1115 seu
500 1086 603 1115 lustro
619 1090 793 1124 usurpant.
825 1085 963 1127 Primus]

268 1136 460 1175 cognomen
484 1135 639 1174 Antonii,
668 1140 706 1166 ut
731 1134 819 1166 infra
843 1136 960 1176 Epigr.

267 1187 319 1216 32.
338 1190 372 1216 et
390 1188 462 1216 101.
477 1185 534 1216 lib.
550 1188 580 1216 9.

309 1239 327 1266 3
355 1236 448 1267 Tutus
469 1236 591 1276 respicit
616 1236 725 1276 annos]
762 1237 871 1267 Extra
896 1236 961 1268 for-

267 1292 359 1317 tunae
377 1287 483 1316 aleam
500 1287 647 1327 positos:
675 1287 707 1317 in
727 1297 810 1328 quos
827 1286 960 1319 fortuna

260 1338 316 1377 jus
334 1337 494 1377 perdidit.

307 1391 326 1419 4
346 1388 412 1418 Nec
429 1388 553 1428 metuit]
583 1388 656 1419 Nec
673 1389 792 1419 metuit
809 1393 958 1420 mortem.

306 1440 326 1467 6
350 1438 446 1468 Nulla
460 1437 557 1478 subit]
593 1438 779 1478 Succurrit,
796 1439 829 1469 id
846 1443 909 1478 est,
925 1439 958 1470 in

265 1492 413 1518 mentem
431 1488 534 1519 venit.
557 1488 690 1519 Tacitus
707 1488 764 1519 lib.
780 1491 812 1519 3.
829 1489 956 1520 Histor.

263 1538 272 1552 ‘
288 1537 386 1567 Subit
402 1538 603 1577 recordatio,
629 1538 701 1569 illos
724 1548 808 1579 esse,
828 1541 885 1581 qui
902 1550 959 1570 nu·

264 1596 326 1627 per
342 1587 500 1619 Bedriaci
518 1588 668 1620 victoriae
684 1590 957 1630 temperassent-¹

267 1639 402 1670 Gronov.

304 1691 322 1719 7
347 1689 499 1730 Ampliat,
526 1690 593 1730 8512]
624 1691 683 1722 Bis
708 1691 805 1727 vixit,
829 1692 884 1732 qui
912 1691 954 1722 ad

261 1744 431 1770 senectam
449 1739 534 1769 bene
547 1741 631 1771 vixit
645 1752 653 1778 3
671 1742 853 1780 praeteritae
866 1742 953 1773 enim

262 1790 340 1819 vitae
368 1794 464 1828 grata
482 1790 672 1821 recordatio
689 1799 891 1831 praesentem
908 1793 954 1823 vi-

263 1844 330 1870 tam
344 1840 416 1878 alit,
426 1845 460 1870 et
477 1839 813 1881 facitjuc11ndiorem.

304 1891 322 1918 8
351 1889 424 1919 Vita
446 1890 548 1929 priore
566 1889 653 1930 frui]
688 1892 845 1924 Jucunda
868 1893 954 1925 bene

261 1943 346 1969 actae
363 1941 444 1970 vitae
462 1940 708 1972 recordatione.

304 1989 407 2020 EPIG.
435 1999 537 2021 xxw.
583 1990 623 2021 In
661 1991 865 2023 celebrando
895 2003 953 2023 suo

261 2039 377 2077 natali,
393 2049 496 2070 annos
519 2041 709 2081 praeteritos
726 2049 878 2073 numerat
901 2046 951 2074 57.

261 2097 294 2121 et
310 2089 441 2122 futuros
458 2097 555 2132 optat
573 2095 623 2125 18.

303 2144 319 2172 l
344 2142 474 2172 Martioe
491 2144 650 2184 Calendae]
673 2144 712 2175 In
729 2145 848 2186 quibus
861 2150 895 2176 et
911 2145 953 2176 ab

259 2191 338 2231 ipsis
356 2193 476 2232 puellis
500 2194 679 2225 mittuntur
701 2195 780 2225 mihi
805 2205 952 2226 munera.

260 2243 378 2282 Epigr.
394 2245 446 2274 92.
473 2244 530 2275 lib.
548 2247 580 2275 9.
597 2254 682 2276 vers.
700 2248 750 2276 15.
778 2251 812 2276 et
836 2247 953 2286 Epigr.

258 2295 312 2323 85.
323 2292 377 2323 lib.
390 2297 420 2324 5.
433 2303 518 2325 vers.
533 2297 581 2326 ll.
629 2296 759 2327 Natalis
773 2296 853 2327 item
868 2297 952 2326 cele-

259 2343 350 2373 brari
365 2344 496 2375 solebat
510 2345 617 2376 missis
637 2346 852 2377 muneribus:
877 2347 953 2386 Epi-

259 2403 398 2433 gramm.
414 2398 466 2427 64.
491 2395 547 2427 lib.
574 2398 605 2427 8.
631 2401 666 2427 et
689 2397 806 2437 Epigr.
826 2399 878 2428 87.
895 2396 951 2428 lib.

260 2446 310 2476 10.

301 2497 320 2525 4
361 2496 621 2536 Quinquagesz'mn
657 2497 732 2535 liba,
764 2497 831 2537 &c.]
873 2496 949 2529 Jam

257 2544 571 2585 quinquagesimum
605 2547 783 2587 septimum
806 2547 949 2577 natalem

257 2602 366 2625 meum
383 2595 518 2626 celebro
540 2595 618 2626 libis
640 2601 675 2627 et
697 2597 801 2627 thuris
823 2606 949 2628 acerra.

257 2643 332 2683 Vel,
359 2655 377 2675 o
405 2646 539 2676 Martiae
564 2646 733 2686 Calendae,
752 2648 870 2678 vestris
886 2648 950 2678 aris

252 2695 321 2733 jain
352 2696 623 2737 quinquagesima
640 2696 706 2727 liba
722 2702 755 2727 et
771 2697 949 2736 septimam

726 184 864 216 NOTAE
900 186 1116 216 VARIORU
1130 187 1159 215 M
1195 187 1243 215 IN

1021 289 1170 310 acerram
1199 280 1373 311 addimus:
1402 282 1470 311 sive
1489 282 1557 321 jam
1586 283 1709 323 agitavi

1020 331 1165 360 natalem
1183 340 1302 369 meum,
1329 330 1496 371 genioque
1519 333 1622 363 natali
1635 343 1709 364 meo

1020 379 1205 410 sacrificavi
1225 380 1445 421 quinquagies
1457 381 1591 420 septies.

1061 434 1078 459 5
1105 430 1208 471 Focz's]
1230 431 1319 461 Aris.
1363 431 1526 471 Acerram]
1551 432 1617 463 Vas
1641 434 1712 464 thu-

1020 478 1170 511 riferuin.

1060 532 1080 560 9
1106 531 1214 561 Tribus
1229 531 1324 571 areis]
1359 531 1479 562 Tribus
1502 532 1579 562 vitae
1605 532 1710 562 curri-

1018 580 1115 620 culis,
1142 582 1305 621 pueritia‚
1321 582 1478 622 juventa,
1500 587 1535 612 et
1551 588 1707 613 senecta:

1018 640 1094 660 nam
1111 631 1319 672 decrepitam
1339 637 1475 663 aetatem
1492 632 1552 663 sibi
1570 643 1635 663 non
1652 643 1709 664 ex-

1018 686 1125 721 optat.
1168 682 1260 713 Area
1289 683 1323 713 in
1355 683 1454 713 Circo
1483 683 1631 723 spacium
1659 690 1710 714 est

1017 732 1195 764 curriculi:
1220 736 1272 763 25.
1292 733 1450 763 missuum
1466 739 1517 764 est
1531 734 1626 764 unius
1641 735 1708 764 (liei

1016 791 1105 813 area.
1150 783 1273 813 Missus
1298 784 1399 814 trium
1426 792 1578 814 arearum
1610 782 1710 814 confi-

1016 832 1110 863 ciunt
1137 842 1312 864 numerum
1344 843 1516 873 annorum,
1541 843 1623 874 quos
1647 834 1708 864 sibi

1017 888 1117 913 vovet
1146 883 1265 915 Poeta.
1296 884 1374 915 Pet.
1401 885 1544 915 Scriver.
1571 885 1708 924 explosa

1014 932 1160 963 lectione
1189 933 1288 965 tribus
1319 935 1432 970 aureis,
1464 944 1538 965 cum
1573 940 1710 972 recepta

1015 983 1225 1022 expositione
1251 985 1342 1015 aurei
1368 985 1464 1016 Rom.
1480 985 1639 1015 aestimati
1655 988 1708 1015 25.

1015 1032 1172 1073 denariis,
1197 1035 1251 1067 ,10.
1267 1036 1410 1066 Menrsii
1427 1035 1605 1074 Mantissa,
1631 1045 1705 1076 cap.

1016 1086 1066 1116 19.
1111 1085 1262 1116 Raderus
1276 1086 1454 1126 legendum
1470 1091 1585 1116 censet
1595 1087 1709 1116 aureis.

1015 1133 1110 1165 Petit
1134 1135 1222 1166 enim
1248 1136 1370 1174 Poeta,
1391 1142 1427 1167 ut
1448 1135 1498 1169 ad.
1514 1145 1615 1166 annos
1632 1146 1707 1176 sep-

1015 1189 1082 1214 tem
1099 1194 1201 1225 supra
1217 1186 1460 1227 quinquaginta
1472 1185 1533 1217 sibi
1549 1186 1709 1225 adjician-

1015 1238 1070 1264 tur
1091 1234 1209 1266 decem
1240 1241 1275 1267 et
1310 1242 1402 1275 octo,
1434 1237 1504 1277 qui,
1537 1237 1705 1276 prioribus

1013 1284 1150 1325 adjecti,
1182 1292 1276 1318 recte
1307 1286 1459 1318 efficiunt
1488 1292 1558 1318 tres
1587 1297 1704 1318 aureos

1013 1334 1189 1374 Romanos,
1210 1337 1272 1368 hoc
1296 1342 1358 1376 est,
1383 1338 1597 1377 septuaginta
1614 1339 1707 1379 quin-

1011 1395 1075 1426 que
1091 1386 1257 1418 denarios.
1302 1389 1447 1428 Triplica
1468 1389 1556 1418 enim
1573 1389 1706 1420 vicenos

1013 1436 1128 1476 quinos
1145 1438 1312 1477 denariOS,
1337 1444 1562 1478 septuagenos
1588 1440 1706 1480 quinos

1011 1487 1168 1527 colliges:
1203 1488 1288 1519 hanc
1314 1488 1378 1519 sibi
1405 1498 1539 1519 auream
1568 1494 1704 1520 aetatem

1011 1542 1108 1576 optat
1123 1537 1242 1570 Poeta.
1259 1538 1344 1570 Vide
1361 1542 1396 1570 et
1411 1538 1562 1570 Turneb.
1577 1538 1633 1569 lib.
1652 1542 1704 1570 30.

1010 1596 1085 1627 cap.
1102 1591 1153 1619 30.

1053 1641 1091 1669 10
1116 1639 1367 1680 Elysioepuellae]
1391 1639 1617 1680 Proserpinae.
1643 1640 1703 1670 Pe-

1008 1688 1086 1728 tam]
1112 1690 1250 1721 Moriar.

1050 1742 1087 1770 ll
1102 1740 1179 1770 Post
1191 1741 1254 1771 lioec
1263 1741 1413 1781 tempora]
1428 1742 1498 1772 Nos
1513 1751 1644 1782 quoque
1656 1742 1705 1771 in-

1006 1790 1157 1820 venimus
1168 1791 1199 1821 in
1209 1793 1354 1831 scripto:
1371 1792 1444 1822 Post
1452 1792 1529 1822 hunc
1540 1801 1591 1821 'nec
1600 1791 1702 1822 hora...

1006 1839 1106 1870 Unde
1119 1840 1286 1871 Gruterus
1300 1842 1549 1882 elegantissime
1560 1847 1594 1872 et
1608 1842 1705 1872 veris-

1006 1890 1100 1928 sime,
1117 1891 1191 1921 Post
1208 1891 1286 1921 hunc
1304 1893 1449 1923 Nestora.
1487 1892 1585 1924 Quod
1603 1894 1702 1923 miror

1003 1939 1172 1971 Scriverio
1200 1948 1363 1981 spretum.
1401 1942 1588 1982 Significat,
1617 1943 1700 1973 Post

1004 1989 1068 2020 hoc
1089 1992 1151 2021 aevi
1171 1991 1329 2023 Nestorei
1353 1994 1510 2032 spatium.
1549 1993 1604 2023 Sic
1619 1992 1697 2024 Jnv.

1003 2040 1074 2071 Sat.
1091 2045 1142 2072 12.
1181 2046 1188 2058 ⁵
1206 2043 1308 2073 Vivat
1331 2043 1498 2073 Pacuvius
1529 2043 1580 2073 vel
1614 2042 1698 2073 Nes-

1005 2096 1079 2121 tora
1110 2096 1216 2122 totum
1230 2093 1250 2123 ι’
1284 2092 1317 2122 id
1348 2098 1414 2130 est,
1448 2102 1521 2123 eam
1551 2098 1698 2130 aetatein,

1004 2151 1101 2181 quam
1132 2143 1264 2173 Nestor.
1303 2143 1470 2174 Martialis
1495 2143 1553 2173 lib.
1582 2146 1631 2174 ll.
1657 2144 1698 2173 E-

1004 2191 1090 2231 pigr.
1118 2194 1167 2222 12.
1191 2194 1199 2209 ‘
1215 2193 1279 2224 Qui
1305 2193 1463 2223 Mentora
1489 2192 1636 2233 frangis‚’
1665 2194 1697 2223 id

1003 2246 1067 2279 est,
1084 2242 1292 2273 Mentorenm
1311 2249 1474 2274 toreuma.
1520 2244 1602 2274 Post
1619 2245 1697 2274 istas

1003 2296 1070 2322 tres
1087 2301 1193 2331 areas,
1210 2293 1274 2323 tria
1286 2295 1379 2334 quasi
1393 2295 1505 2324 secula
1518 2294 1698 2331 Nestorea,

1002 2351 1063 2373 nec
1094 2343 1193 2383 diem,
1230 2344 1350 2385 inquit,
1384 2345 1521 2385 rogabo.
1567 2346 1695 2377 Eodem

1002 2395 1164 2434 pertinet,
1193 2395 1281 2436 quod
1319 2400 1371 2427 est
1406 2397 1611 2436 Epigramm.
1642 2400 1694 2428 48.

1000 2445 1008 2460 ‘
1025 2444 1210 2476 Immodico
1232 2451 1328 2477 sexta
1343 2447 1481 2478 Nerone
1497 2448 1586 2478 calet
1599 2447 1619 2478 :'
1634 2458 1694 2488 pro

1000 2494 1136 2525 thermis
1154 2496 1367 2528 Neronianis.
1386 2497 1570 2529 Gronovius.
1615 2499 1694 2530 Post

999 2545 1062 2575 hoec
1090 2549 1236 2585 tempora,
1265 2547 1334 2587 Sta]
1370 2547 1480 2579 Palat.
1510 2553 1582 2589 opt.
1619 2549 1692 2579 Post

999 2595 1077 2626 hunc
1092 2606 1145 2626 nec
1160 2597 1265 2627 horam
1280 2608 1333 2628 uec
1353 2599 1433 2629 diem
1454 2599 1576 2638 rogabo.
1601 2599 1691 2630 Hinc

999 2645 1168 2676 Gruterus
1209 2648 1339 2688 colligit
1376 2649 1570 2688 legendum:
1612 2650 1689 2680 Post

998 2695 1075 2726 hunc
1102 2697 1235 2728 Nestora
1265 2709 1316 2729 nec
1344 2699 1424 2730 diem
1456 2700 1590 2740 rogabo;
1627 2701 1687 2732 hoc
