1866 3131
423 171 469 199 M.
503 170 613 199 VAL.

146 267 190 302 in,
208 273 282 304 quae
299 263 456 295 Romanis
473 264 505 294 in
522 274 593 295 usu.
623 264 743 295 Senec.
761 266 790 294 1.
807 263 847 294 de

146 314 394 355 tranquillitate
411 315 503 353 vitae,
518 320 554 345 et
568 315 710 345 Marcel.
726 314 847 345 lib.2s.

146 365 298 404 Lucerna,
323 366 375 397 hic
403 376 463 406 pro
488 366 606 407 quavis
623 370 746 398 veste:
770 375 844 406 spe-

146 415 214 446 cies
230 425 291 456 pro
305 425 442 455 genere.

186 468 204 495 4
230 465 445 506 Synthesibus]
467 466 627 496 Vestibus
653 466 846 497 coenatoriis

146 515 198 545 vel
217 515 392 555 quibusvis
410 514 483 545 aliis
509 515 540 545 in
566 514 727 546 vestiario
753 524 845 545 corn-

143 568 276 607 posifis,
288 578 306 598 a
321 566 479 605 συντίθημι
493 578 500 598 :
527 568 580 598 vel
597 577 670 608 quae
684 567 783 598 simul
796 568 843 598 in-

143 618 305 656 duuntur,
327 618 414 649 suits.
441 617 519 648 vide
550 618 658 657 epigr.
689 620 742 648 46.
774 618 793 649 l.
812 620 843 650 l.

144 679 228 700 vers.
254 672 284 699 9.
341 669 394 700 Sic
413 667 623 709 Synthesibus]
666 667 843 708 Syntheses,

144 726 254 751 vestes
267 720 446 760 ejusmodi,
462 730 536 761 quae
553 720 586 750 in
597 719 748 760 synthesi
763 720 841 760 poni

143 770 308 801 solebant.
356 770 443 801 Nam
462 770 620 811 pretiosae
639 775 751 801 vestes
769 775 842 801 tan-

142 826 226 859 tum,
245 826 280 851 et
295 830 370 861 quae
384 831 461 852 raro
477 825 735 861 usurparentur,
748 831 840 860 quae-

142 881 207 912 que
224 871 342 902 (liebus
364 871 461 902 festis
483 872 588 903 solum
609 877 841 911 sumerentur,

140 923 187 952 ita
205 932 264 962 per
281 922 457 962 syntheses
474 922 746 962 disponebantur
766 934 774 953 ·.
799 928 839 954 ut

141 971 270 1010 sericae,
294 972 487 1012 subsericae,
511 977 546 1003 et
565 972 596 1002 id
614 982 719 1013 genus
735 973 836 1004 clarae

139 1033 293 1063 raraeque
308 1029 422 1055 vestes
442 1035 449 1054 :
480 1034 554 1065 quae
572 1025 662 1054 enim
680 1024 837 1065 quotidie

137 1074 390 1113 habitabantur,
419 1084 485 1104 non
506 1075 553 1105 ita
579 1074 732 1106 solebant
751 1074 839 1105 ordi-

137 1125 219 1155 nari.
267 1124 357 1155 Hinc
382 1125 390 1141 ‘
406 1124 604 1164 synthesina
622 1123 752 1162 vestis,’
776 1134 838 1165 pro

137 1180 334 1214 sumptuosa
357 1178 392 1205 et
417 1175 574 1214 pretiosa.
598 1175 784 1206 Salmasius.

171 1229 188 1255 5
217 1225 328 1264 Unum,
346 1224 415 1265 fga]
443 1224 688 1264 Hyperbolice.
723 1225 775 1256 Ut
790 1226 838 1256 in-

136 1279 264 1315 tegram
279 1276 288 1291 ‘
303 1274 453 1315 tribum,'
469 1275 532 1306 hoc
548 1280 612 1315 est,
637 1275 836 1307 innumeros

135 1325 261 1356 vestire
278 1325 398 1365 possis.

176 1377 197 1405 6
220 1374 336 1415 Apula,
359 1374 430 1415 Qun]
455 1376 509 1406 De
534 1375 647 1406 multis
678 1376 836 1417 gregibus

136 1435 216 1466 quos
232 1426 343 1466 pascit
355 1425 482 1467 Apulia
498 1427 680 1459 velleribus
698 1428 834 1460 nobilis.

177 1478 196 1506 7
222 1476 388 1516 Hyemem]
412 1477 542 1517 Frigus.
583 1478 755 1518 Succincti]
771 1479 834 1510 Cui

134 1530 247 1556 vestes
259 1526 396 1557 detritae
411 1532 488 1558 sunt
500 1532 621 1567 cnrtae,
638 1528 670 1558 id
687 1533 752 1568 est,
770 1529 835 1559 mei

135 1585 221 1615 pene
248 1576 342 1607 nudi.
385 1577 502 1608 Lentus
516 1577 624 1617 amici]
646 1578 775 1609 Tardus
793 1578 835 1609 ad

134 1626 471 1658 commiserationem.

176 1679 196 1706 8
223 1677 372 1717 Frigora]
398 1678 835 1718 Laceraslace1·nas,tritas

135 1726 280 1767 tunicas,
297 1732 331 1758 et
342 1728 546 1768 penetrabili
559 1727 676 1768 frigori
694 1730 838 1769 pervias.

135 1777 272 1818 Legunt
303 1779 373 1818 alii,
400 1779 507 1810 laceris
522 1779 652 1819 frigora
669 1780 747 1811 trita
777 1781 835 1811 tui.

131 1827 195 1858 hoc
223 1832 286 1867 est,
309 1829 389 1867 mei,
414 1829 538 1859 sodalis
555 1829 618 1869 tui,
633 1830 723 1860 latus
741 1834 833 1861 tuum

131 1878 292 1917 tegentis,
336 1878 473 1919 Lipsius
487 1878 752 1918 scribit,frz‘gora
767 1882 835 1911 tute

130 1929 232 1968 times,
248 1929 310 1960 hoc
337 1935 401 1967 est,
416 1929 501 1960 adeo
527 1930 653 1960 amicus
674 1935 750 1961 tuus
774 1930 833 1961 fri-

129 1983 200 2019 get,
214 1984 252 2010 ut
265 1984 301 2010 tu
319 1981 427 2010 vereri
442 1980 566 2020 possis,
582 1990 624 2011 ne
640 1979 745 2020 frigus
756 1981 830 2021 ejus

131 2029 173 2060 ad
201 2033 235 2061 te
268 2035 458 2070 permanet.
505 2031 551 2061 Et
581 2031 629 2061 sic
659 2031 753 2070 latus,
771 2041 830 2071 pro

127 2079 252 2110 comite
264 2080 352 2110 latus
369 2085 508 2120 tegente
526 2080 710 2120 accipitur.
748 2082 830 2112 Vul-

129 2133 210 2169 gata
225 2129 328 2160 lectio
345 2129 546 2168 est‚srz'gora
563 2133 632 2160 tuta
649 2130 751 2169 times,
765 2130 829 2161 hoc

127 2184 193 2218 est,
207 2179 299 2209 vides
314 2180 458 2210 amicum
471 2180 701 2220 algentem,et
712 2184 747 2211 tu
758 2180 829 2221 ipse

127 2228 233 2269 frigus
258 2229 372 2269 times,
395 2234 454 2260 aut
472 2235 566 2261 certe
583 2230 703 2260 timere
728 2231 831 2262 simu-

126 2280 188 2319 las,
201 2289 220 2310 a
232 2290 298 2320 quo
312 2285 425 2311 tamen
437 2280 625 2312 tutissimus
639 2290 688 2320 es,
700 2281 828 2322 quippe

127 2329 278 2368 pluribus
303 2331 512 2362 vestimentis
540 2331 646 2372 probe
665 2332 825 2364 munitus.

126 2379 254 2410 Verum
277 2380 311 2410 id
331 2380 478 2420 simulas,
494 2391 536 2413 ne
551 2382 667 2422 paucis
682 2387 717 2413 et
730 2384 828 2414 malis

126 2429 271 2460 lacernis
298 2434 332 2460 te
360 2429 528 2471 fraudare,
557 2438 592 2463 et
615 2433 758 2464 amicum
770 2433 827 2474 ju-

129 2489 206 2510 vare
220 2480 364 2520 cogaris.
409 2481 474 2512 Sed
492 2482 573 2523 quid
596 2484 708 2514 renuis
725 2484 736 2513 ?
771 2483 827 2515 An

126 2533 189 2563 tibi
207 2533 325 2564 durum
345 2533 479 2565 videtur
496 2536 614 2574 paucis
629 2541 663 2567 te
680 2537 826 2568 lacernis

122 2582 279 2614 fraudare
294 2583 305 2614 ?
349 2583 399 2614 Te
416 2594 498 2615 sane
514 2594 556 2616 ne
570 2584 717 2617 fraudari
735 2588 824 2628 nolo,

123 2632 183 2663 sed
212 2634 330 2674 tineas,
356 2644 431 2674 quae
460 2640 573 2667 vestes
590 2636 664 2668 illas
689 2637 825 2669 inutiles

125 2683 319 2714 corrodunt.
350 2683 484 2717 Herald.

164 2737 184 2764 9
224 2735 381 2770 Quantum
405 2739 485 2776 erat,
508 2736 577 2776 θα]
614 2737 823 2771 Quantulum

651 169 923 199 MARTIAMS
961 172 1119 202 EPiGR.
1156 172 1247 201 LiB.
1282 173 1332 201 ΙΙ.

1487 162 1597 203 1151

898 262 1009 295 fuerat
1031 265 1105 303 tibi,
1123 266 1253 307 infelix,
1283 266 1340 308 qui
1365 275 1477 297 rerum
1501 275 1597 297 usum

898 315 1039 352 nescias,
1056 325 1119 345 non
1143 317 1231 353 dico,
1255 321 1288 348 te
1316 316 1414 358 (quid
1433 315 1560 356 refugis
1571 316 1599 353 ?)

898 364 996 404 copia
1009 365 1090 395 satis
1106 367 1271 397 munitum
1286 372 1320 398 et
1334 373 1443 398 tutum
1459 377 1468 405 3
1484 365 1543 398 sed
1557 366 1599 396 ti-

898 415 1121 456 neas,qnibus
1139 417 1333 447 erodendas
1350 427 1406 448 eas
1423 416 1598 457 relinquis,

897 464 1102 496 defraudare
1112 465 1243 496 duabus
1253 467 1412 506 lacernis,
1423 477 1505 508 quas
1517 467 1596 498 mihi

896 515 1025 547 dones?
1051 515 1126 546 vide
1145 516 1280 547 Frnter.
1313 517 1469 548 Verisim.
1486 517 1508 548 l.
1525 526 1551 549 1.
1565 526 1596 548 c.

895 568 925 596 9.
942 570 975 596 et
991 565 1084 598 Junii
1098 565 1209 596 Anim.
1228 568 1258 596 2.
1273 566 1332 596 lib.
1349 570 1466 607 8.cap.

939 619 977 647 10
1003 617 1087 651 Quid
1112 615 1230 655 renuis]
1264 616 1332 646 Alii
1361 617 1490 657 legunt,
1520 617 1595 648 Non

893 670 1160 698 metuasmorlem.
1185 666 1353 697 Ramires.
1388 668 1462 697 Non
1476 671 1594 698 metuas

892 727 951 748 non
970 723 1012 757 te,
1033 727 1088 748 nec
1108 717 1238 748 Noevole
1254 717 1365 748 timeas
1381 727 1391 747 .-
1415 727 1463 748 sc.
1480 718 1596 750 Quan-

892 772 961 799 tum
991 769 1058 800 erit
1088 769 1217 800 duabus
1245 768 1395 800 vestibus
1424 768 1597 808 fraudare,

892 828 956 849 non
974 829 1040 850 tam
1059 823 1092 850 te
1109 819 1218 860 ipsum
1248 818 1306 860 (ne
1324 819 1470 859 metuas)
1494 830 1595 861 qnam

892 870 1010 908 tineas,
1028 870 1147 911 quibus
1163 869 1371 901 arrodendas
1386 870 1573 911 relinquis?

933 921 1037 952 Eme.
1058 930 1175 952 xnvn.
1215 921 1254 952 1η
1288 920 1433 962 Gallum]
1474 921 1595 953 Monet

890 970 1026 1002 Gallum
1053 971 1221 1002 cinaedum
1247 979 1289 1001 ne
1322 969 1485 1002 famosam
1512 981 1591 1003 rnae-

890 1022 985 1052 cham
998 1026 1162 1061 sectetur,
1189 1031 1229 1052 ne
1257 1021 1416 1052 amarito
1441 1031 1595 1063 compre-

889 1071 1010 1103 hensus
1028 1073 1178 1111 patiatur
1191 1072 1465 1103 irrumationem.

934 1125 949 1153 1
976 1122 1122 1162 Subdola,
1136 1122 1206 1163 lisa]
1230 1123 1336 1160 Cave,
1355 1132 1450 1162 puer,
1469 1133 1511 1154 ne
1533 1123 1590 1154 de-

889 1171 1112 1212 prehendaris
1126 1183 1145 1203 a
1158 1173 1279 1203 marito
1296 1178 1463 1212 suspectae
1481 1183 1520 1204 ac
1532 1183 1590 1205 no-

890 1227 934 1253 tae
950 1223 1109 1261 inoechae3
1129 1224 1181 1253 vel
1196 1233 1270 1263 quae
1285 1227 1319 1253 te
1329 1223 1453 1263 prodet
1466 1223 1589 1255 marito

889 1283 960 1304 suo.
977 1275 1086 1314 epigr.
1103 1276 1156 1305 49.
1171 1273 1271 1305 infra.

930 1326 950 1354 2
976 1323 1187 1364 Cytheriacis]
1217 1323 1372 1365 Marinis,
1400 1325 1454 1355 vel
1477 1324 1591 1355 Vene-

888 1374 968 1413 reis,
991 1374 1079 1415 quod
1096 1373 1227 1405 concha
1252 1379 1354 1405 vecta
1377 1380 1428 1405 est
1445 1374 1487 1405 ad
1511 1375 1591 1406 litus

887 1426 1002 1456 Venus
1027 1429 1103 1456 orta
1117 1425 1210 1456 mari.
1254 1425 1416 1466 Propert.
1438 1426 1590 1457 ‘concha

887 1475 1060 1516 Erycina.'
1091 1476 1137 1507 H.
1153 1476 1322 1516 Rigaltius
1335 1477 1497 1517 intelligit
1510 1487 1588 1507 con-

887 1528 963 1558 chas
990 1528 1189 1568 puellarum.
1234 1528 1322 1560 Vide
1355 1529 1464 1561 Hadr.
1495 1529 1589 1562 Junii

888 1578 1115 1608 animadvers.
1133 1578 1195 1609 l.5.
1210 1588 1240 1609 c.
1259 1581 1291 1609 7.

930 1630 948 1658 3
974 1629 1045 1659 Non
1068 1632 1126 1667 est,
1141 1628 1212 1668 ἐγω]
1238 1628 1314 1660 Νοη
1331 1629 1393 1661 hac
1409 1634 1508 1671 parte
1521 1640 1590 1670 ρω-

887 1687 944 1708 nas
957 1679 1072 1718 exiget
1088 1679 1239 1710 maritus.
1286 1679 1327 1709 Id
1343 1684 1406 1717 est,
1423 1690 1488 1711 non
1506 1690 1587 1721 gau·-

887 1727 945 1758 det
959 1727 1104 1766 natibus,
1128 1728 1249 1769 quibus
1269 1734 1306 1760 tu
1321 1729 1463 1761 confidis
1480 1731 1511 1762 ei
1535 1741 1585 1763 so-

886 1777 1061 1808 luturum:
1088 1778 1265 1809 irrumabit
1289 1784 1385 1811 certe
1409 1785 1456 1819 te,
1478 1780 1587 1812 sinon

884 1832 1024 1859 castret.
1041 1827 1130 1858 infra
1147 1828 1257 1868 epigr.
1275 1831 1327 1860 60.

927 1878 1030 1908 Eme.
1057 1885 1186 1909 XLvnr.
1213 1881 1227 1908 1
1254 1878 1442 1918 Cauponem,
1455 1880 1586 1910 lunium-

882 1928 954 1968 que]
979 1928 1092 1958 Vitam
1120 1928 1270 1969 quietam
1290 1934 1327 1960 et
1345 1922 1534 1969 modicam,
1550 1931 1584 1961 in

882 1979 957 2010 loco
968 1980 1067 2010 etiam
1080 1980 1233 2021 obscuro,
1246 1980 1388 2021 praefert
1400 1982 1535 2014 urbanae
1549 1988 1586 2014 et

881 2029 995 2061 lautae.
1030 2031 1191 2072 Quasque
1217 2031 1407 2064 desiderem
1428 2042 1510 2074 opes
1526 2043 1584 2065 au-

880 2081 926 2111 di.
952 2081 1100 2122 Lanium]
1133 2082 1187 2113 Ad
1200 2083 1339 2115 victum.
1362 2085 1584 2127 Bulueumque,

881 2131 1060 2173 Tonsorem]
1083 2132 1138 2164 Ad
1156 2143 1272 2165 curam
1289 2136 1453 2175 corporis,

922 2185 942 2213 2
969 2183 1185 2224 Tabulamque,
1201 2185 1401 2225 calculosque]
1417 2185 1581 2219 Tabulam

879 2233 1038 2264 lusoriam
1056 2244 1131 2266 cum
1156 2236 1309 2277 calculis,
1333 2236 1375 2267 ad
1402 2237 1504 2269 animi
1527 2248 1578 2269 re-

878 2283 1103 2315 laxationem.

921 2337 940 2364 3
966 2335 1010 2364 Et
1034 2344 1156 2375 paucos,
1179 2335 1248 2376 ξω]
1286 2335 1342 2366 Ad
1367 2336 1517 2368 studium
1543 2342 1579 2369 et

878 2384 980 2416 animi
998 2385 1126 2415 cultum
1145 2385 1262 2423 libros,
1279 2385 1336 2415 sed
1356 2386 1498 2418 electos.

916 2438 936 2466 4
965 2435 1076 2474 Unum,
1101 2434 1171 2474 effren]
1210 2434 1265 2465 Ad
1282 2435 1361 2466 vitae
1378 2436 1576 2469 societatem

878 2485 1022 2516 amicum
1048 2493 1162 2523 unum,
1178 2488 1280 2525 atque
1305 2494 1380 2516 eum
1397 2485 1574 2518 mediocri-

877 2541 930 2568 ter
942 2536 1122 2567 eruditum.

918 2591 936 2618 5
962 2588 1005 2617 Et
1018 2584 1136 2625 caram]
1168 2585 1372 2626 Hujusmodi
1387 2586 1474 2617 enim
1498 2597 1576 2619 con-

876 2646 972 2668 serva
989 2645 1123 2667 servum
1152 2636 1184 2666 in
1212 2635 1323 2668 officio
1347 2641 1382 2668 et
1408 2637 1497 2678 apud
1521 2648 1574 2670 me

876 2687 1051 2719 retinebit.

917 2741 937 2768 (i
962 2738 1005 2769 Et
1020 2738 1182 2778 grandem,
1196 2736 1266 2777 ira]
1304 2736 1358 2768 Ad
1374 2737 1574 2778 ministeria,
