1866 3131
454 177 504 205 M.
538 176 596 204 VA
609 176 646 204 L.

176 272 264 302 Mari
285 271 477 311 Erythraeo,
509 270 598 311 quod
627 269 727 309 vulgo
752 269 878 300 dicitnr

179 323 328 353 Rubrmn
346 323 455 356 Mare,
472 321 530 352 sed
550 329 744 360 perperam,
762 325 799 349 ut
827 329 878 350 os-

175 374 286 404 tendit
315 373 456 404 Faruub.
473 372 515 402 ad
539 372 709 410 Thyesten
728 372 878 407 seuerae,

145 428 147 430 ’
177 433 262 454 vers.
279 427 354 454 370.

219 479 236 505 5
264 474 405 513 Pet-udis,
419 474 486 514 fic]
510 471 708 512 Elephantis
726 470 876 510 dentem,

177 524 209 555 id
226 529 290 562 est,
314 524 407 555 ebur.

217 577 237 605 7
265 575 359 604 Crine
384 572 474 613 vicit]
497 572 606 604 Criuis
633 571 757 603 colore.
803 571 877 602 13oe-

175 625 243 665 tici,
266 625 334 665 &eq
360 625 452 656 Oves
468 624 610 654 Baeticae
629 623 746 654 nativo
763 623 876 653 colore

176 675 382 706 rutilabant:
409 674 468 706 lib.
493 676 547 705 14.
580 673 699 713 Epigr.
729 674 802 703 133.
841 677 877 703 et

173 725 234 756 lib.
250 729 281 756 2.
298 726 414 766 Epigr.
427 727 481 756 43.
499 734 587 755 vers.
608 726 640 754 2.

217 780 237 807 8
275 776 432 816 Rhenique
457 773 565 813 nodos]
605 773 874 805 Germanorum:

175 828 243 867 qui,
265 825 376 857 Rheni
398 825 540 863 accolae,
555 823 661 855 flavos
679 825 790 855 crines
817 833 876 855 seu

176 877 266 907 rufos
289 876 518 917 obliquabant
549 881 583 906 et
606 875 640 905 in
665 874 791 905 nodum
821 884 877 905 co-

177 928 312 966 gebant.
353 927 564 967 Epigramm.
601 928 632 956 3.
670 925 729 955 111).
762 925 877 964 Spect.

175 988 264 1009 vers.
292 981 324 1009 9.
355 978 550 1017 Aur-eamque
573 976 717 1016 nitelam]
738 975 876 1006 Rutilos

174 1038 213 1058 ac
232 1027 323 1058 rufos
339 1028 463 1068 puellae
481 1027 591 1057 crines
606 1031 785 1066 comparat
800 1025 877 1055 13ae-

174 1078 241 1108 tico
260 1078 390 1117 velleri,
406 1077 652 1108 Germanorum
680 1075 826 1116 capillis,
840 1082 876 1106 et

173 1128 289 1158 nitelae
308 1128 387 1168 pilo.
414 1127 565 1158 Baeticas
581 1127 676 1157 lanas
693 1124 785 1156 rufas
805 1125 875 1156 sive

173 1180 293 1211 rutilas
310 1179 415 1210 fuisse
430 1179 641 1210 notissimum
670 1183 733 1209 est.
779 1178 877 1209 Nite-

172 1231 205 1260 la
233 1239 366 1272 quoque
393 1230 532 1261 rutilum
559 1229 664 1260 habet
694 1229 814 1270 pilum,
840 1236 876 1261 et

174 1281 347 1321 praecipue
360 1281 514 1312 sciurus:
540 1285 578 1311 ut
591 1284 774 1321 propterea
788 1281 877 1312 nite-

172 1332 238 1361 lam
265 1331 308 1362 de
336 1331 447 1362 sciuro
484 1331 642 1371 accipere
670 1331 783 1371 potius
808 1331 871 1362 sit:

173 1390 264 1420 nain,
280 1381 344 1412 etsi
361 1391 436 1412 mus
453 1382 596 1421 agrestis
623 1381 726 1411 etiam
753 1381 876 1412 rubeus

172 1431 216 1462 sit
249 1436 283 1462 et
309 1432 443 1470 rutilus,
472 1440 540 1461 non
577 1436 690 1462 tamen
725 1436 762 1462 ut
799 1441 875 1462 cum

170 1481 282 1511 sciui-o
298 1481 342 1512 sit
354 1481 615 1520 comparandus.
658 1481 703 1512 Et
720 1482 826 1512 nitela
843 1482 875 1512 in

172 1532 302 1562 Glossis
318 1536 369 1563 est
399 1533 550 1563 sciurus:
576 1541 651 1562 nam
673 1531 875 1573 δενδροβάτης

174 1582 310 1622 proprie
327 1582 464 1613 dicitur.
497 1582 589 1613 Hinc
607 1583 699 1613 color
715 1584 875 1615 nitelinus

173 1632 263 1672 apud
282 1632 371 1662 Plin.
386 1632 443 1663 lib.
461 1635 511 1663 16.
528 1642 604 1673 cap.
629 1635 682 1664 37.
699 1634 741 1664 de
768 1633 875 1665 rubeo

173 1693 233 1714 seu
263 1683 388 1714 rutilo:
428 1683 478 1714 ita
504 1689 540 1713 ut
571 1693 637 1713 non
667 1684 788 1715 mirum
818 1684 875 1724 sit,

172 1733 282 1764 crines
299 1732 339 1763 ad
359 1733 492 1773 plenum
517 1732 610 1763 rufos
632 1737 667 1763 et
691 1734 810 1764 rutilos
828 1734 876 1765 ni-

173 1785 252 1814 telae
284 1793 497 1824 comparasse
521 1782 728 1822 Martialem,
761 1789 795 1815 et
819 1794 876 1815 au-

171 1846 263 1867 ream
280 1845 432 1867 vocasse.
454 1835 586 1866 Salmas.
618 1834 813 1875 Aureamque
828 1836 875 1866 ui-

170 1887 279 1927 telam]
305 1886 413 1917 Micas
440 1885 592 1926 pulveris
616 1886 690 1916 auri
720 1891 874 1926 repertas

173 1936 206 1966 111
225 1937 348 1975 arenis,
363 1936 500 1967 scobem
526 1941 562 1967 et
578 1942 732 1967 ramenta
759 1946 874 1977 aurea,

173 1987 294 2028 quibus
317 1996 536 2028 conspersam
563 1996 694 2018 comam
709 1987 873 2019 illumina·

170 2044 265 2070 runt.

214 2092 235 2121 9
260 2088 441 2129 Rosarium]
465 2089 527 2120 Est
552 2089 643 2121 locus
669 2089 751 2120 rosis
764 2090 874 2121 consi·

172 2145 237 2171 tus.
283 2139 398 2180 Paestz']
420 2140 552 2180 Oppidi
579 2141 751 2179 Lueaniae,
781 2151 873 2172 rosas

174 2190 225 2220 bis
242 2190 275 2220 in
293 2199 379 2221 anno
393 2189 615 2231 proferentis,
630 2191 725 2222 Maio
740 2196 775 2223 et
790 2193 873 2233 Sep-

174 2240 309 2272 tembri.
326 2240 445 2281 Epigr.
457 2243 510 2272 31.
528 2240 585 2272 lib.
602 2243 655 2273 12.

219 2294 258 2321 10
282 2290 372 2325 Quod
388 2290 567 2323 Atticarum
580 2293 697 2332 prima,
710 2292 871 2333 &e.]=Pri-

174 2351 228 2372 ma
241 2341 340 2380 dicit,
363 2342 457 2372 velut
472 2341 620 2382 illibata,
635 2343 872 2385 integrumque

172 2392 312 2423 odorem
331 2392 527 2424 retinentia.
554 2393 645 2426 Vide
663 2395 783 2436 Epigr.
798 2398 870 2426 104.

172 2443 231 2476 lib.
250 2445 304 2474 13.

217 2496 254 2525 11
279 2492 491 2534 Succinomm,
520 2495 590 2536 ξω]
612 2495 786 2528 Electrum
804 2507 873 2528 ma-

173 2554 218 2574 nu
227 2544 343 2575 tritum
360 2553 460 2575 suave
473 2545 552 2576 olet.
576 2545 696 2586 Epigr.
708 2547 873 2578 64.1ib.2.

172 2595 290 2626 Diosc.
311 2594 368 2625 lib.
388 2597 417 2626 l.
442 2604 522 2636 cap.
543 2598 595 2627 93.
622 2596 735 2638 Gleba]
761 2598 875 2629 Succi-

174 2656 253 2677 num
271 2655 346 2676 esse
363 2644 489 2685 fossile,
514 2652 550 2678 et
572 2647 606 2678 in
636 2647 767 2679 duobus
791 2649 873 2679 locis

173 2699 323 2739 Scythiae
340 2700 411 2729 erui
427 2699 512 2731 dixit
526 2701 715 2732 Philemon.

219 2754 257 2781 12
275 2750 422 2781 Inu'ecens
434 2751 527 2792 μαι-ο]
550 2752 777 2785 Quasidicat:
794 2752 874 2782 Ero-

683 173 954 204 MAR'l'lALis
993 175 1151 205 ltl‘lost.
1189 177 1278 205 Llss.
1314 177 1354 205 V.

1522 169 1537 207 ,Ι
1549 168 1632 208 237

932 269 1003 298 tion
1017 269 1206 308 elegantior
1223 281 1368 311 pavone,
1384 275 1548 313 tantoque
1563 275 1633 313 pul-

930 321 1053 359 chrior,
1069 327 1106 352 ut
1126 323 1233 363 turpis
1259 333 1328 363 prae
1345 323 1401 354 illu
1418 333 1504 364 pavo
1522 324 1635 364 putari

931 377 1059 411 posset.

976 427 1012 454 13
1038 424 1223 454 Inamabilis
1245 425 1381 464 sciurus]
1415 427 1493 458 Quo
1521 431 1634 456 tumen

928 473 1011 503 nihil
1030 474 1219 512 amabilius,
1237 479 1271 505 et
1288 475 1386 505 hodie
1404 476 1517 513 pueris
1534 476 1566 505 in
1579 475 1636 506 de-

929 523 1031 555 litiis:
1062 535 1080 555 a
1091 524 1163 554 σκιὰ
1178 529 1213 554 et
1229 523 1313 564 οὐρὰ,
1329 525 1419 565 quod
1437 525 1547 556 cauda
1560 535 1633 556 cor-

929 584 990 615 pus
1004 575 1185 614 inumbret,
1202 574 1267 605 imo
1283 580 1392 614 tegat,
1420 576 1502 607 Rad.
1540 577 1636 608 Phoe-

927 628 999 669 nix]
1022 629 1109 661 Quae
1123 637 1199 660 rata
1213 627 1297 667 avis,
1309 632 1358 664 et,
1375 632 1412 658 ut
1427 628 1564 668 quidam
1579 639 1636 660 vo-

928 680 1014 719 lunt,
1040 679 1161 717 unica3
1197 678 1261 709 hac
1289 683 1404 709 tamen
1432 678 1574 710 Erotion
1602 679 1635 710 in

929 739 1052 769 genere
1069 739 1128 760 suo
1146 729 1265 760 rarior.

972 782 1011 810 14
1037 780 1178 818 Recenti,
1194 779 1265 819 ξιτ]
1290 780 1421 811 Recens
1433 779 1523 810 elata
1534 784 1585 810 est
1598 784 1635 811 et

928 835 1097 861 cremata:
1123 831 1377 871 Epigraminate
1395 832 1448 862 34.
1474 840 1589 870 supra.

972 883 1012 911 16
1034 880 1135 911 Sexta
1153 880 1276 920 peregit
1298 880 1409 918 hieme,
1431 879 1500 920 esa]
1524 881 1534 896 ⁴
1555 880 1631 911 Nec

928 936 1045 962 tamen
1079 930 1178 969 tota‚'
1217 930 1325 970 dicit3
1366 930 1446 971 quia
1469 940 1531 961 sex
1559 931 1633 961 dies

928 981 1125 1021 defuerunt,
1138 987 1177 1012 ut
1192 981 1267 1022 ipse
1284 990 1387 1022 supra
1403 981 1490 1012 dixit
1511 982 1631 1022 Epigr,

927 1034 979 1063 34.

973 1084 1011 1112 19
1036 1082 1205 1123 Pectusque
1228 1083 1366 1122 puls-(ms,
1395 1081 1462 1121 δα]
1488 1081 1556 1115 Qui
1585 1080 1635 1112 af-

926 1131 1030 1163 flictis
1045 1133 1184 1173 lugendi
1210 1143 1281 1164 mos
1306 1137 1393 1172 erat,
1409 1133 1442 1163 in
1457 1131 1633 1164 funeribus

928 1183 1119 1224 principue.

970 1237 1012 1264 20
1036 1234 1174 1274 Deflere,
1190 1234 1260 1274 8512]
1283 1233 1398 1264 Verba
1421 1233 1525 1271 Paeti,
1541 1233 1636 1263 Mar-

926 1283 1001 1315 tiali
1018 1284 1129 1315 luctus
1146 1280 1282 1314 in‘odum
1299 1283 1484 1323 suadentis,
1500 1293 1560 1314 suo
1573 1292 1631 1314 ex-

927 1335 1051 1375 emplo.

969 1387 1010 1415 23
1037 1385 1122 1420 Quid
1134 1394 1196 1416 esse
1212 1388 1328 1422 nostro,
1339 1383 1407 1424 8512]
1432 1384 1536 1424 Resp.
1551 1384 1632 1424 po'e‘-

927 1439 963 1465 ta
979 1435 1120 1474 ironice,
1137 1436 1330 1466 collaudans
1354 1435 1445 1465 Paeti
1462 1434 1633 1465 fortitudi-

924 1485 1091 1525 nem,imo
1107 1486 1318 1526 exprobrans
1341 1485 1387 1516 illi
1401 1484 1518 1516 fictum
1536 1485 1630 1515 dolo·

927 1546 995 1567 rem
1010 1546 1068 1567 seu
1087 1537 1200 1577 potius
1217 1537 1388 1577 gaudium,
1402 1536 1457 1566 cui
1481 1546 1500 1567 e
1517 1537 1631 1576 conju-

927 1587 976 1626 gis
988 1591 1097 1617 morte
1111 1586 1275 1627 obtigerit
1288 1587 1348 1617 dos
1359 1591 1428 1618 tam
1442 1586 1568 1626 ampla.

968 1640 1008 1668 24
1032 1639 1202 1669 Ducenties
1213 1638 1345 1678 accepit]
1364 1639 1431 1669 Hie
1445 1638 1625 1678 Epigram-

926 1688 1028 1719 matis
1047 1689 1197 1719 aculeus.
1243 1689 1338 1719 Male
1352 1698 1431 1719 vero
1442 1697 1518 1719 cum
1532 1687 1634 1719 Paeto

927 1745 1044 1770 nostro
1061 1739 1195 1779 agitur:
1213 1740 1269 1780 qui
1290 1749 1367 1770 eum
1383 1740 1489 1770 tantis
1498 1739 1635 1769 calami-

927 1790 1055 1821 tatibus
1070 1796 1228 1829 vexetur,
1244 1791 1365 1821 mirum
1384 1791 1440 1831 qui
1464 1791 1569 1830 possit
1584 1790 1632 1820 vi-

926 1849 1020 1878 vere,
1030 1849 1106 1870 uani
1117 1840 1295 1871 ducenties
1308 1839 1508 1871 sestertium
1521 1844 1631 1871 morte

927 1890 1041 1921 uxoris
1059 1890 1208 1930 accepit.
1255 1889 1286 1920 O
1305 1888 1393 1921 foeda
1406 1890 1584 1921 calamitas
1597 1896 1632 1920 et

926 1940 1153 1971 abominanda
1168 1940 1175 1971 l
1200 1938 1352 1980 Εἷρωνείιι.
1398 1940 1533 1971 Herald.
1573 1941 1633 1971 Ri-

926 1992 1050 2031 gallius
1077 1991 1164 2022 dicit
1188 1991 1266 2022 ideo
1298 2001 1374 2022 eum
1405 1991 1630 2023 fortissimum

924 2051 1014 2080 esse,
1027 2042 1107 2082 quia
1122 2041 1298 2073 ducenties
1311 2042 1460 2082 accepit,
1472 2047 1507 2073 et
1519 2047 1632 2073 tamen

924 2093 1033 2124 vivat:
1048 2093 1143 2134 quasi
1153 2093 1226 2124 scil.
1237 2101 1287 2125 (tc.
1299 2093 1415 2134 plagas
1429 2093 1633 2133 accepisset,

924 2144 994 2174 sive
1012 2152 1063 2175 cc.
1079 2143 1168 2173 ictus
1185 2144 1416 2174 sustinuisset.
1463 2144 1507 2173 Et
1521 2146 1628 2175 tamen

922 2193 1018 2234 vivit]
1043 2194 1189 2235 Regerit
1205 2195 1333 2226 ironice
1352 2196 1384 2225 iu
1405 2195 1537 2226 Paetum
1556 2195 1629 2227 haec

923 2254 982 2276 sua
996 2244 1111 2275 verba.

968 2297 1073 2328 Epio.
1089 2304 1252 2326 xxxvm.
1276 2295 1422 2326 Plenum
1436 2295 1515 2326 salis
1530 2300 1566 2327 et
1582 2296 1628 2327 le-

924 2348 1016 2388 poris
1043 2346 1274 2387 Epigramma.
1302 2346 1516 2378 Calliodorus
1551 2357 1628 2378 cum

922 2397 1030 2429 fratre
1049 2407 1186 2429 censum
1204 2402 1398 2438 equestrem
1417 2398 1627 2438 possidebat,

921 2459 1030 2491 eoque
1044 2459 1080 2480 se
1096 2448 1244 2489 equitem
1264 2449 1431 2488 jactabat.
1459 2450 1629 2481 Martialis

924 2500 1066 2540 primum
1080 2503 1182 2539 negat
1193 2498 1422 2530 Calliodorum
1430 2509 1504 2530 esse
1518 2501 1627 2541 equit-

923 2559 989 2588 em,
1004 2549 1142 2590 partitis
1160 2548 1274 2579 bonis:
1292 2549 1414 2580 deinde
1431 2550 1533 2581 docet
1547 2551 1628 2581 ridi-

925 2601 1011 2636 cule,
1028 2609 1093 2641 quo
1110 2603 1213 2639 pacto
1226 2600 1331 2639 possit
1346 2605 1488 2641 uterque
1505 2609 1578 2631 esse
1595 2611 1630 2632 e-

924 2659 1026 2692 ques:
1044 2658 1168 2689 nempe
1185 2650 1286 2680 utvel
1303 2648 1369 2680 duo
1384 2651 1439 2681 uni
1457 2649 1628 2681 insideant

924 2711 1013 2742 equo
1026 2701 1096 2731 sive
1110 2699 1267 2731 subsellio
1284 2700 1316 2730 in
1327 2701 1531 2741 spectaculis
1547 2712 1554 2732 :
1574 2702 1629 2731 vel

925 2753 1100 2783 Castorem
1128 2756 1162 2781 et
1180 2750 1353 2782 Pollucem
1379 2751 1566 2789 imitentur,
1591 2756 1625 2781 et
