1866 3131
238 179 349 223 1254

280 289 301 317 6
323 286 467 326 Dignum
497 287 572 326 quid
594 285 699 325 Ῐαὲιιο,
725 286 795 327 ξω]
831 285 939 316 Immo

239 336 413 377 sapienter
429 336 521 375 fecit,
534 347 595 377 pro
613 346 705 367 more
717 337 881 368 hodierno
895 338 939 367 lo-

239 386 423 417 candarum
463 386 608 418 filiarum
627 397 635 417 z
681 387 737 428 qui
775 387 938 418 tenuioris

237 436 443 468 conditionis
469 436 660 468 hominibus
678 438 854 478 praelatum
873 438 940 467 ele-

237 487 287 526 git
305 497 465 525 generum
489 488 571 519 artis
599 489 803 529 pecuniosae.
820 487 939 528 Epigr-

238 539 292 567 56.
310 537 332 568 1.
349 541 380 568 5.

282 587 388 618 EPIG.
419 596 471 618 ix.
500 591 515 618 l
544 589 682 628 Dormis,
708 589 844 628 Lem-ine,
870 588 938 629 Qua]

237 636 315 674 Vel,
331 637 468 668 simulas
495 648 661 678 somnum,
686 649 727 670 ne
750 639 896 679 ejiciaris
921 649 939 669 a

238 686 456 727 designatore
475 689 625 720 Oceano.

279 741 298 769 2
323 739 365 769 Te
379 740 507 770 suscitat
528 740 682 780 Oceanus]
701 740 804 771 Ludit
820 740 852 770 in
871 750 939 771 am-

237 788 405 830 biguitate
421 791 476 821 τοῦ
494 796 501 808 ‘
516 792 658 822 suscitat
674 791 692 821 :¹
708 791 797 831 quod
814 791 938 831 signifi-

237 844 306 878 cat,
322 841 473 871 excitare
490 851 508 871 e
525 851 641 872 somno
658 846 693 871 et
711 851 752 871 ex
771 842 938 882 equestri-

237 889 298 919 bus
325 890 474 922 sedibus.
501 892 709 931 Epigramm.
740 895 793 924 94.
824 892 880 923 lib.
907 895 938 924 3.

237 949 324 972 vers.
344 944 394 972 10.
411 946 445 972 et
462 943 578 981 Epigr.
595 945 624 973 S.
640 943 698 973 lib.
713 947 744 973 5.

280 992 385 1022 EPlG.
403 1001 439 1024 x.
463 995 482 1023 2
507 993 567 1023 Ille
581 993 684 1033 dabit]
709 993 939 1026 Domitianus.

280 1046 298 1073 3
324 1044 448 1084 Templa
472 1045 605 1084 quidem,
630 1045 700 1085 Sym]
725 1046 818 1077 Suet.
835 1047 938 1077 Dom.

239 1103 269 1124 c.
286 1097 316 1125 5.
335 1094 411 1125 vide
425 1099 460 1125 et
478 1095 595 1135 Epigr.
612 1099 640 1126 1.
659 1097 678 1128 l.
695 1100 725 1127 5.
744 1107 831 1128 vers·
851 1101 902 1128 11.

279 1148 297 1175 5
325 1145 371 1175 At
401 1156 492 1185 quam
520 1157 580 1177 non
608 1147 754 1187 tetricus]
792 1149 939 1180 Carmen

236 1199 352 1225 tamen
382 1196 436 1226 vel
465 1196 615 1227 libellum
643 1198 832 1238 supplicem
856 1200 939 1238 legit

235 1246 332 1276 vultu
359 1256 425 1277 non
453 1248 564 1278 minus
590 1257 722 1288 sereno,
749 1259 849 1290 quam
873 1260 939 1291 quo

231 1296 311 1336 jura
349 1297 447 1328 victis
485 1298 556 1338 dat,
594 1309 693 1340 quam
724 1310 790 1342 quo
821 1302 937 1332 trium-

235 1347 330 1387 phat.

278 1400 296 1427 7
313 1397 428 1438 Dacis]
444 1398 562 1438 Epigr.
581 1402 612 1431 3.
627 1399 685 1431 lib.
699 1404 729 1432 5.

278 1450 297 1477 8
326 1448 519 1488 Capitolinas
546 1449 640 1490 itque,
671 1450 741 1490 εγω]
773 1451 936 1492 Capitoli-

234 1508 291 1529 um
320 1500 478 1530 ascendit
509 1501 721 1542 triumphans
757 1512 819 1543 per
847 1504 937 1534 viam

234 1560 378 1582 sacram.

279 1604 299 1632 9
328 1602 460 1634 Conscia
474 1604 576 1644 virgo]
602 1604 632 1635 0
651 1604 776 1643 Pallas,
797 1603 939 1635 familia-

235 1660 272 1682 re
301 1651 488 1684 Domitiani
517 1664 655 1691 numen,
685 1663 784 1695 quam
815 1655 938 1686 eximie

234 1703 329 1741 colit,
361 1708 397 1734 et
427 1705 522 1744 cnjus
550 1704 655 1735 filium
687 1714 723 1735 se
751 1713 824 1735 esse
851 1705 938 1736 vult.

235 1753 352 1793 Epigr.
371 1757 399 1784 l.
417 1755 475 1785 lib.
493 1758 524 1785 4.
541 1765 629 1785 verS.
643 1759 674 1785 5.
719 1755 813 1786 Scite
826 1755 938 1785 Palla-

235 1804 310 1834 dem
342 1805 552 1845 interrogat:
578 1815 656 1837 nam
687 1807 797 1846 ipsum
825 1807 939 1837 Domi-

235 1854 366 1884 tianum
379 1855 607 1895 interrogare,
617 1866 721 1896 quare
735 1857 781 1886 nil
793 1856 938 1896 donarit,

235 1910 270 1935 et
295 1905 511 1936 verecundiae
544 1910 579 1936 et
610 1907 831 1946 impudentiae
859 1907 939 1937 fuis·

235 1959 299 1985 set.
349 1955 512 1995 Tonantis]
539 1957 740 1988 Domitiani.
766 1957 855 1988 Vide
880 1958 936 1989 lib.

235 2009 266 2037 5.
288 2006 404 2046 Epigr.
423 2011 452 2038 l.

279 2060 315 2087 11
335 2058 389 2087 Sic
403 2067 472 2096 ego,
488 2057 557 2098 fisa]
575 2059 632 2089 Sic
650 2069 712 2099 ego
730 2059 938 2100 quaerebam,

234 2107 344 2148 inquit
363 2108 546 2147 Martialis,
561 2110 609 2139 sic
629 2116 741 2139 antem
760 2110 872 2139 Pallas
889 2120 938 2140 re-

235 2158 386 2198 spondit.
434 2159 542 2189 Posita
562 2159 654 2199 mihi]
677 2161 858 2190 Personam
875 2160 938 2190 sci-

234 2211 316 2240 licet
332 2209 452 2239 induta
469 2211 606 2242 mitem:
625 2213 672 2242 ita
689 2212 810 2243 Silius:
839 2214 848 2230 ‘
861 2214 937 2246 Jam

235 2261 360 2291 bellica
382 2260 490 2301 Virgo
517 2262 638 2302 AEgide
666 2263 848 2303 deposita,'
874 2267 938 2302 διο,

233 2312 298 2341 Vel
329 2312 451 2343 alludit
482 2312 522 2342 ad
553 2319 699 2344 statuam
730 2314 881 2344 Palladis
904 2315 939 2345 in

236 2364 408 2404 Capitolio
447 2365 592 2404 positam
632 2366 704 2396 sine
744 2366 866 2404 aegide,
900 2370 939 2396 ut

235 2425 332 2456 quam
351 2416 566 2446 Domitianus
593 2416 706 2448 habet.
728 2416 845 2458 Epigr.
863 2420 936 2448 179.

233 2467 295 2498 lib.
314 2469 364 2497 14.
391 2466 553 2506 Gorgone]
579 2467 697 2506 Scuto,
720 2467 774 2498 cui
801 2467 937 2508 pictura

234 2518 401 2548 Medusaei
418 2518 539 2557 capitis
556 2517 678 2548 inerat.

278 2572 316 2599 12
343 2569 421 2603 Qnoe
436 2569 581 2606 nondum,
597 2567 666 2608 iffa]
684 2569 854 2609 Exspecta
871 2578 937 2598 mo-

234 2619 290 2657 do,
307 2619 414 2657 dabit,
441 2628 550 2659 neque
577 2619 664 2648 enim
693 2619 831 2659 negavit
856 2619 937 2660 quia

235 2677 300 2698 non
318 2669 436 2699 statim
454 2669 562 2700 dedit.

281 2720 381 2751 Epic..
397 2730 447 2751 xi.
461 2724 475 2751 1
489 2722 579 2756 Quod
591 2731 649 2751 mm
661 2721 702 2751 sit
712 2721 935 2762 Pylades‚&c.]

235 2771 333 2803 Quod
364 2772 488 2802 nullum
516 2772 615 2803 hodic
642 2773 832 2812 reperiatur
856 2774 934 2803 ami-

710 191 848 222 NOTAE
883 191 1144 223 VARIORUM
1181 193 1231 223 ΓΝ

992 295 1108 316 corum
1125 296 1200 327 par,
1216 296 1281 317 non
1296 290 1349 318 est
1364 287 1484 318 mii-nm
1502 296 1576 318 cum
1601 289 1691 319 nulla

992 336 1082 366 inter
1099 346 1172 375 eos,
1199 337 1256 378 qui
1282 337 1381 368 amici
1408 347 1482 368 esse
1499 338 1628 377 volunt,
1645 340 1691 369 in-

994 386 1148 416 veniatur
1165 386 1396 417 conditionum
1420 387 1561 426 paritas,
1579 397 1690 418 rerum

991 437 1193 476 communio,
1207 442 1265 469 aut
1290 437 1477 468 studiorum
1493 438 1692 470 similitudo.

992 486 1126 518 Orestis
1142 497 1216 518 curn
1233 488 1362 529 Pylade
1390 488 1541 519 amicitia
1557 490 1612 520 vel
1632 499 1693 529 pu-

991 538 1058 567 eris
1076 539 1205 570 audita.

1034 590 1052 618 3
1081 588 1145 619 Nec
1161 590 1269 620 melior
1288 591 1391 630 panis,
1416 591 1484 632 ἔξω]
1506 590 1593 621 Vide
1610 590 1693 631 Epi-

991 649 1130 676 gramm.
1159 644 1211 672 43.
1237 641 1292 673 lib.
1320 645 1351 673 2.
1374 647 1409 672 et
1437 643 1556 683 Epigr.
1586 642 1692 673 59.li-

990 690 1051 722 bro
1068 694 1099 723 3.

1033 745 1050 771 5
1080 741 1218 772 Lucrina
1247 741 1350 781 voras]
1376 742 1503 774 Ostrea
1532 744 1692 781 Lucrina,

990 801 1064 831 quae
1082 792 1115 821 in
1133 791 1232 822 laude
1255 800 1354 823 erant
1371 799 1405 824 et
1423 793 1544 833 pretio.
1591 794 1692 833 Aquo-

988 852 1024 872 sa
1049 842 1186 882 Peioris]
1224 843 1384 873 Flaccida
1407 843 1536 873 concha
1564 850 1598 873 et
1622 845 1691 873 sine

990 893 1089 932 collo,
1117 903 1135 923 a
1161 893 1286 923 Peloro
1311 893 1436 923 Siciliae
1463 895 1693 933 promontorio

988 941 1093 973 dicta.

1031 996 1052 1024 6
1077 994 1149 1024 Non
1165 994 1277 1032 minus,
1299 993 1367 1033 ἔξω]
1393 994 1468 1025 Non
1485 994 1564 1024 mihi
1584 994 1692 1024 minus

989 1049 1112 1075 exacta
1126 1049 1177 1075 est
1203 1044 1313 1074 tenuis
1336 1054 1495 1084 saporum
1513 1044 1613 1082 ratio,
1630 1054 1692 1074 nee

990 1095 1099 1125 minus
1117 1094 1315 1125 deliciarum
1333 1095 1458 1134 cupido
1473 1104 1571 1136 quam
1590 1095 1663 1126 tibi.

1032 1148 1050 1176 7
1067 1145 1217 1186 Cadmea]
1236 1146 1352 1186 Epigr.
1368 1148 1419 1176 43.
1437 1145 1493 1176 lib.
1509 1148 1540 1176 2.
1557 1155 1644 1176 vei-s.
1659 1148 1691 1176 7.

993 1196 1127 1235 Pinguis
1145 1196 1252 1227 Gallia
1262 1196 1369 1236 vestit]
1382 1198 1505 1237 Sagum
1522 1196 1691 1227 Gallicum

990 1247 1163 1277 crassioris
1175 1248 1256 1278 villi.
1303 1248 1391 1277 Vide
1402 1248 1625 1286 Epigramma
1639 1250 1691 1278 19.

988 1297 1076 1328 libro
1092 1301 1122 1328 4.
1141 1302 1175 1328 et
1187 1298 1345 1329 Juvenal.
1361 1298 1475 1337 Satyr.
1493 1300 1524 1329 9.
1539 1308 1624 1329 vers.
1639 1301 1691 1329 30.

989 1348 1194 1388 pinguiores
1222 1348 1311 1379 enim
1339 1349 1589 1390 crassioresque
1612 1350 1690 1380 olim

988 1404 1101 1428 vestes
1119 1409 1137 1429 a
1153 1399 1346 1430 textoribus
1369 1399 1488 1430 Gallis.
1514 1399 1692 1431 ,luvenalis

987 1449 1101 1490 Satyr.
1116 1452 1148 1480 9.
1188 1452 1196 1466 ‘
1212 1450 1364 1489 Pingues
1382 1450 1565 1490 aliquando
1582 1451 1690 1481 lacer-

989 1508 1063 1538 nas,
1088 1500 1133 1530 Et
1148 1500 1235 1531 male
1254 1510 1432 1540 percussas
1451 1502 1596 1531 textoris
1614 1511 1692 1541 pec-

989 1549 1061 1579 tine
1079 1550 1170 1580 Galli
1188 1549 1408 1590 Accipimus?
1453 1552 1461 1565 ‘
1478 1551 1628 1591 Pingues
1648 1552 1694 1582 la-

990 1608 1107 1630 cernas
1119 1599 1127 1612 '
1145 1599 1228 1631 dicit
1243 1601 1429 1640 Juvenalis,
1446 1601 1592 1640 παχείας.

1033 1652 1052 1679 8
1081 1649 1218 1689 Sagatus
1239 1650 1352 1690 amem]
1376 1651 1498 1682 Dixit:
1525 1656 1533 1668 ‘
1547 1652 1605 1683 Me
1622 1652 1694 1693 pin-

991 1700 1066 1739 guis
1102 1700 1215 1732 Gallia
1245 1701 1370 1732 vestit)
1430 1703 1556 1742 Sagun]
1581 1709 1694 1734 autem

991 1750 1163 1781 Gallicum
1195 1756 1269 1782 erat
1285 1765 1291 1781 ;
1318 1752 1397 1792 quin
1430 1758 1466 1783 et
1493 1753 1604 1793 ipsum
1635 1764 1691 1784 no-

989 1811 1082 1840 men,
1094 1802 1120 1832 si
1135 1802 1305 1833 credimus
1320 1803 1474 1834 Isidoro:
1493 1804 1553 1834 sed
1567 1810 1602 1835 et
1616 1805 1693 1835 His-

990 1852 1159 1891 panicum.

1034 1905 1073 1932 10
1099 1903 1224 1942 ΙΙΙανοε,
1247 1907 1281 1933 ut
1309 1905 1432 1943 ameris,
1457 1904 1541 1944 ama]
1565 1906 1691 1938 Verum

989 1958 1214 1993 praeceptum,
1254 1960 1288 1985 et
1319 1965 1336 1985 e
1370 1956 1549 1996 sapientiae.
1588 1957 1690 1989 fonti-

989 2002 1061 2034 bus.
1105 2004 1237 2034 Seneca
1249 2005 1359 2045 Epist.
1373 2009 1400 2037 9.
1447 2007 1604 2039 Hecaton
1623 2010 1691 2040 ait:

989 2056 996 2069 ‘
1009 2053 1082 2093 Ego
1100 2055 1159 2085 tibi
1172 2056 1368 2087 monstrabo
1387 2059 1602 2098 amatorium,
1617 2061 1690 2091 sine

988 2105 1251 2145 medicamento,
1279 2108 1351 2139 sine
1369 2109 1485 2149 herba⁷
1502 2111 1574 2142 sine
1591 2113 1690 2143 ullius

989 2155 1149 2187 veneficae
1189 2158 1336 2190 carmine
1355 2171 1362 2190 :
1407 2160 1443 2190 Si
1481 2161 1530 2191 vis
1575 2164 1694 2202 amari,

988 2206 1087 2237 ania!

1033 2259 1136 2290 Epto.
1168 2268 1238 2291 x11.
1272 2263 1288 2290 l
1320 2260 1414 2301 Suos]
1445 2263 1590 2295 Mentali
1619 2264 1692 2305 qui-

988 2308 1065 2339 dem
1083 2310 1300 2342 restrictione
1314 2312 1461 2353 ambigui
1478 2324 1485 2344 :
1513 2315 1522 2330 ⁴
1535 2318 1634 2354 suos,'
1657 2319 1693 2345 at

989 2361 1164 2401 emptitios
1192 2362 1335 2401 scilicet,
1361 2373 1428 2394 non
1456 2364 1609 2395 nativos:
1645 2365 1693 2396 sie

989 2413 1107 2452 Epigr.
1125 2415 1177 2443 20.
1195 2413 1254 2444 lib.
1269 2416 1300 2444 2.
1317 2418 1351 2445 et
1367 2415 1483 2456 Epigr.
1499 2417 1551 2447 30.
1569 2416 1626 2448 lib.
1645 2419 1676 2447 1.

1031 2463 1135 2495 Epic..
1162 2473 1245 2495 xlii.
1271 2465 1426 2496 Statuam
1451 2476 1470 2497 e
1498 2467 1695 2499 candidissi-

986 2524 1041 2545 mo
1053 2525 1218 2546 marmore
1231 2517 1448 2547 Domitianus
1461 2517 1575 2556 Juliae,
1589 2529 1689 2560 quam

987 2565 1172 2606 impensius
1198 2567 1347 2606 amabat,
1375 2567 1614 2605 exaedificavit,
1638 2580 1690 2600 ar-

987 2622 1185 2658 gumentum
1203 2619 1338 2658 amoris,
1363 2628 1462 2659 quein
1481 2629 1541 2660 per
1558 2626 1689 2652 cestum

985 2669 1087 2701 Juliae
1126 2679 1225 2699 manu
1263 2670 1450 2701 haerentem
1489 2670 1692 2708 declaravit,

987 2731 1063 2751 cum
1080 2730 1119 2751 eo
1134 2730 1168 2751 se
1195 2731 1406 2761 percussum,
1432 2727 1470 2752 ut
1494 2722 1574 2752 olim
1590 2722 1689 2764 Jupi-

988 2777 1037 2802 ter
1057 2781 1073 2801 a
1091 2771 1240 2812 Junone,
1269 2777 1302 2802 et
1328 2773 1421 2803 Mars
1439 2783 1455 2803 a
1473 2773 1606 2804 Venere
1626 2776 1690 2816 sig-
