1866 3131
362 201 411 230 M.
446 200 553 230 VAL.
586 200 856 232 MAR'rlAms
892 201 1049 231 nricss.
1084 203 1174 231 1⁴13.
1207 204 1275 233 lx.

111 294 199 324 absit
233 292 338 323 omnis
376 293 534 324 tumultus
572 293 802 329 clamantium,

109 344 319 383 saltantium,
335 343 561 375 ebriosorum:
576 344 738 385 simulque
754 344 796 374 ir-

110 394 198 425 ridet
228 394 359 426 occulte
396 394 564 433 Priscum,
591 399 657 424 tam
686 394 797 424 multis

110 445 235 475 chartis
250 444 291 474 de
314 445 375 474 liae
400 453 435 474 re
460 443 700 485 disputantem,
722 453 797 475 cum

111 495 214 525 verbo
231 494 298 525 dici
315 494 432 534 possit.

152 548 171 575 6
196 546 233 576 In
249 545 336 585 quod,
356 544 424 584 tic]
460 544 508 575 Ut
523 544 579 575 ille
595 544 713 575 chorus
729 553 798 574 mu·

110 595 198 624 sicus
214 596 358 635 optimus
384 599 446 634 est,
469 595 526 635 qui
554 604 594 625 ex
623 604 658 625 se
681 594 799 633 dulcis,

110 644 269 683 sublimn,
302 645 421 676 doctus
454 654 519 675 non
553 644 679 684 indiget
712 644 796 675 Cho-

111 695 204 725 raule
220 695 275 735 qui
291 694 373 725 tibia
389 694 490 726 choro
506 694 666 734 adspiret.
699 695 707 711 ‘
722 695 798 725 Bel-

111 746 149 776 lis
177 745 391 784 homunculis,
419 750 458 775 ut
483 745 631 775 suaviter
651 744 741 776 inter
762 754 797 776 se

110 796 188 835 siut,
213 795 295 826 nihil
318 805 400 835 opus
423 800 475 826 est
490 796 610 834 calice,
625 795 706 826 nihil
722 795 798 827 tibi·-

110 845 208 877 cine.'
232 846 326 877 Plut.
341 846 493 886 Sympos.

152 897 397 927 Emanxmx.
441 897 565 927 sensus
594 901 664 927 est:
697 895 797 928 Galla

109 946 259 977 venefica
285 951 361 986 post
391 947 672 987 occisos'septem
697 947 797 986 viros,

110 996 170 1026 tibi
194 996 374 1027 Picentino
390 996 540 1027 venefico
561 1001 596 1028 et
618 997 794 1037 parricidae

108 1046 235 1086 nupsit.
280 1047 368 1085 Ergo
385 1047 517 1078 videtur
529 1047 717 1079 decrevisse
728 1058 796 1079 mo-

108 1097 148 1133 ri,
172 1095 259 1137 quod
287 1096 348 1127 tibi
375 1098 548 1136 nupserit:
573 1098 628 1138 qui
656 1098 795 1138 perinde

108 1147 199 1178 tollis
221 1156 240 1177 e
256 1147 366 1178 medio
381 1156 515 1182 uxoreS,
529 1152 567 1177 ut
582 1148 684 1178 Galla
698 1148 796 1178 viros.

113 1197 194 1227 Rad.

151 1250 171 1278 2
194 1245 285 1287 Sequi
302 1247 377 1286 vult,
392 1246 458 1286 δῖα]
480 1246 511 1276 Α
528 1252 561 1277 te
579 1245 728 1277 venefico
742 1256 797 1276 ex·

109 1298 230 1337 tincta,
258 1303 294 1328 ut
319 1297 377 1328 illa
401 1297 488 1337 prius
509 1301 638 1338 septem
658 1298 796 1328 maritos

107 1349 300 1380 sustulerat.
356 1347 442 1379 Vide
473 1348 721 1389 Epigrammate
745 1350 797 1379 44.

108 1399 191 1430 libro
206 1402 236 1430 8.

151 1450 252 1481 EP1G.
269 1457 379 1480 LxXX.
424 1447 602 1479 Blanditur
615 1447 739 1479 Caesari
762 1453 797 1478 et

110 1499 316 1530 Caesarianis.
372 1499 526 1530 Priorum
550 1498 796 1538 Imperatorum

110 1550 234 1581 familia
257 1555 325 1580 tam
342 1558 498 1589 arrogans
514 1553 550 1580 et
565 1549 710 1589 superba
724 1548 798 1588 fuit,

112 1606 148 1631 ut
161 1599 372 1631 intoleranda
393 1599 565 1630 videretur
579 1599 722 1630 civibus:
741 1605 799 1631 tua

112 1658 178 1682 tam
196 1656 247 1681 est
269 1651 371 1681 comis
387 1655 423 1681 et
438 1650 589 1689 humana,
614 1655 651 1680 ut
674 1651 746 1690 plus
763 1649 800 1680 il-

111 1703 188 1741 lam,
203 1711 300 1741 qnam
317 1711 352 1732 se
365 1701 507 1741 diligant
521 1701 621 1731 cives.

152 1755 168 1783 1
194 1752 315 1783 Ducum
323 1752 471 1790 famulos,
483 1749 551 1790 ξω]
565 1750 716 1780 Famulos
732 1750 797 1787 pri-

109 1812 200 1833 orum
221 1802 307 1837 Imp.
324 1805 357 1830 et
372 1799 495 1830 fastum
509 1799 666 1829 aulicum.
711 1797 799 1829 Gru-

111 1857 201 1882 terus
218 1861 258 1882 ex
277 1851 384 1880 Palat.
402 1849 496 1889 legit,
521 1848 695 1887 turbamque
715 1847 798 1887 prio·

110 1911 186 1938 rem,
205 1906 310 1931 recte.
336 1900 420 1931 Nam
436 1898 531 1936 dicit,
545 1898 665 1928 ‘turba
682 1897 797 1937 prior,’

109 1956 185 1981 sunt
201 1950 325 1989 liberti,
340 1950 395 1990 qui
409 1949 512 1979 servis
523 1948 640 1988 utique
657 1948 797 1988 priores,

109 2006 144 2031 et
171 2010 239 2040 prae
271 1999 375 2030 servis
403 1997 612 2036 odiosissimi,
639 2002 796 2039 tanquam

108 2051 164 2092 qui
194 2053 428 2089 procuratores
459 2047 716 2089 provinciarum,
742 2058 797 2078 ex·

108 2105 242 2131 actores
260 2099 474 2136 tributorum,
490 2097 716 2137 vectigalium.
733 2102 795 2128 &a

113 2149 300 2190 Turbamque
320 2147 466 2189 priorem]
487 2148 541 2178 Sic
566 2153 659 2178 recte
686 2157 703 2178 e
731 2149 796 2179 Ms.

111 2200 290 2237 Gruterus,
314 2208 386 2230 cum
411 2198 508 2237 vulgo
530 2198 711 2238 legeretur,
732 2202 796 2229 tur-

109 2250 234 2289 bamque
255 2249 421 2279 minorem.-
444 2248 501 2279 sed
515 2249 600 2279 male
619 2248 797 2286 intellexit,

110 2303 244 2329 notatus
260 2298 302 2328 ob
318 2298 380 2328 hoc
397 2307 415 2328 a
428 2297 608 2337 Scriverio,
625 2299 680 2339 qui
694 2299 800 2339 subji-

111 2351 158 2381 cit
185 2349 332 2390 priorum.
376 2347 444 2379 Sed
481 2353 516 2379 et
546 2349 618 2388 ipse
648 2348 796 2381 fallitur:

111 2409 187 2431 nam
210 2401 219 2416 ‘
236 2399 335 2430 turba
360 2399 452 2439 prior
474 2398 612 2430 ducum’
633 2406 697 2439 est,
723 2411 798 2442 quae

111 2451 204 2492 prius
221 2455 294 2481 erat
319 2449 410 2480 circa
431 2449 547 2487 duces,
570 2458 629 2489 per
651 2450 798 2491 hypalla-

109 2510 174 2542 gen
189 2499 337 2531 Martiali
351 2498 666 2539 frequentissimam.
709 2500 799 2531 Prae-

111 2558 206 2584 terea
222 2552 318 2583 malle
332 2552 391 2582 hos
415 2551 596 2592 scriptores
623 2553 670 2583 sic
697 2553 800 2594 loqui,

112 2607 147 2634 et
170 2604 178 2619 ‘
195 2603 291 2633 turba
308 2602 436 2639 melior,
460 2600 687 2640 Atheniensis,
705 2602 798 2633 fami-

112 2652 224 2692 liaris‚'
240 2655 302 2683 &c.
320 2661 417 2692 quam
441 2651 450 2667 ‘
464 2651 648 2692 meliorum,
664 2651 798 2683 Atheni-

113 2703 251 2738 ensium,
279 2701 515 2739 familiarium,'
550 2701 719 2733 docuimus
757 2701 796 2732 ad

201 2756 354 2795 Delph.et
375 2754 447 2785 Var.
462 2753 547 2784 ctus.

769 2755 912 2786 Martini.

1426 195 1533 234 1345

844 293 1007 324 Senecam
1034 294 1089 325 lib.
1113 298 1142 325 3.
1166 295 1209 326 de
1234 295 1287 327 Ira
1304 305 1378 337 cap.
1393 299 1424 328 8.
1450 298 1530 328 Gro-

844 344 961 374 novius.

886 397 906 424 2
930 394 1121 426 Pallatinum
1135 397 1344 437 supercilium]
1379 398 1531 430 Aulicum

845 444 981 477 fastum.

887 499 905 527 3
931 497 975 528 At
986 507 1065 528 nunc
1079 500 1194 535 tantus,
1210 498 1279 538 ἔξω]
1303 499 1402 531 Falso
1421 499 1482 530 lioc
1499 505 1534 531 et

847 545 1044 583 adulatorie,
1057 548 1261 579 reclamante
1274 550 1420 580 omnium
1432 550 1533 582 histo-

846 596 989 627 ricorum
1001 595 1079 627 fide.

889 649 908 677 4
936 647 978 678 Ut
992 647 1034 677 sit
1048 646 1167 688 cuique,
1179 647 1248 688 Bm]
1274 647 1321 679 Ut
1339 650 1441 689 pluris
1457 650 1535 682 saci-

849 702 906 728 ant
919 698 1122 729 Caesarianos
1139 709 1235 739 quam
1248 709 1334 731 suos.

889 751 908 778 8
934 749 1127 779 Caesarianus
1158 749 1260 789 habet]
1293 750 1358 783 Qui
1392 750 1424 781 in
1459 752 1535 782 aula

847 797 991 829 Caesaris
1008 804 1169 830 versatur.
1192 800 1201 817 ‘
1214 800 1337 840 Regis’
1357 800 1444 831 enini
1468 805 1476 817 ‘
1492 802 1532 831 ad

846 849 1034 888 exemplum
1052 852 1142 880 totus
1159 851 1372 890 componitur
1382 851 1495 882 orbis)

889 898 990 929 Eme.
1018 907 1164 930 nxxxu.
1222 899 1379 931 Carmina
1401 901 1532 940 probari

848 957 904 978 sua
918 949 1039 989 passim
1050 949 1092 980 ab
1104 948 1273 988 omnibus3
1289 950 1329 981 ab
1345 960 1410 982 uno
1422 955 1532 981 tamen

846 998 958 1039 aliquo
974 999 1170 1039 vituperari,
1191 1000 1283 1030 velut
1305 1009 1371 1031 non
1393 1001 1474 1031 satis
1498 1002 1535 1031 li-

846 1054 935 1079 mata
957 1054 991 1080 et
1003 1050 1184 1080 emendata
1201 1050 1293 1081 dicit.
1338 1048 1534 1091 Respondet

847 1099 957 1130 Poeta
969 1109 1003 1130 se
1017 1100 1178 1140 convivis,
1192 1110 1257 1131 non
1270 1101 1359 1132 cocis
1374 1101 1532 1136 scribere,

848 1148 988 1179 poetam
1014 1149 1105 1180 illum
1130 1151 1283 1181 aemulum
1309 1160 1385 1182 esse
1405 1160 1534 1192 cocum,

846 1205 911 1227 non
928 1197 1078 1229 Poe'tam.
1103 1199 1217 1229 Rader.

887 1250 905 1277 3
930 1248 1024 1287 Nam,
1053 1248 1119 1288 &ej
1157 1249 1243 1279 Volo
1278 1251 1428 1281 carmina
1462 1260 1534 1281 mea

845 1297 949 1338 magis
965 1299 1101 1339 placere
1125 1299 1296 1331 benevolis
1319 1306 1354 1331 et
1378 1302 1536 1342 simplici-

845 1348 906 1380 bus
923 1349 1116 1388 lectoribus,
1129 1351 1416 1393 auditoribusque,
1436 1363 1532 1394 quam

845 1400 971 1430 aemulis
992 1404 1027 1432 et
1051 1403 1187 1433 curiosae
1205 1402 1400 1444 strictaeque
1416 1412 1533 1434 censu-

846 1459 891 1480 r‘ae
909 1449 1027 1489 poetis.

887 1500 991 1531 Epic.
1014 1509 1167 1533 Lxxxnr.
1225 1501 1421 1543 Astrologus
1438 1503 1535 1533 Mun-

845 1559 919 1580 nam
936 1550 1053 1591 (velut
1069 1552 1124 1582 alii
1138 1552 1205 1592 leg.
1215 1552 1372 1592 Cinnam)
1384 1552 1536 1593 divitem,

844 1599 938 1630 brevi
950 1601 1146 1632 moriturum
1164 1602 1389 1642 praedixerat3
1406 1603 1534 1633 Munna

845 1650 979 1681 decoxit
1009 1652 1118 1682 subito
1151 1662 1247 1683 omne
1285 1653 1533 1692 patrimonium,

848 1710 909 1730 nec
942 1707 1090 1732 mortuus
1118 1708 1179 1734 est.
1222 1703 1332 1734 Poeta
1353 1704 1533 1735 veridicum

847 1750 963 1789 fuisse,
981 1753 1038 1789 ait,
1051 1753 1266 1791 astrologum,
1282 1762 1359 1783 vere
1376 1753 1463 1784 enim
1482 1764 1536 1794 pe.

848 1801 930 1830 risse
945 1801 1117 1840 Munnam,
1139 1811 1212 1832 cum
1229 1801 1269 1832 ad
1284 1802 1402 1833 incitas
1418 1803 1535 1834 redac-

850 1856 903 1880 tus
919 1850 974 1882 sit.
998 1850 1080 1881 Rad,

893 1902 906 1929 l
933 1899 1080 1938 Dixerat,
1094 1899 1160 1940 εμπ]
1197 1901 1300 1932 Jocus
1317 1906 1368 1932 est
1384 1903 1416 1932 in
1433 1902 1535 1933 ambi-

848 1949 976 1988 guitate
991 1949 1046 1979 τοῦ
1059 1951 1068 1966 ‘
1083 1950 1220 1990 perire:'
1237 1951 1324 1991 quod
1337 1951 1536 1992 Astrologus

847 1998 1016 2030 referebat
1046 2000 1086 2031 ad
1110 2000 1226 2039 vitam,
1256 2001 1363 2032 Po‘e'ta
1385 2002 1426 2033 ad
1450 2003 1536 2033 bona

847 2055 882 2080 et
898 2049 1062 2089 fortunas,
1083 2061 1158 2091 quae
1180 2051 1308 2082 Munna
1332 2054 1539 2094 perdiderat,

847 2099 953 2131 fretus
971 2101 1139 2140 Astrologi
1153 2101 1326 2142 praedicto.

888 2155 906 2181 5
933 2151 1062 2190 Bisque,
1075 2151 1141 2191 &NJ
1176 2151 1290 2182 Vicies
1307 2158 1450 2183 centena
1466 2153 1535 2183 mil-

848 2201 893 2232 lia
906 2200 975 2232 HS.
992 2201 1060 2232 sive
1082 2205 1134 2232 50.
1150 2201 1252 2233 millia
1268 2202 1535 2243 Philippeorum.

889 2253 909 2281 6
932 2251 1040 2281 Perire
1065 2251 1141 2290 cito]
1179 2251 1320 2292 Elegans
1354 2262 1432 2282 sane
1458 2253 1538 2293 Epi-

848 2310 1006 2340 gramma,
1022 2306 1055 2331 et
1072 2309 1090 2331 e
1108 2301 1301 2333 Graecorum
1320 2303 1536 2342 myrotheciis

849 2356 1026 2391 sumptum.
1053 2351 1138 2382 Nam
1150 2349 1269 2382 ἄσωτον
1283 2353 1469 2392 appellant,
1481 2353 1537 2382 lio-

848 2401 969 2433 minem
983 2402 1199 2440 luxuriosum,
1215 2406 1251 2432 et
1273 2402 1366 2441 eujus
1383 2403 1471 2434 salus
1486 2408 1538 2433 est

849 2453 1023 2493 deplorata
1039 2462 1076 2483 ac
1093 2452 1191 2492 plane
1210 2452 1382 2491 exhausta,
1396 2450 1537 2484 faculta-

849 2504 937 2536 tibus
950 2504 1019 2535 scil.
1034 2503 1216 2534 exhaustis.
1242 2503 1371 2534 Herald.

890 2555 994 2584 Eme.
1021 2562 1171 2584 Lxxxrv.
1217 2553 1445 2584 Histrionibus
1468 2555 1536 2585 Do-

847 2603 1002 2633 mitianus
1023 2612 1154 2633 scenam
1176 2602 1365 2641 interdixit,
1388 2603 1534 2634 edictum

850 2652 963 2682 laudat.
990 2652 1111 2682 Poeta.
1164 2653 1288 2683 verum
1304 2653 1328 2682 si
1347 2653 1444 2684 altius
1460 2664 1535 2685 cum

850 2703 961 2741 Lipsio
993 2703 1161 2743 inspic-iaz,
1196 2703 1378 2742 intelliges,
1406 2704 1459 2733 hic
1492 2704 1535 2735 de

1380 2758 1398 2786 4
1422 2757 1451 2787 Q
