1866 3131
212 166 325 209 1238

214 282 276 313 per
293 271 397 311 vices,
425 274 462 302 ut
479 268 537 301 illi'
551 269 769 308 immortales,
791 267 917 300 ita'isti

213 324 347 361 equites
376 323 453 361 sint,
476 320 575 352 hodie
592 320 814 360 Calliodorus,
838 329 916 360 pos-

220 374 321 406 tridie
338 373 454 404 frater.
488 373 573 403 Rad.

257 427 276 455 3
303 423 544 462 Quadringenta
578 421 677 461 secat]
712 421 778 452 Sed
810 420 916 452 frater

213 475 340 517 (inquit
357 473 485 515 Poeta)
501 473 593 514 cogit
614 478 649 504 te
667 473 821 504 dividere
838 482 917 513 qua-

213 527 408 566 dringenta,
450 525 584 566 sibique
611 524 761 555 ducenta
792 524 916 564 poscit.

215 576 320 614 Secat,
335 577 387 616 qui
401 574 573 615 dicineo]
597 575 676 606 Seca
691 575 825 614 legend.
838 583 915 604 cen-

215 632 268 659 set
287 627 344 660 Ja.
367 628 529 668 Rutgers.
545 626 603 658 lib.
619 629 650 668 6,
667 636 741 666 cap.
761 629 812 656 11.
837 626 917 656 Var.

218 679 300 709 lect.
325 679 370 709 Et
385 677 493 708 frater
516 677 573 708 ille
592 674 679 715 tu‘us,
695 675 750 717 qui
773 675 916 705 haeredi-

217 733 323 759 tatem
356 728 397 758 ad
432 737 540 759 assem
570 737 688 767 usque,
718 730 752 756 et
779 725 918 756 minima

215 788 361 820 quaeque
387 783 426 810 ut
456 784 491 809 et
517 777 598 809 ficos
622 777 728 807 dividi
756 786 797 805 ex
819 785 916 816 aequo

214 830 336 870 poscit,
363 829 475 860 aufert
500 829 563 859 tibi
591 828 738 858 medium
767 837 903 858 censum

213 881 485 912 Rescribendum
509 884 608 920 putat
635 879 790 909 Petitus:
832 879 916 913 Qua-

210 933 378 972 dringenta
389 936 482 971 secat,
494 931 631 971 quidicit
646 929 684 961 σὺ
699 930 727 961 κ’
742 928 796 969 ἐμέ
809 929 840 970 ῥ’
855 929 916 969 ἵζε,

213 986 276 1015 &c.
323 983 508 1015 Calliodori
534 988 631 1023 pater
654 991 792 1013 censum
814 981 917 1011 habu-

214 1040 289 1066 erat
320 1040 532 1075 equestrem:
575 1034 777 1074 superstites
805 1037 916 1064 autem

213 1086 351 1126 reliquit
363 1086 445 1116 duos
459 1085 558 1123 filios,
571 1085 660 1115 hunc
675 1083 918 1122 Calliodorum,

211 1141 247 1167 et
265 1137 409 1168 alterum
424 1136 600 1167 minorem.
634 1136 718 1167 Cum
735 1140 848 1166 autem
867 1136 916 1166 illi

213 1193 304 1218 esset
334 1193 468 1218 tantum
494 1188 660 1228 equestris
690 1196 825 1226 census,
853 1196 915 1217 nec

213 1239 356 1279 amplius
375 1238 556 1279 quicquam
579 1237 722 1268 haberet
747 1237 779 1266 in
806 1237 916 1274 bonis,

212 1289 406 1320 necessario
459 1288 576 1329 fiebat,
621 1290 658 1319 ut
701 1288 915 1319 Calliodorus

212 1345 404 1382 equestrem
420 1349 555 1370 censum
567 1349 634 1370 nou
648 1339 812 1370 haberet:
838 1348 915 1369 nain

212 1391 398 1424 Calliodori
426 1391 535 1422 minor
565 1389 673 1422 frater
704 1400 722 1421 e
756 1390 912 1432 quadrin—

213 1443 324 1483 gentis
351 1442 428 1481 illis,
452 1452 527 1483 quae
554 1447 656 1482 pater
674 1442 706 1472 in
726 1441 822 1472 bonis
840 1442 915 1472 reli-

213 1498 348 1536 querat,
387 1493 572 1534 repetebat
613 1493 682 1524 sive
715 1493 916 1533 legitimam,

210 1557 286 1588 quae
300 1547 343 1577 ab
359 1546 521 1578 intestato
533 1544 701 1583 defertur,
717 1545 789 1574 sive
800 1543 915 1574 datum

212 1597 415 1638 legatumex
433 1599 653 1627 testamento.
699 1594 917 1635 Itaquequa-

210 1647 391 1687 dringeuta
405 1648 463 1678 illa
480 1646 647 1688 equestris
664 1655 801 1685 census,
816 1655 916 1686 quein

211 1699 287 1738 equi
303 1698 437 1729 nomine
448 1696 618 1738 significat
631 1696 753 1736 Poeta,
765 1697 915 1729 secabat.

210 1749 360 1781 Secabat
385 1754 511 1787 autem,
538 1748 617 1790 quia
639 1748 779 1779 dicebat
801 1748 913 1788 fratri,

211 1800 250 1830 σὺ
266 1800 294 1830 κ’
309 1799 364 1838 ἐμέ
376 1800 400 1838 ῥ’
415 1799 478 1839 ἵζε,
494 1803 529 1830 tu
537 1799 593 1837 sac
610 1809 656 1830 me
670 1809 784 1839 quoque
797 1801 914 1840 sedere,

210 1860 299 1891 equo
316 1850 461 1885 scilicet,
488 1849 521 1879 id
548 1854 612 1888 est,
638 1849 684 1880 da
699 1848 779 1879 mihi
803 1859 912 1879 meam

213 1901 255 1932 de
284 1900 378 1931 bouis
404 1900 558 1940 paternis
583 1903 728 1939 partem.
775 1898 822 1929 At
848 1909 913 1930 uno

212 1961 298 1993 equo
311 1951 430 1982 sedere
443 1951 508 1982 duo
522 1960 586 1981 non
603 1954 758 1990 possunt,
775 1950 838 1981 hoc
851 1955 914 1988 est,

211 2007 334 2033 neuter
359 2006 464 2033 totam
491 2001 718 2032 hereditatem
736 2005 913 2041 paternam

212 2057 328 2094 potest
342 2062 494 2091 cernere,
508 2056 543 2083 et
556 2061 694 2082 censum
716 2056 912 2091 equestrem

211 2103 350 2133 habere.
374 2103 511 2134 Petitus.
540 2101 707 2142 Quidz'cit]
732 2102 914 2134 Quihabet

207 2154 264 2195 jus
305 2154 447 2195 petendi
489 2154 657 2184 alternam
702 2153 914 2183 haereditatis

209 2209 358 2245 partem,
386 2204 493 2236 frater
513 2214 647 2246 nempe.
692 2205 776 2235 Σῦκο.
796 2202 914 2244 μέριζε]

210 2256 378 2297 Adagium
389 2261 442 2286 est
454 2257 487 2286 in
501 2256 646 2297 eos,qui,
659 2265 759 2297 quum
774 2265 915 2295 parvam

211 2306 358 2337 adierint
380 2306 630 2345 haereditatem,
652 2315 723 2336 eain
743 2306 849 2345 ipsam
864 2310 913 2336 ta-

209 2367 286 2389 men
303 2362 472 2398 coguntur
487 2358 519 2388 in
535 2357 647 2398 plures
672 2356 791 2397 partiri
808 2356 916 2388 cohae-

210 2408 325 2446 redes,
337 2409 386 2439 ita
398 2413 434 2439 ut
447 2408 628 2439 videantur
642 2407 724 2438 ficos
740 2406 911 2438 dividere:

210 2460 264 2490 vel
280 2460 359 2490 σῦκα
375 2458 489 2500 μέριζε,
504 2459 538 2489 id
560 2464 625 2497 est,
649 2458 763 2489 divide
780 2468 912 2489 mecum

208 2515 316 2541 totam
335 2516 460 2541 sortem
475 2510 686 2540 haereditatis
704 2519 799 2550 aequa
813 2510 913 2540 ratio-

211 2570 265 2599 ne,
279 2561 320 2591 ad
338 2571 444 2602 usque
456 2569 576 2596 assem,
599 2561 663 2591 hoc
681 2566 745 2599 est,
763 2561 911 2600 minima,

210 2612 377 2642 maxima:
393 2611 440 2641 ita
453 2615 490 2642 ut
502 2611 581 2641 σῦκα
596 2611 735 2642 minima
750 2611 911 2642 bonorum

211 2662 361 2701 signent,
386 2661 535 2703 nihilque
563 2671 630 2692 non
657 2672 732 2693 esse
757 2662 910 2694 dividen-

211 2712 302 2743 dum.

255 2766 272 2793 4
302 2763 369 2793 {⁷²20
397 2764 506 2802 credis,
531 2763 597 2803 Su]
622 2764 740 2805 Neque
769 2765 910 2806 potestis

670 172 812 204 NOTAE
844 173 1112 205 VARIORUM
1147 174 1198 204 IN

967 278 1009 299 ex
1025 277 1090 299 uno
1108 277 1210 299 censu
1225 276 1299 300 esse
1311 268 1377 300 duo
1394 270 1539 310 equites,
1552 275 1588 302 et
1603 281 1669 303 uno

966 319 1086 350 sedere
1101 330 1199 360 equo,
1210 325 1269 351 aut
1286 330 1352 350 uno
1368 321 1540 352 subsellio.

1010 375 1027 401 5
1053 371 1182 401 Polluce
1210 370 1351 410 molesto]
1375 371 1496 402 Fratre
1527 371 1580 411 (ut
1611 373 1669 404 ille

968 421 1150 460 Castoris),
1169 422 1223 461 qui
1241 419 1348 452 officit
1361 425 1418 452 tuo
1432 421 1562 462 honori,
1574 422 1670 454 dimi-

969 472 1078 502 diatus
1095 481 1212 513 eques.

1010 525 1030 553 6
1056 522 1127 553 Non
1153 526 1229 553 esset
1260 523 1385 561 Pollux,
1414 522 1485 562 Astu]
1524 523 1669 563 Elegans

968 573 1060 603 lusus
1077 573 1109 602 in
1127 572 1329 604 nominibus.
1373 574 1495 604 Pollux
1508 574 1595 604 enim
1611 584 1670 614 pu-

969 623 1029 664 gil,
1050 624 1173 655 Castor
1199 634 1326 664 eques;
1356 623 1465 655 frater
1499 624 1557 655 ille
1591 630 1669 656 tuus

969 674 1064 714 quasi
1083 674 1177 714 pugil
1197 674 1258 706 tibi
1272 675 1477 714 reluctatur,
1501 683 1544 704 ne
1562 675 1669 714 possis

970 734 1044 755 esse
1059 735 1175 766 eques,

1013 778 1032 806 8
1058 775 1278 815 Soloecz'smum,
1303 775 1372 816 Sym]
1407 777 1483 808 Nec
1510 776 1600 807 enim
1616 775 1669 808 sas

970 825 1099 864 dicere,
1113 827 1122 842 ⁶
1143 835 1227 856 unus
1243 826 1391 858 sedetis!

1013 880 1033 908 9
1059 878 1164 908 Genus
1180 878 1284 919 Ledoe,
1311 879 1380 919 Sym]
1405 879 1564 921 Equibus
1589 880 1671 911 Cas-

971 933 1024 960 tor
1039 930 1332 962 immortalitatem
1346 941 1439 962 suain
1468 941 1545 962 cum
1563 930 1669 962 fratre

970 983 1117 1023 partitus
1134 988 1200 1022 est,
1228 988 1266 1014 ut
1289 984 1429 1014 alternis
1447 983 1576 1015 vicibus
1600 993 1668 1015 mo-

971 1038 1127 1064 rerentur
1140 1038 1175 1064 et
1189 1034 1456 1065 reviviscerent:
1475 1035 1522 1065 ita
1539 1044 1597 1065 vos
1609 1044 1671 1075 per

969 1084 1062 1114 vices
1082 1089 1193 1116 estote
1211 1085 1343 1125 equites
1356 1096 1363 1123 3
1378 1085 1442 1116 nisi
1458 1086 1600 1116 alterum
1618 1085 1668 1115 di-

968 1139 1026 1165 cat
1042 1141 1201 1174 oportere
1226 1136 1310 1166 mori
1327 1141 1362 1166 et
1388 1136 1430 1166 ad
1458 1135 1585 1167 inferos
1611 1136 1669 1167 de-

968 1185 1144 1224 scendere,
1157 1190 1193 1216 ut
1210 1191 1384 1226 superstes
1398 1187 1441 1217 sit
1454 1196 1569 1227 eques.

1011 1237 1115 1267 Epic.
1133 1245 1269 1269 xxxtx.
1294 1239 1410 1278 Fingit
1433 1239 1612 1278 Martialis,
1634 1248 1671 1270 se

968 1286 1024 1317 diu
1040 1286 1170 1318 frustra
1183 1289 1378 1319 muneribus
1396 1294 1552 1329 captasse
1564 1290 1671 1320 haere-

967 1338 1110 1370 ditatem
1124 1339 1238 1370 Carini
1250 1340 1435 1371 tussientis.
1453 1340 1566 1380 Optat
1579 1341 1670 1371 enim

967 1389 1014 1419 illi
1027 1390 1199 1420 exitialem
1214 1391 1345 1429 tussim,
1357 1391 1436 1431 quia
1447 1400 1512 1421 non
1527 1390 1671 1431 amplius

967 1438 1074 1471 habet
1105 1440 1195 1482 quod
1220 1440 1335 1471 donet.
1382 1440 1564 1481 Improbas
1587 1450 1667 1481 cap-

969 1491 1115 1521 tantium
1129 1495 1164 1522 et
1174 1495 1388 1531 captatorum
1402 1495 1493 1522 artes
1504 1492 1614 1531 carpit
1625 1491 1668 1522 si-

968 1550 1010 1572 ne
1028 1541 1166 1581 invidia,
1181 1542 1260 1572 dum
1283 1542 1430 1582 seipsum
1455 1546 1668 1582 captatorem

975 1596 1010 1623 et
1028 1591 1187 1622 Carinum
1206 1596 1382 1632 captatum
1396 1592 1545 1624 simulat.
1564 1593 1650 1624 Rad.

1011 1644 1028 1672 1
1054 1642 1234 1683 Supremas,
1259 1642 1327 1682 ilfa]
1362 1643 1495 1683 Saepius
1519 1644 1669 1675 mutanti

968 1693 1099 1726 tabulas
1125 1694 1335 1732 testamenti,
1359 1698 1398 1725 ut
1414 1694 1536 1725 illicias
1553 1700 1669 1734 capta·

968 1749 1059 1774 tores
1097 1754 1180 1785 quos
1221 1749 1353 1784 captes.
1399 1743 1541 1776 Luciani
1577 1745 1670 1776 Dial.

966 1794 1112 1827 Petron.

1008 1847 1028 1874 2
1053 1844 1146 1884 Misi]
1173 1845 1282 1876 Poeta
1309 1854 1344 1875 se
1369 1850 1582 1885 captatorem
1607 1846 1669 1877 fin-

966 1896 1024 1937 git,
1041 1906 1106 1937 quo
1129 1898 1261 1927 cautius
1287 1898 1456 1938 improbas
1481 1900 1669 1941 haeredipe·

965 1952 1072 1978 tarum
1088 1953 1178 1978 artes
1193 1954 1326 1987 carpat.

1008 2000 1026 2028 3
1057 1998 1198 2038 Hyblaeis
1214 1999 1364 2039 madidas,
1379 2000 1448 2040 ξω]
1472 2001 1578 2032 Melle
1594 2007 1667 2043 opt.

966 2048 1096 2088 Hybla,
1110 2058 1202 2079 mons
1214 2049 1535 2087 Siciliae,mellificiis
1546 2052 1669 2092 clarus,

967 2099 1081 2138 thymo
1108 2099 1234 2139 quippe
1268 2099 1430 2141 abundat,
1460 2103 1516 2143 qui
1548 2102 1666 2143 apibus

967 2155 1098 2189 gnatus.

1008 2202 1028 2229 4
1053 2199 1178 2241 Defeci]
1194 2200 1385 2232 Exhaustus
1399 2212 1491 2242 su1n3
1509 2213 1575 2234 non
1589 2214 1667 2245 sup-

967 2250 1055 2289 petit
1074 2250 1161 2290 quod
1190 2251 1280 2282 ultra
1303 2253 1448 2285 mittam.
1496 2255 1667 2295 Miserere]

967 2301 1071 2332 Quasi
1087 2301 1230 2341 diceret,
1255 2303 1403 2334 Tandem
1419 2315 1562 2338 morere.

1009 2355 1026 2381 5
1052 2351 1153 2391 Signa
1170 2353 1283 2392 rarius,
1304 2355 1372 2396 ξω]
1397 2356 1472 2395 Vel,
1487 2358 1554 2388 noli
1570 2366 1665 2398 spem

965 2407 1111 2433 nostram
1129 2404 1270 2435 eludere
1297 2406 1398 2437 toties
1421 2409 1584 2440 mutando
1601 2415 1667 2440 tes-

965 2458 1172 2493 tamentum3
1213 2456 1277 2495 vel,
1313 2459 1418 2489 semel
1459 2468 1592 2490 morere
1628 2464 1665 2490 et

964 2509 1089 2544 praesta
1098 2504 1199 2536 fidem
1215 2507 1299 2538 tussi
1313 2512 1378 2539 tuae
1392 2510 1559 2542 mendaci.
1577 2510 1666 2542 Vide

965 2554 1029 2594 Ep.
1047 2557 1099 2585 56.
1113 2555 1133 2585 l.
1152 2558 1203 2586 12.

1006 2607 1026 2635 6
1052 2605 1222 2646 Mentitur]
1254 2608 1372 2639 Toties
1398 2614 1540 2641 mortem
1571 2615 1664 2641 tuam

961 2655 1118 2696 pollicita
1129 2657 1239 2696 tussis,
1251 2667 1346 2698 spem
1364 2664 1515 2691 nostram
1531 2659 1629 2690 fallit.

1005 2709 1024 2736 7
1048 2706 1287 2748 Saccntamqne]
1312 2710 1427 2741 Gloss.
1453 2710 1462 2727 ‘
1477 2710 1663 2749 saccellus,

963 2756 1148 2790 Bandunov!
