1866 3131
424 191 472 220 M.
505 191 614 220 VAL·
647 187 916 219 MARTIALIS
953 188 1110 218 Epion.
1147 188 1237 217 [AB.
1271 188 1341 218 111.

169 284 298 315 centies
321 288 467 315 centena
509 284 614 314 millia
651 288 862 324 supererant,

169 346 245 375 quse
273 334 498 375 impenderes,
524 335 696 365 exhaustis
725 334 794 374 jam
826 338 861 364 et

170 385 321 415 decoctis
337 384 525 415 sexcenties
545 384 698 415 centenis
714 384 860 414 millibus

169 436 376 467 sestertium.
411 435 534 466 Centies
548 434 667 474 laxum]
702 434 756 465 Ad
779 433 861 465 illud

171 488 180 503 ⁴
193 487 320 517 centies
336 485 472 516 laxum!
496 485 598 516 Haud
615 485 685 516 scio
701 495 783 526 quos
803 484 860 515 flo-

171 546 270 566 renos
286 536 456 575 intelligat
476 535 640 575 Raderus,
659 545 760 576 quum
778 534 862 566 dicit

172 587 299 619 centies
316 595 388 616 esse
404 588 556 624 333‚000.
568 584 781 625 florenorum,
800 587 862 617 &c.

171 645 247 666 nam
268 635 397 666 centies
424 641 502 666 sunt
527 636 674 667 ducenta
700 636 861 678 quinqua-

173 688 265 727 ginta
280 687 386 717 millia
398 691 647 726 coronatorum,
658 686 862 718 florenorum

172 736 762 777 septingentaquinquagintamillia.
783 736 863 767 Gro-

172 795 238 816 nov.
255 785 392 825 Lamum]
407 786 483 816 Non
500 787 621 827 minus,
638 787 863 827 amplius‚po-

172 836 250 866 tius.
287 835 355 866 Alii
377 837 452 866 luxu
467 846 528 877 pro
552 837 657 876 luxui,
681 837 713 868 id
732 841 795 876 est,
821 836 862 868 ad

174 886 299 917 luxum.

215 939 234 966 3
271 937 341 967 Hoc
371 940 404 967 tu
429 937 594 977 gravatus]
627 939 705 970 Hoc
734 938 863 969 centies

172 987 342 1026 sestertio,
358 987 451 1018 velut
466 988 546 1018 nihil
563 992 777 1029 superesset:
801 989 863 1019 hac

173 1037 267 1077 quasi
283 1042 437 1077 egestate
454 1044 624 1079 gravatuS,
640 1038 750 1079 iuopia
770 1048 864 1078 pres-

175 1096 241 1126 ειιε,
257 1087 387 1127 putasti
404 1088 465 1118 tibi
481 1087 568 1119 fame
595 1093 630 1120 et
645 1089 702 1120 siti
718 1089 864 1119 morien-

173 1136 264 1173 dum,
281 1136 423 1178 ideoque
440 1147 607 1170 venenum
623 1139 773 1170 hausisti.

215 1190 234 1217 4
257 1187 382 1218 Summa
392 1189 530 1229 potione]
550 1190 862 1220 Extreinolxaustu:

174 1241 211 1267 ut
223 1246 340 1268 summa
354 1238 428 1268 dies.
461 1239 612 1280 Duxisti]
635 1239 842 1270 Exhausisti.

218 1287 320 1318 Eme.
334 1297 442 1319 xxm.
474 1293 490 1320 1
525 1290 649 1329 Omnia,
673 1289 740 1329 tra]
772 1289 864 1320 Iuvi-

174 1341 265 1368 tator
291 1338 446 1369 sordidus
463 1339 612 1379 obsonia,
625 1340 739 1371 statim
757 1349 795 1370 ac
809 1349 866 1380 po-

173 1393 349 1428 nerentur,
368 1389 509 1422 tradidit
523 1390 627 1421 servis
644 1400 731 1430 poue
750 1389 791 1421 ad
809 1399 865 1430 pe-

177 1437 236 1468 des
274 1438 555 1478 discumbentium
596 1440 866 1471 ministrantibus

176 1487 373 1528 auferenda,
402 1495 438 1521 et
470 1490 512 1520 ad
536 1491 617 1522 alias
654 1490 868 1522 instruendas

177 1547 289 1568 coenas
328 1540 538 1573 reservanda.
587 1542 729 1574 Jocatur
746 1541 867 1579 Poeta,

177 1588 383 1619 commodius
409 1589 482 1621 fore
504 1596 541 1621 ut
566 1592 671 1622 servis
697 1596 795 1622 extra
811 1591 869 1621 tri-

179 1639 315 1670 clinium
333 1646 525 1681 apponatur
537 1651 664 1681 mensa,
678 1642 704 1672 si
717 1642 763 1672 ita
779 1647 869 1673 retro

183 1699 338 1720 amovere
356 1689 486 1722 fercula
503 1692 677 1722 statuerit.
699 1693 761 1722 τῶν
775 1690 806 1722 δὲ
820 1690 872 1720 πέ.

177 1742 231 1780 ριξ,
245 1739 346 1771 πάντα
356 1739 440 1772 δίδως
460 1740 565 1773 ὀπίσω.
596 1740 776 1780 Antliolog.
802 1741 824 1771 l.
838 1735 868 1772 1.

177 1792 272 1821 c.3l.
322 1790 462 1821 Sensum
493 1791 593 1831 plane
630 1791 795 1830 expressit
830 1799 869 1820 ac

179 1839 328 1871 reddidit
365 1849 520 1871 versuum
563 1840 696 1871 illorum
734 1840 869 1871 Lucillii

178 1889 416 1931 conquerentis
433 1890 475 1921 de
491 1890 675 1930 Epicrate:
699 1888 735 1920 Εἷ
750 1889 776 1920 δ’
793 1888 871 1920 οὕτω

177 1940 261 1971 τοῦτ’
278 1939 357 1979 ἔστι,
380 1939 419 1971 σὺ
433 1939 503 1972 τοὺς
527 1939 653 1972 δούλους
676 1939 869 1970 κατάκλινον.

178 1991 282 2030 Ἡμεῖς
295 1990 409 2022 δἀὐτοί
426 2001 483 2022 σου
492 1990 565 2032 πρὸς
580 1990 673 2023 πόδας
685 1989 866 2031 ἐρχόμεσθα.

178 2042 226 2081 Si,
244 2042 364 2083 inquit,
390 2042 454 2073 hoc
469 2042 531 2074 tibi
555 2040 669 2073 facere
696 2041 870 2072 decretum

178 2099 243 2133 est,
269 2098 307 2124 ut
329 2094 443 2134 pueris
473 2098 565 2124 retro
592 2093 703 2125 omnia
732 2093 872 2124 obsonia

179 2144 347 2184 porrigas,
362 2153 422 2174 cur
437 2153 504 2175 non
519 2144 594 2174 illos
605 2143 705 2184 jubes
728 2142 872 2173 discum-

180 2194 273 2232 bere,
289 2198 324 2224 et
348 2189 407 2224 nos
431 2193 473 2224 ad
498 2193 601 2234 pedes
629 2194 692 2225 tibi
714 2193 873 2225 stabimus

182 2252 295 2273 eorum
310 2243 417 2273 vicem
431 2243 442 2273 ?
464 2242 566 2274 πάντα
588 2243 697 2275 διδόναι
717 2242 825 2282 ὀπίσω,
841 2243 873 2273 in

182 2292 453 2332 praecedentibus
510 2293 645 2325 dixerat
690 2294 872 2325 Lucillius:

183 2342 354 2374 Martialis
371 2343 411 2373 ad
431 2343 566 2374 verbum
581 2355 588 2375 :
613 2344 714 2375 omnia
726 2348 808 2375 retro
824 2343 874 2375 ob-

183 2393 270 2423 sonia
291 2394 430 2425 tradere:
453 2393 524 2426 τοὺς
548 2393 673 2427 δούλους
684 2395 876 2426 κατακλίνειν

186 2443 275 2483 apud
308 2443 485 2474 Lucillium
515 2444 604 2475 idem
634 2446 767 2476 omnino
806 2450 871 2485 est,

185 2492 273 2534 quod
288 2502 422 2523 mensam
436 2496 570 2524 sternere
593 2505 611 2525 a
631 2494 759 2534 pedibus
782 2494 872 2536 apud

187 2543 402 2574 Martialem:
427 2543 594 2584 quijubet
608 2545 695 2575 enim
719 2555 831 2576 servos
855 2555 875 2576 a

187 2592 329 2632 pedibus
339 2593 547 2624 discumbere
561 2593 602 2624 ad
613 2603 773 2634 mensam,
784 2594 874 2625 idem

185 2651 333 2673 mensam
350 2642 474 2673 sternit
486 2653 503 2673 a
517 2642 670 2683 pedibus.
695 2644 876 2674 Salmasius.

188 2693 276 2724 Vide
293 2698 327 2724 et
342 2692 493 2725 Turneb,
516 2693 657 2725 Advers.
677 2695 699 2726 l.
716 2698 765 2726 16,
780 2705 809 2726 c.
823 2698 852 2725 5.

1492 177 1601 219 1171

954 282 1058 313 Eme.
1074 291 1175 314 xxrv.
1200 284 1250 315 De
1264 284 1438 325 Haruspice
1449 281 1604 321 hernioso]

912 333 1073 364 Continet
1102 333 1164 364 hoc
1194 334 1399 375 epigramma
1435 333 1605 364 facetissi-

912 392 997 413 mum
1017 383 1058 413 (le
1074 382 1208 414 Tuusco
1226 383 1401 424 haruspice
1418 383 1608 414 narratiun-

911 432 1017 463 culam
1035 443 1044 471 ;
1068 432 1123 473 qui
1139 442 1212 463 cum
1236 438 1401 465 mactaret
1417 434 1542 465 hircum
1561 432 1603 463 ad

911 484 1037 515 Bacchi
1061 494 1146 522 aras,
1161 484 1294 515 cuidam
1312 486 1437 525 agresti
1457 485 1528 516 viro
1544 483 1606 514 fal-

913 544 984 565 cem
1016 534 1177 575 praebuit,
1206 534 1331 573 jubens
1364 539 1402 566 ut
1429 534 1605 566 testiculos

911 584 994 614 hirci
1009 587 1224 624 amputaret3
1249 594 1416 624 quumque
1432 584 1505 625 ipse
1529 593 1606 615 cum

910 635 1005 666 hirco
1030 635 1229 673 luctaretur,
1261 634 1411 666 ostendit
1434 635 1606 675 ingentem

912 685 1080 727 quandam
1117 685 1280 725 herniam,
1321 695 1420 726 quam
1458 684 1605 715 rusticus

912 734 1090 768 confestim
1107 734 1195 766 falce
1211 735 1330 771 secuit,
1354 735 1553 765 existimans
1570 732 1604 764 id

918 786 960 817 ad
978 795 1075 817 sacra
1090 787 1278 826 pertinere.
1300 786 1458 818 Ramz‘res.

955 839 975 867 2
1001 836 1076 867 Tuis
1089 837 1226 874 victima,
1245 835 1314 876 ἔξω]
1339 836 1439 869 Quod
1457 835 1541 866 vites
1556 845 1611 866 ro·

913 886 972 917 dat
987 897 995 917 z
1019 890 1056 917 ut
1073 896 1194 926 porcus
1207 886 1337 927 Cereri,
1349 886 1438 928 quod
1452 884 1608 926 frugibus

913 936 1015 968 obsit.
1032 936 1139 976 epigr.
1153 939 1205 968 39.
1222 937 1245 967 l.
1260 939 1310 968 13.

955 989 974 1017 3
1000 986 1114 1017 Tuscus
1126 989 1273 1025 mactare,
1292 986 1359 1026 θα]
1389 984 1611 1026 Aruspicina,

913 1040 1001 1067 utet
1029 1036 1134 1067 multa
1146 1037 1211 1067 alia
1237 1046 1332 1067 sacra
1353 1041 1389 1066 et
1410 1035 1610 1077 religiones,

914 1085 957 1116 ab
971 1086 1107 1116 Etruria
1120 1087 1259 1117 Romam
1275 1085 1395 1118 accita.

956 1140 974 1166 5
1000 1136 1180 1175 Yesticulos,
1208 1135 1278 1176 ἔξω]
1314 1135 1424 1175 Hirci,
1460 1135 1610 1166 victimae

913 1187 1073 1218 masculae
1091 1186 1343 1225 castrabantur,
1367 1195 1409 1217 ne
1433 1190 1523 1216 teter
1539 1185 1611 1215 illa-

914 1246 987 1267 rum
1003 1236 1151 1277 partium
1167 1235 1250 1267 odor
1266 1245 1365 1266 nares
1381 1235 1580 1267 offenderet.

955 1289 974 1318 7
998 1287 1067 1327 Ipse
1077 1286 1184 1327 super]
1203 1286 1372 1327 Aruspex,
1390 1286 1514 1319 Virides
1527 1296 1612 1325 aras,

914 1337 982 1378 ξω]
1006 1337 1132 1369 Herbis
1147 1342 1282 1369 stratas.

958 1392 978 1419 9
992 1388 1090 1419 Iratz's
1101 1387 1262 1429 apparuit]
1276 1388 1344 1419 Per
1356 1387 1611 1418 irreverentiam

917 1443 1033 1479 gestus
1049 1438 1152 1469 illins.
1177 1438 1301 1469 Herma
1315 1438 1429 1479 sacris]
1454 1438 1611 1469 Scrotum
1659 1452 1664 1458 -

917 1490 1082 1531 aruspicis
1099 1491 1197 1531 proni
1215 1494 1250 1521 et
1265 1489 1459 1520 inclinantis
1470 1497 1614 1530 appare-

916 1541 976 1573 bat
989 1553 1008 1571 a
1021 1545 1127 1582 tergo,
1143 1540 1233 1582 quod
1249 1540 1398 1571 rusticus
1414 1539 1570 1571 abscidit.

961 1594 1000 1622 13
1025 1591 1080 1622 Sic
1101 1593 1199 1630 modo,
1214 1591 1284 1631 Esca]
1318 1590 1420 1621 Ludit
1445 1600 1465 1621 a
1491 1589 1614 1630 patria.

917 1640 974 1673 Sic
991 1641 1090 1672 modo
1107 1641 1164 1682 qui
1179 1640 1271 1671 fuisti
1290 1640 1498 1680 Hetruscus,
1521 1649 1611 1670 nunc

920 1690 1037 1721 Gallus
1053 1690 1163 1721 factus
1179 1699 1215 1721 es
1237 1699 1397 1729 aruspex,
1417 1699 1480 1720 nec
1498 1694 1612 1720 tamen

919 1750 936 1771 e
948 1740 1072 1778 Gallia,
1083 1739 1140 1770 sed
1155 1739 1274 1771 Gallus
1287 1738 1445 1770 sacerdos
1458 1738 1614 1779 Cybeles.

962 1793 1001 1822 14
1027 1789 1144 1830 Caper]
1160 1789 1307 1830 Caprnm
1323 1787 1378 1818 τὸν
1393 1787 1534 1826 ἐκτομίαν
1545 1788 1613 1820 dici

918 1839 1050 1871 notavit
1081 1840 1212 1871 Gellius
1240 1840 1261 1870 l.
1273 1843 1304 1870 9.
1336 1848 1364 1870 c.
1379 1842 1410 1871 9.
1438 1839 1448 1856 ⁴
1461 1838 1614 1870 Auctore

920 1890 970 1921 M.
985 1890 1140 1920 Varrone
1157 1889 1182 1920 is
1198 1888 1332 1920 demum
1349 1888 1471 1920 Latine
1501 1889 1616 1930 Caper

920 1940 1057 1981 dieitur,
1073 1941 1350 1982 quiexcastratus
1375 1940 1451 1972 est!
1477 1940 1614 1972 Gronov.

923 1993 1037 2033 Caper]
1060 1991 1234 2022 Castratus
1249 2002 1257 2022 :
1295 1996 1348 2022 est
1374 1991 1487 2033 itaque
1513 2000 1617 2032 caper

920 2041 1032 2073 hircus
1048 2046 1228 2081 castratus,
1244 2041 1396 2080 ἐκτομίας.

964 2092 1068 2122 EP1G.
1084 2100 1173 2122 xxv.
1196 2091 1248 2122 Aa
1277 2090 1476 2130 Faustinum]
1509 2090 1614 2123 Jocus

922 2145 974 2172 est
990 2141 1022 2171 in
1039 2141 1228 2172 Sabinaeum
1241 2142 1422 2173 Rhetorem
1438 2140 1616 2181 frigidissi-

923 2202 1013 2223 mum
1029 2191 1064 2222 in
1080 2191 1238 2231 dicendo,
1264 2201 1362 2233 quem
1379 2193 1427 2223 ait
1443 2190 1615 2232 hyperbo-

922 2242 1019 2281 licc‘bs,
1035 2250 1137 2282 posse
1153 2240 1288 2272 fervens
1301 2241 1458 2272 balneum
1475 2240 1616 2280 refrige—

925 2302 1001 2324 rare
1015 2303 1022 2323 ε
1061 2296 1182 2332 estque
1205 2292 1302 2332 jocus
1326 2291 1359 2322 in
1388 2290 1610 2330 ambignitate

925 2353 944 2374 a
969 2342 1094 2381 frigore
1121 2340 1207 2371 aeris
1233 2342 1273 2372 ad
1301 2341 1460 2371 orationis
1485 2339 1590 2380 frigus
1605 2351 1613 2371 ;

925 2393 972 2424 sic
988 2393 1127 2423 dicimus
1141 2392 1149 2408 ‘
1162 2390 1285 2432 frigere
1297 2391 1306 2405 '
1323 2391 1465 2432 alicujus
1491 2390 1617 2422 oratio·

926 2452 1011 2474 nem.
1036 2443 1127 2472 Ram.

968 2496 983 2522 1
1013 2490 1160 2531 Fervens]
1177 2491 1280 2530 Cujus
1297 2490 1440 2521 calorem
1458 2490 1514 2520 vix
1524 2488 1615 2520 ferre

926 2543 1031 2584 possit
1053 2542 1206 2574 Julianus
1223 2541 1342 2572 calidis
1353 2541 1433 2572 alias
1446 2545 1614 2572 assuetus.

967 2596 985 2624 3
1012 2593 1114 2632 Roga,
1138 2593 1268 2633 lavetur,
1282 2591 1350 2633 ssa]
1377 2592 1481 2624 Jocus
1499 2592 1611 2623 Meta-

932 2643 1092 2685 phoricus
1126 2653 1145 2675 a
1165 2642 1294 2684 frigore
1321 2642 1420 2683 acris,
1441 2641 1483 2674 ad
1511 2641 1614 2684 frigus

927 2693 1099 2727 orationis,
