1866 3131
226 166 338 206 1⁴24ss

224 271 304 312 byei
322 268 500 301 insolentia
517 268 550 298 in
565 267 790 308 provocandis
807 267 849 298 ad
868 277 925 308 pa-

222 323 374 353 laestram
390 318 580 359 hospitibus
597 317 640 349 ab
660 317 811 349 Hercule
827 318 926 349 casti-

224 378 305 413 gata
328 376 448 401 morte.
498 369 640 408 Ceromu]
664 369 765 400 Quod
792 369 844 399 hic
870 379 927 409 po-

223 424 315 453 nitur
344 431 403 461 pro
432 421 506 461 ipso
532 419 657 451 Antaeo
685 425 856 450 ceromate.
881 420 927 450 in-

223 478 339 504 uncto.
386 472 528 503 Ceroina
551 479 630 509 ergo
650 469 755 501 fiebat
779 480 820 500 ex
843 470 929 509 oleo,

223 525 375 565 pulvere,
391 527 427 554 et
441 533 522 554 cera
538 522 772 559 commixtum,
784 531 850 562 quo
868 531 927 551 un-

224 575 394 615 gebantur
408 574 573 605 Athletae.
612 573 738 614 Libycae
752 572 928 612 palaeslrae]

222 626 346 667 Lybici
363 625 578 657 certaminis:
603 634 680 655 nam
707 623 852 653 sumitur
874 622 928 653 hic

224 687 286 717 pro
302 677 377 717 ipsa
394 677 487 707 lucta
503 680 538 706 et
554 674 753 711 certamine,
778 673 868 714 quod
895 673 928 702 in

224 727 335 768 Libya
361 727 577 758 commissum
608 730 671 755 est.
729 723 819 754 Vide
847 723 929 763 Epi-

223 784 409 819 grammate
425 781 476 808 57.
494 777 579 807 libro
597 779 625 806 3.
644 785 742 805 versu
759 778 812 806 25.

266 832 286 860 4
310 829 418 870 Eryx]
442 827 585 858 Veneris
607 826 697 856 filius
715 825 757 856 ab
775 824 928 856 Hercule

223 884 387 911 caestuum
405 878 590 909 certamine
607 876 775 907 devictus.
801 875 929 916 virgil.

224 935 255 962 5.
274 931 406 962 AEneid.

266 985 286 1012 6
311 982 379 1012 Nec
394 979 508 1020 rectas]
529 979 690 1017 Aversas,
708 988 770 1018 per
786 977 927 1008 caudam

223 1037 365 1063 tractas.
405 1031 524 1069 Vir-gil.
562 1033 591 1060 1.
623 1028 755 1059 AEneid.
818 1028 930 1068 Cacus]

223 1083 368 1113 Vulcani
385 1081 473 1112 filius
498 1080 625 1119 triceps
648 1084 733 1117 erat,
751 1077 803 1108 fur
824 1083 860 1109 et
885 1079 929 1108 la-

221 1137 288 1171 tro,
306 1141 412 1172 eoque
431 1130 617 1161 viatoribus
634 1129 832 1160 timebatur.
861 1129 929 1161 Qui

223 1184 300 1214 idco
324 1184 429 1215 boves
455 1183 489 1217 in
514 1187 649 1213 antrum
673 1190 767 1211 suurn
792 1190 928 1212 aversas

223 1234 397 1273 trahebat,
414 1243 456 1264 ne
475 1232 708 1274 quaerentibus
725 1230 853 1261 factum
872 1231 928 1261 de-

222 1284 503 1325 prehenderetur,
541 1292 616 1314 cum
657 1281 800 1321 vestigia
837 1281 928 1313 foras

223 1336 403 1374 ducerent,
428 1345 493 1366 non
510 1335 612 1365 intro.

265 1390 283 1417 7
310 1387 377 1417 Ista
394 1390 468 1425 tuoe,
483 1387 601 1424 Coesar,
616 1383 685 1424 «ἒς-0.]
710 1384 797 1415 Haec
816 1385 871 1415 vel
887 1384 928 1414 is·-

222 1442 258 1468 ta
274 1437 386 1467 omnia
403 1436 564 1467 Herculis
589 1434 683 1466 facta
706 1435 830 1466 collata
851 1445 927 1465 cum

223 1489 369 1520 Caesaris
383 1489 588 1529 spectaculis
606 1489 638 1518 in
652 1488 927 1528 Amphitheatro,

222 1545 326 1581 quota
351 1550 428 1581 pars
453 1540 556 1571 sunt?
582 1540 677 1580 quasi
702 1539 844 1579 diceret,
868 1540 928 1570 mi-

223 1591 325 1622 ninia.

266 1643 285 1671 8
310 1640 450 1681 Mnjora]
477 1639 572 1671 Dicit
598 1649 682 1680 ergo
710 1640 837 1677 Poeta,
860 1639 928 1671 Ro-

223 1701 286 1722 mae
304 1692 337 1721 in
356 1691 618 1731 Amphitheatro
639 1690 784 1730 majores
801 1690 928 1721 bestias

222 1747 440 1783 monstraque
458 1751 525 1772 uno
542 1741 611 1779 die,
628 1742 666 1771 et
680 1741 816 1781 quidem
835 1740 929 1771 dimi-

223 1792 316 1822 diato
333 1797 368 1822 et
385 1790 712 1830 matutino,confici,
724 1800 823 1831 quam
841 1791 929 1821 Her-

222 1843 316 1872 cules
334 1846 407 1872 tota
423 1841 493 1871 vita
509 1840 669 1872 confecit.
718 1841 826 1870 Novus
848 1841 929 1880 dies]

222 1893 434 1923 Matutinunl
452 1892 700 1932 spectaculum,
719 1901 783 1931 quo
801 1891 929 1921 bestia-

224 1942 265 1973 rii
292 1952 369 1973 cum
398 1941 518 1972 bestiis
545 1940 816 1981 depugnabant:
851 1947 929 1980 post

222 1994 417 2032 meridiem,
435 1994 491 2035 qui
509 1998 726 2034 supererant,
744 1995 833 2024 inter
849 2004 896 2025 se.

278 2048 318 2077 10
344 2045 485 2075 collocat
511 2045 599 2075 hasta
627 2044 710 2084 sues]
742 2044 927 2077 Interficit.

222 2095 377 2136 Metaph.
395 2101 530 2136 sumpta
546 2096 587 2126 ab
605 2096 745 2136 antiquo
761 2096 929 2126 collocan-

223 2145 256 2176 di
287 2145 465 2176 cadaveris
496 2155 588 2176 more
606 2156 613 2177 :
651 2145 692 2176 de
725 2156 790 2186 quo
820 2146 929 2176 multa

222 2196 358 2236 Lipsius
375 2197 432 2229 lib.
449 2200 477 2228 l.
497 2197 606 2228 Elect.
624 2206 700 2237 cap.
715 2199 745 2227 ὓ.
783 2196 840 2226 Sic
856 2208 926 2236 προ.

222 2248 358 2278 τίθεσθαι
382 2248 527 2279 Graecis.
573 2248 618 2278 Et
639 2257 704 2278 non
728 2247 834 2277 solum
856 2257 928 2286 pro,

222 2299 392 2329 collocare
409 2297 441 2328 in
458 2297 625 2328 vestibulo
643 2297 786 2335 aedium3
812 2307 927 2328 verum

223 2353 259 2379 et
276 2348 308 2378 in
325 2348 398 2379 loco
415 2348 566 2389 publico,
583 2353 620 2378 ut
637 2357 699 2388 pro
715 2348 846 2378 Rostris
862 2347 929 2378 Ro-

222 2409 300 2438 mze,
316 2399 370 2430 ubi
382 2405 415 2431 et
427 2399 578 2430 laudatio
593 2399 834 2440 peragebatur.
846 2399 927 2429 Her.

227 2451 292 2481 Tua
308 2449 413 2490 hasta]
431 2451 500 2480 Pro
518 2450 730 2490 Carpophori
747 2450 855 2489 basta,
871 2449 927 2490 qui

223 2504 276 2530 est
293 2505 371 2531 tuus
387 2505 549 2539 venat0r3
566 2499 725 2542 quodque
742 2499 816 2541 ipse
833 2499 930 2541 fecit,

224 2556 259 2581 tu
280 2551 405 2581 videris
423 2549 560 2582 fecisse.

268 2604 305 2631 11
324 2602 467 2632 Pastoris
482 2601 582 2642 Iberi]
606 2601 789 2643 GeryoniS,
808 2602 928 2632 tricor—

224 2652 329 2692 poriS,
348 2653 579 2693 Hispanorum
597 2653 696 2693 regis.
742 2652 831 2683 Vide
854 2652 928 2692 My-

225 2702 389 2742 thologos.
433 2703 498 2733 Sed
518 2713 571 2733 res
589 2704 635 2734 ita
650 2713 685 2734 se
702 2703 818 2734 habet.
860 2704 928 2734 Ge-

225 2762 311 2794 ryon
324 2757 393 2784 tres
406 2753 523 2785 habuit
537 2754 625 2786 filios
639 2755 830 2796 Geryones,
844 2765 926 2796 quos

684 172 826 202 NOTAE
861 173 885 201 V
896 173 1084 203 ARtoRU
1096 173 1125 201 M
1163 173 1211 201 lx

978 267 1146 298 Hercules
1179 266 1337 307 Libycus,
1376 276 1453 298 cum
1486 267 1522 298 in
1551 267 1683 308 subjec-

979 323 1029 349 tos
1043 318 1217 358 Hispanos
1234 317 1448 358 tyrannidem
1466 325 1683 357 exercerent,

978 373 1176 407 comparato
1193 368 1362 406 exercitu,
1380 377 1420 397 ex
1438 369 1682 408 provocatione

979 429 1064 450 unus
1082 430 1209 458 omues,
1223 425 1292 450 tres
1311 420 1400 450 solus
1417 417 1581 450 confecit.
1613 421 1685 450 Un-

980 472 1020 502 de
1039 478 1120 502 nata
1141 476 1193 502 est
1217 470 1347 509 fabula,
1371 471 1566 510 Geryonem
1591 471 1683 502 trici-

979 523 1085 563 pitem
1102 522 1143 553 ab
1161 522 1311 552 Hercule
1329 522 1469 553 victum.
1496 522 1575 554 Rad.

1023 576 1062 604 12
1099 573 1162 608 Qui
1191 573 1297 612 possit,
1327 572 1396 612 δῖα]
1431 573 1686 614 Carpopliorus,

979 632 1037 653 seu
1051 623 1122 663 quis
1140 623 1223 653 alius
1235 633 1243 653 ε
1257 622 1362 653 Libro
1375 623 1493 663 Spect.
1507 623 1683 664 Epigram-

979 678 1070 704 mate
1087 676 1142 704 27.

1024 727 1062 755 13
1081 724 1274 755 Numer—etur
1290 724 1388 755 bellua
1405 724 1529 765 Lernae]
1554 725 1685 765 Hydra,

980 784 1193 805 numerosum
1211 775 1517 815 (repullulantibus
1536 786 1610 817 quae
1629 785 1687 806 ex—

980 824 1183 855 cidebantur
1207 825 1393 865 capitibus)
1421 826 1557 856 malum.
1603 826 1685 866 Epi-

980 885 1086 916 gram.
1103 878 1154 906 27.
1172 876 1228 906 lib.
1244 876 1361 915 Spect.

1024 928 1063 956 14
1088 925 1231 966 Improba
1258 926 1403 965 Niliacis,
1425 926 1496 967 Bra]
1529 927 1607 958 Non
1637 932 1686 958 ta-

980 990 1056 1010 men
1081 979 1288 1010 conferenda
1314 985 1365 1010 est
1393 989 1469 1010 cum
1497 979 1687 1010 Crocodilis

981 1031 1168 1071 Niligenis,
1199 1031 1258 1072 qui
1287 1030 1319 1060 in
1348 1030 1481 1060 theatro
1507 1028 1684 1060 interfecti

981 1088 1070 1113 sunt.

1025 1135 1063 1162 15
1092 1132 1154 1163 Pro
1178 1132 1310 1171 meritis,
1334 1131 1402 1172 &ej
1437 1132 1617 1163 Conclusio
1644 1142 1685 1162 ex

979 1183 1175 1214 adulatione
1189 1190 1222 1213 et
1237 1182 1492 1223 comparatione
1509 1187 1684 1222 gestorum

981 1233 1022 1263 ab
1038 1233 1188 1264 Hercule
1205 1238 1239 1263 et
1254 1234 1465 1264 Domitiano.
1497 1234 1547 1263 Ex
1567 1233 1685 1272 quibus

980 1293 1042 1324 par
1074 1283 1251 1324 praeinium
1281 1283 1334 1313 vel
1361 1283 1470 1323 majus
1497 1283 1541 1313 sit
1570 1283 1686 1313 Domi-

981 1335 1073 1365 tiano
1087 1333 1373 1375 exspectandum.
1403 1334 1462 1364 Dii
1480 1333 1624 1364 Herculi
1643 1333 1685 1363 ob

981 1394 1147 1415 aerumnas
1182 1390 1218 1416 et
1254 1384 1387 1415 labores
1414 1384 1484 1415 cito
1515 1383 1685 1416 dederuut

980 1436 1125 1466 coelum:
1153 1434 1213 1466 tibi
1239 1444 1314 1465 sero
1336 1435 1487 1473 dabunt3
1512 1440 1579 1464 tam
1598 1444 1686 1474 sero,

980 1491 1016 1516 ut
1049 1495 1111 1516 nec
1144 1485 1253 1516 adhuc
1280 1485 1453 1526 dederint,
1483 1494 1546 1515 nec
1571 1485 1684 1516 daturi

978 1536 1048 1568 sint
1064 1547 1223 1577 uuquam.
1250 1536 1331 1567 Rau.

1025 1592 1065 1619 16
1088 1588 1164 1619 Sero
1188 1587 1319 1627 dubunt]
1340 1587 1389 1618 Ut
1410 1587 1467 1618 diu
1485 1596 1633 1629 praeesse
1651 1592 1686 1618 ot

981 1638 1143 1678 prodesse
1168 1638 1331 1678 Reipubl.
1354 1638 1477 1678 possis.
1522 1637 1578 1669 Sic
1604 1637 1687 1678 Epi-

982 1701 1087 1731 gram.
1104 1693 1157 1721 39.
1175 1691 1232 1721 lib.
1251 1693 1281 1721 8.

1027 1742 1132 1772 Epio.
1150 1749 1250 1771 var.
1276 1741 1358 1771 Cum
1378 1740 1462 1771 adeo
1479 1740 1524 1770 sis
1540 1740 1687 1770 inhuma-

981 1801 1054 1829 nus,
1082 1796 1119 1822 ut
1136 1801 1198 1823 nec
1216 1792 1344 1822 salutes
1361 1801 1424 1822 nec
1442 1792 1608 1822 resalutes
1631 1792 1687 1832 (ut

981 1843 1097 1882 Epigr.
1122 1845 1174 1872 51.
1200 1841 1329 1881 supra),
1354 1843 1510 1882 quoniam
1536 1843 1598 1873 tibi
1621 1851 1686 1872 non

982 1894 1096 1932 placet
1113 1894 1121 1908 ‘
1135 1892 1246 1922 Salve'
1264 1891 1346 1922 illud
1363 1893 1416 1922 vel
1435 1893 1444 1909 ‘
1456 1892 1539 1922 Ave'
1556 1893 1590 1922 in
1607 1901 1687 1923 con-

982 1955 1099 1985 gressu
1129 1946 1270 1975 solenne
1289 1956 1297 1983 3
1338 1945 1401 1975 tibi
1435 1944 1616 1975 inhumano
1651 1949 1686 1975 et

982 1997 1077 2036 quasi
1095 2001 1226 2026 mortuo
1249 1995 1400 2026 dicemus
1424 2005 1532 2036 usque
1555 1995 1689 2034 ‘vale‚'

982 2048 1035 2077 vel
1052 2048 1060 2064 ‘
1073 2047 1248 2078 AEternum
1266 2047 1338 2076 vale
1350 2048 1370 2076 ε’
1387 2046 1444 2086 qui
1461 2056 1532 2077 mos
1549 2046 1686 2077 Veteri-

981 2097 1043 2128 bus
1060 2096 1125 2128 fuit
1140 2096 1309 2127 salutandi
1324 2101 1488 2134 mortuos,
1514 2096 1570 2137 qui
1595 2106 1687 2127 resa-

982 2148 1090 2178 lutare
1108 2158 1172 2178 non
1195 2151 1362 2187 poteraut.
1402 2147 1490 2178 Vide
1507 2147 1685 2187 Epigram—

981 2209 1034 2229 ma
1053 2202 1084 2230 S.
1102 2200 1189 2229 libro
1208 2202 1237 2230 9.
1254 2204 1289 2230 et
1308 2199 1516 2230 Lucianum:
1542 2197 1617 2240 ὑπὲρ
1631 2199 1687 2230 τοῦ

981 2249 1013 2279 ἐν
1028 2251 1069 2291 τῇ
1084 2249 1325 2291 προσαγορεύσει
1340 2249 1545 2290 πταίσματος.

1022 2302 1041 2330 2
1065 2300 1117 2330 Sic
1139 2301 1200 2331 erit
1222 2299 1387 2339 celerrima]
1412 2300 1511 2331 Tunc
1527 2299 1616 2331 enim
1634 2310 1686 2331 sa-

980 2351 1158 2389 lutaberis‚
1192 2361 1300 2392 neque
1328 2352 1516 2382 resalutare
1542 2352 1685 2392 poteris.

981 2401 1102 2432 Placet
1131 2406 1167 2432 ut
1197 2402 1344 2441 legatur,
1367 2403 1544 2438 AEternmn,
1571 2402 1685 2433 Ponti-

979 2451 1073 2489 liane,
1095 2452 1174 2487 vale,
1199 2452 1422 2492 conjunctim,
1444 2456 1482 2482 ut
1498 2451 1565 2482 sint
1582 2451 1685 2482 verba

979 2499 1589 2542 salutantisPontilianum‚jam,unBEv
1600 2500 1684 2533 ὄντα.

979 2552 1142 2592 Virgilius
1161 2555 1212 2583 ll.
1231 2552 1362 2583 AEneid.
1384 2553 1393 2568 ‘
1406 2552 1505 2583 Salve
1517 2557 1683 2582 aeternurn

979 2604 1024 2635 mi
1041 2604 1185 2634 maxime
1209 2604 1316 2642 Palla,
1332 2602 1574 2644 AEternunique
1587 2602 1685 2633 vale!

980 2655 1074 2686 Nota
1087 2663 1153 2693 res,
1166 2659 1201 2684 et
1215 2653 1309 2685 verbi
1321 2664 1360 2685 ac
1373 2652 1511 2693 φράσεως
1533 2653 1685 2694 proprie-

980 2710 1043 2735 tas,
1074 2704 1159 2735 Inde
1177 2709 1290 2735 autem
1311 2710 1404 2745 nata,
1421 2705 1498 2746 quia
1510 2703 1682 2734 existima-

980 2754 1062 2786 bant
1093 2755 1215 2787 miselli
1235 2755 1283 2786 illi
1307 2755 1379 2788 τοὺς
1401 2754 1568 2796 μακαρίτας
1593 2764 1626 2786 se
1648 2755 1682 2786 in
