1866 3131
212 164 326 207 1242

213 272 305 304 bant.
351 270 571 310 Notariorum]
590 269 800 310 Cingebatur
811 270 915 300 etiam

214 328 249 354 et
265 323 359 364 quasi
376 320 569 362 stipabatur
594 321 746 361 pluribus
763 320 916 357 notariis,

213 378 376 414 tanquam
398 373 506 403 multa
522 371 651 402 dictare
665 371 801 410 soleret,
818 375 853 400 et
866 370 915 400 di-

211 424 316 454 versis
334 423 478 463 negotiis
501 421 771 462 distringeretur.
817 421 914 452 Glos-

212 484 278 505 sae:
302 476 310 492 ‘
325 471 763 513 Νοῑῐιιίιιε,σημειο’γράφος.’
794 472 914 503 Recte.

211 525 220 542 ι
236 526 380 565 Notare,
395 525 650 563 ἐπισημειοῦσθαι,
666 523 914 569 σημειογραφεΐν,

211 577 445 616 ταχυγραφεῑν.’
513 575 643 606 Harum
674 578 830 604 notarum
862 582 913 603 re-

213 632 333 667 pertor
370 627 544 658 Maecenas
582 625 792 666 perhibetur.
845 623 914 654 Dio

211 677 272 707 lib.
301 680 330 708 4.
354 676 492 708 Notarii
513 676 602 707 enim
626 680 706 706 sunt
719 672 915 714 ταχινγράφοι

212 726 356 758 Graecis.

256 780 275 807 3
301 778 471 818 Codicillis,
486 777 557 817 effa]
580 776 712 810 Quibus
736 780 914 807 testamen·

211 832 322 859 torum
341 829 570 869 perfectiones
587 829 641 858 vel
657 827 803 868 publicae
820 831 913 858 auto-

208 879 319 911 ritatis
333 880 494 910 mandata
508 878 745 910 continentur.

251 933 271 962 4
301 931 438 961 Gravem
449 929 581 970 vultum]
601 929 776 969 Graphice
789 927 915 959 fastum

212 981 394 1011 ardelionis
420 980 577 1021 depingit
594 991 601 1011 ε
639 979 791 1010 attendit
826 980 914 1010 enim

210 1032 365 1072 legentes
378 1031 515 1062 sublato
536 1031 734 1072 supercilio,
751 1035 916 1070 caperata

210 1081 337 1121 fronte,
362 1087 501 1123 totoque
522 1082 619 1112 vultu
635 1081 677 1112 ad
694 1081 913 1112 severitatem

208 1134 421 1174 composito;
445 1134 540 1164 velut
557 1142 667 1163 rerum
693 1131 839 1162 omnium
863 1140 915 1162 so-

209 1184 261 1215 lus
278 1185 418 1223 arbiter,
430 1183 550 1225 judex,
563 1189 739 1224 patronus.
763 1183 846 1213 Rad.

252 1239 269 1265 5
297 1235 424 1274 Catoni]
448 1235 531 1264 Viro
558 1233 754 1274 gravissimo
771 1238 806 1263 et
822 1242 911 1265 max.

210 1286 416 1316 autoritatis.
471 1283 646 1324 Tullioque]
679 1284 833 1314 Patrono
864 1288 913 1314 at-

208 1336 410 1366 tentissimo.
449 1334 626 1374 Brutoque]
641 1333 766 1364 Literis
779 1333 912 1365 assidue

209 1385 322 1417 affixo.
367 1386 611 1417 Percussorem
641 1384 785 1415 Caesaris
812 1384 911 1415 intel-

207 1437 289 1477 ligo.

252 1491 272 1518 6
296 1488 495 1527 Exprimere,
507 1487 575 1527 ξα]
610 1487 665 1518 Ita
689 1491 800 1517 tamen
818 1486 913 1517 inhu-

208 1547 328 1569 manus
341 1543 406 1576 est,
423 1538 506 1569 adeo
524 1538 680 1568 indoctus
697 1542 732 1567 et
750 1537 910 1575 insciens,

206 1594 245 1619 ut
270 1588 428 1619 adhibitis
445 1589 622 1619 tormentis
640 1588 687 1618 illi
705 1593 912 1628 extorquere

208 1649 276 1670 non
304 1640 409 1679 possis
432 1640 440 1655 ‘
455 1638 546 1669 Ave‘
573 1639 649 1669 Lat.
677 1639 781 1669 multo
803 1639 911 1668 minus

206 1691 301 1730 Χαῖρε
332 1690 507 1720 Graecmn.
551 1687 702 1719 ‘Avere'
731 1693 766 1718 et
792 1687 912 1727 Χαίρειν

208 1741 273 1771 sibi
291 1746 408 1772 mutuo
425 1740 646 1780 respondent.
691 1739 780 1770 Nam
797 1745 834 1770 et
856 1740 866 1756 ⁴
879 1750 911 1769 a·

205 1792 303 1823 vere’
328 1792 465 1831 proprie
491 1791 524 1820 in
553 1789 814 1820 salutationibus
841 1799 909 1820 ma-

207 1842 325 1873 tutinis
357 1841 527 1882 (Martial.
560 1841 767 1880 Epigramm.
798 1843 849 1870 56.
876 1846 912 1870 et

207 1895 262 1923 99.
278 1891 335 1922 lib.
352 1894 383 1922 1.
401 1896 435 1921 et
453 1890 533 1921 alibi
547 1890 655 1930 saepe)
669 1895 703 1919 et
718 1890 911 1929 generalius

207 1942 310 1980 alias3
333 1942 379 1972 sic
407 1946 442 1972 et
471 1940 598 1980 χαίρειν.
649 1939 828 1970 ‘Salvere’
859 1945 911 1969 ta-

206 2001 284 2022 men
317 1992 438 2022 crebro
457 1991 489 2021 in
508 1990 711 2021 salutatione
732 1990 910 2020 matutina.

207 2045 216 2061 ‘
231 2042 373 2075 Valere’
391 2052 469 2074 vero
496 2042 529 2073 in
552 2041 760 2072 salutatione
774 2051 910 2082 vesper·

207 2095 292 2125 tina.
319 2094 449 2124 Herald.

251 2147 270 2175 8
294 2143 484 2184 Salutemus]
513 2143 696 2183 Specimen
723 2141 851 2173 facturi
876 2146 912 2173 et

207 2196 395 2236 periculum
413 2195 567 2226 hominis,

252 2249 356 2279 Epic.
375 2256 437 2279 Lu.
464 2248 614 2278 Dantem
642 2251 803 2286 oportere
826 2245 910 2276 obli-

209 2299 293 2329 visci
318 2299 378 2337 ait,
404 2298 591 2328 meminisse
609 2297 850 2337 accipientem,
873 2302 910 2327 ut

209 2351 289 2381 olim
307 2351 423 2380 docuit
441 2360 459 2380 e
476 2349 668 2389 sapientum
686 2357 826 2378 numero
848 2347 909 2377 La-

207 2413 270 2434 con
288 2403 344 2433 ille
363 2403 478 2433 Chilo:
497 2402 522 2431 si
540 2406 661 2431 contra
677 2398 746 2438 fiat,
763 2408 909 2430 corrum-

213 2455 306 2494 pitur
324 2453 539 2484 beneficium.

251 2509 271 2536 4
298 2506 366 2543 lpse
383 2503 474 2542 milii]
499 2503 695 2533 Postumus.

253 2560 271 2585 5
296 2555 417 2596 Sqfficit
435 2553 526 2592 nnus]
544 2554 631 2583 Vide
648 2553 770 2583 Senec.
784 2552 827 2582 de
844 2552 908 2582 Be-

207 2605 310 2636 nefic.
335 2607 391 2636 lib.
414 2608 444 2636 2.
469 2607 569 2636 c.10.
586 2610 620 2635 et
640 2607 689 2634 ll.
705 2610 741 2634 et
758 2604 814 2636 lib.
830 2606 860 2634 7.
878 2613 907 2634 c.

206 2658 259 2686 22.

251 2709 269 2734 ὅ
296 2705 431 2736 Pereunt
444 2706 637 2745 garrulitate
650 2706 713 2746 sui]
738 2706 907 2737 ,amittunt

210 2760 363 2795 qratiam.

671 174 812 204 NOTAE
848 174 1111 206 VARIORUM
1149 176 1196 205 ΙΝ

1010 270 1114 300 Eme.
1131 278 1209 301 mu.
1227 273 1256 301 1.
1281 270 1429 301 Colchida
1453 271 1525 311 quid
1551 272 1671 313 scribis,

965 321 1032 360 85⁶3]
1057 320 1125 351 Cur
1150 321 1251 351 sumis
1268 321 1330 351 tibi
1356 321 1595 361 tragoediarum
1617 333 1666 353 ar-

967 377 1126 412 gumenta
1151 371 1262 402 onmia
1287 371 1353 402 tuis
1379 371 1586 402 carminibus
1611 382 1667 403 ne-

967 424 1067 463 gata?
1091 422 1225 453 scilicet
1237 422 1373 453 Medeae
1393 431 1454 462 per
1470 421 1598 453 aethera
1614 432 1669 453 vo-

967 474 1080 512 lantis,
1106 474 1262 515 Thyestae
1285 473 1510 512 contumacis,
1541 473 1668 504 Niobes

965 524 1000 555 in
1017 534 1133 554 saxum
1155 533 1276 563 versae,
1292 523 1547 554 Andromaches
1560 523 1669 563 Trojae

965 573 1107 605 flammis
1137 575 1342 616 superstitis.
1389 574 1475 605 Haec
1502 572 1574 605 fata
1600 584 1668 605 non

965 629 1103 656 manent
1130 630 1205 656 tuas
1236 625 1378 656 chartas.
1433 624 1525 656 Quin
1556 625 1668 664 potius

965 676 1068 707 sumis
1085 676 1264 707 materiam
1278 676 1344 707 tuis
1361 675 1498 715 scriptis
1519 675 1668 715 dignam,

965 727 1180 758 Deucaliona
1199 732 1258 757 aut
1283 725 1510 764 Phaethonta,
1526 735 1668 766 quorum

965 777 1019 807 hic
1045 776 1190 807 flammis
1221 778 1338 817 periit,
1375 777 1432 808 ille
1459 777 1577 817 aquis?
1609 777 1667 817 qui

966 826 1079 857 exitus
1117 827 1183 857 tuis
1217 827 1345 857 chartis
1384 826 1556 857 convenit.
1612 826 1668 857 Sic

965 877 1136 908 Leonidas
1170 876 1307 909 Anthol.
1352 880 1383 908 2.
1407 875 1528 917 Γράψας
1552 882 1670 907 Δευκα-

963 929 1069 969 λίωνα,
1097 927 1306 969 Maioma-re,
1329 928 1379 959 καὶ
1414 927 1580 967 Φαέθοντα,
1603 931 1667 960 ἃς..

965 980 1021 1011 Sic
1052 980 1136 1010 alias
1175 979 1217 1010 de
1249 980 1318 1010 suis
1344 979 1485 1020 jocatur
1517 979 1665 1010 Noster:

966 1031 1084 1071 Epigr.
1097 1030 1197 1061 6.lib.
1213 1034 1242 1061 1.
1255 1035 1291 1061 et
1304 1032 1358 1061 99.
1374 1030 1435 1061 lib.
1452 1032 1482 1061 3.

1006 1084 1025 1111 2
1051 1082 1136 1116 Quid
1168 1080 1227 1111 tibi
1256 1081 1304 1111 vel
1333 1081 1445 1120 Niobe,
1469 1080 1538 1120 Esca]
1573 1081 1664 1113 Quid

965 1131 1028 1162 tibi
1053 1131 1195 1162 materia
1211 1136 1263 1162 est
1280 1131 1392 1162 Niobe
1409 1131 1462 1161 vel
1479 1130 1668 1161 Androma-

964 1182 1049 1213 che?
1073 1182 1143 1212 Alii
1157 1182 1223 1223 leg.
1236 1182 1359 1212 Nioben
1373 1187 1407 1213 et
1419 1181 1669 1219 Andromachen,

964 1237 1067 1273 atque
1080 1233 1350 1273 subintelligunt,
1364 1233 1515 1274 Scriptio
1541 1238 1605 1272 est,
1631 1238 1668 1263 ut

963 1284 1080 1315 Plaut.
1105 1286 1113 1301 ‘
1132 1284 1223 1316 Quid
1240 1284 1301 1314 tibi
1322 1293 1432 1314 meam
1460 1284 1563 1314 tactio
1580 1284 1667 1315 est.>v

961 1335 1030 1366 Sed
1055 1335 1222 1366 Gruterus
1246 1335 1375 1366 mavult
1391 1335 1517 1366 elicere
1531 1344 1665 1365 sensum

963 1395 1005 1415 ex
1024 1395 1124 1416 versu
1156 1385 1311 1417 Horatii:
1349 1387 1357 1402 ⁶
1378 1386 1453 1418 Quo
1485 1385 1566 1415 mihi
1597 1385 1665 1416 sor-

963 1440 1075 1474 tunas,
1097 1435 1124 1465 si
1147 1445 1213 1466 non
1230 1435 1434 1466 conceditur
1457 1435 1539 1466 uti?
1564 1446 1666 1476 quum

963 1486 1018 1517 alii
1036 1486 1255 1526 leg.f0rtuna.
1277 1486 1311 1518 J.
1323 1486 1512 1517 Gruterum
1528 1491 1665 1517 secutus

962 1537 1072 1567 Scriv.
1098 1538 1168 1572 Quo
1185 1536 1245 1567 tibi
1271 1536 1329 1575 vel,
1352 1545 1416 1567 nec
1442 1537 1515 1567 sine
1540 1536 1666 1566 autori-

963 1591 1035 1617 tate
1058 1587 1270 1618 Cod.Palat.
1294 1591 1329 1618 et
1353 1586 1395 1618 al.
1428 1586 1517 1617 Vide
1534 1587 1667 1618 Grono-

962 1638 1053 1668 viutn
1071 1638 1113 1668 ad
1129 1638 1270 1669 Senecae
1286 1638 1368 1669 Nat.
1387 1638 1518 1670 Quaest.
1535 1641 1565 1669 1.
1580 1641 1632 1669 16.

1006 1691 1025 1718 3
1051 1689 1189 1720 Materia
1216 1690 1276 1730 est]
1302 1688 1527 1729 Argutissime
1551 1690 1664 1730 poetae

961 1739 1049 1769 malo
1077 1739 1187 1770 dietat
1214 1739 1392 1770 materiam
1417 1739 1587 1777 carminis,
1612 1740 1665 1769 vel

962 1789 1224 1827 Deucalionem,
1240 1790 1293 1820 vel
1311 1789 1580 1821 Phaethontem:
1601 1799 1667 1830 qua

961 1845 1076 1869 monet
1092 1840 1244 1870 carmina
1268 1840 1364 1870 Bassi
1391 1840 1493 1879 digna
1509 1849 1596 1879 esse,
1614 1840 1664 1871 vel

961 1889 1070 1929 aqum,
1086 1889 1137 1919 vel
1153 1888 1307 1919 flammis.

1006 1941 1109 1971 Epic.
1136 1949 1206 1971 mv.
1241 1940 1457 1980 Apollonius,
1480 1942 1537 1982 qui
1565 1941 1664 1972 modo

961 1991 1240 2032 (Epigrauimate
1261 1994 1316 2022 22.
1340 1992 1458 2032 supra)
1474 1993 1612 2032 scripsit
1629 1998 1664 2023 et

961 2043 1115 2081 edidicit,
1143 2052 1231 2073 nunc
1265 2047 1394 2073 tantum
1433 2042 1592 2083 profecit,
1627 2048 1665 2074 ut

961 2102 1063 2124 unum
1103 2093 1246 2133 aliquem
1285 2094 1387 2123 etiam
1420 2094 1491 2124 duri
1521 2094 1664 2124 nominis

962 2145 1069 2185 possit
1084 2145 1241 2182 salutare,
1257 2153 1319 2174 nec
1336 2149 1451 2175 tamen
1480 2145 1667 2184 scripserit.

962 2196 1054 2227 Iron.
1101 2195 1147 2226 De
1180 2193 1315 2225 Rhetore
1335 2194 1510 2235 Apollonio.
1531 2196 1663 2236 Scribe,

961 2247 1158 2286 Apollodoro,
1170 2251 1207 2275 ut
1222 2255 1333 2286 snpra.

1005 2298 1108 2327 Epic.
1141 2305 1197 2326 Lv.
1228 2299 1243 2326 1
1278 2296 1341 2326 Dic
1371 2296 1460 2334 milii,
1482 2296 1550 2336 ἔξω]
1574 2296 1662 2326 Vide

960 2347 1087 2378 Ali-iati
1118 2346 1285 2376 emblema
1315 2346 1357 2376 de
1389 2347 1514 2387 Aquila
1541 2347 1662 2379 Jovem

960 2402 1130 2438 gestante,
1142 2402 1176 2427 et
1191 2397 1319 2427 ibidem
1336 2398 1498 2429 Minoem.

1002 2451 1020 2478 3
1046 2448 1142 2478 Pueri
1167 2469 1176 2477 .
1197 2467 1207 2478 .
1236 2469 1244 2477 .
1273 2449 1310 2477 de
1339 2450 1519 2487 Ganymede
1541 2449 1660 2489 loquor]

960 2497 1182 2538 Ganymedes
1209 2507 1308 2538 quem
1339 2498 1371 2528 in
1396 2499 1492 2530 Jovis
1516 2500 1659 2539 gratiam

959 2549 1067 2588 rapuh

1001 2600 1106 2630 Epio.
1145 2607 1216 2629 Lu.
1249 2599 1418 2629 Martialis
1448 2600 1510 2629 hoc
1543 2600 1658 2640 Epigr.

959 2650 1073 2688 docet,
1099 2659 1164 2680 non
1182 2659 1255 2680 esse
1278 2650 1387 2681 locum
1405 2650 1438 2680 in
1457 2651 1548 2682 Urbe
1562 2651 1658 2682 bouis

958 2701 1099 2732 artibus.
1124 2700 1351 2739 Citharoedos,
1368 2701 1555 2739 choraulas,
1573 2711 1657 2741 pra?-

961 2761 1074 2791 conCS,
1103 2755 1137 2782 ct
1165 2752 1226 2782 hoc
1258 2760 1362 2789 genus
1387 2751 1555 2783 hominum
1585 2762 1657 2792 reg-
