1866 3131
246 187 362 231 1286

290 296 309 324 2
334 294 564 334 Potentiorum]
588 295 754 334 Divitum.

290 348 310 375 6
335 345 379 375 Et
406 355 508 382 sanus,
537 347 604 387 ssa]
631 348 757 380 Quales
787 348 946 389 imposto-

248 405 320 426 rum
337 395 548 436 quorundain
565 403 643 429 sunt
659 404 750 430 artes
769 405 802 430 et
819 401 947 431 mendi-

248 456 377 478 corum.

291 499 310 527 8
336 498 507 537 Quantum,
523 499 591 539 ἐγω]
616 499 773 531 Ironice:
797 507 832 532 ut
851 502 948 533 lib.5.

248 547 367 589 Epigr.
385 552 438 580 21.
455 559 542 581 vers.
559 553 590 582 3.

290 601 311 628 9
334 598 426 629 Desit
448 600 586 640 fingere,
612 602 679 642 ἔξω]
707 603 832 634 Veram
859 604 947 634 enim

247 649 355 681 habet
372 651 492 691 podag.

292 701 395 732 EP1G.
411 710 466 733 XL.
514 706 528 733 1
548 703 807 745 Jllesene.1·,&c.]
834 706 951 736 Etrus-

249 760 320 782 cus.
366 752 451 783 Vide
467 754 584 794 Epigr.
601 758 653 785 83.
671 756 729 787 lib.
748 759 779 787 6.

291 808 310 836 2
337 805 410 836 Non
433 805 541 837 humili
567 807 688 847 passus]
719 807 811 838 Foru
829 807 950 839 animo.

253 855 422 895 Utrumque
448 856 566 896 Deum]
600 858 787 889 Domitiani
813 858 951 889 Domini

248 915 289 936 ac
308 906 373 936 Dei
391 907 532 946 gratiam
553 911 588 937 et
611 907 715 938 iram:
742 908 833 938 dicto
851 908 950 948 Epig.

248 958 299 986 83.
328 956 389 987 lib.
414 959 446 987 6.
475 957 606 988 Domit.
628 958 751 990 iratum
777 963 812 990 et
839 959 950 999 placa·

249 1012 334 1039 tum.

290 1061 309 1089 3
328 1059 497 1100 Natorum]
511 1060 747 1100 Geminorum,
762 1062 817 1102 qni
830 1062 950 1093 eodem

248 1117 324 1138 cum
341 1115 462 1148 matre,
479 1120 552 1151 quae
569 1109 652 1142 flore
669 1113 781 1143 aetatis
799 1113 952 1144 extincta

249 1163 313 1198 est,
342 1160 523 1199 sepulchro
555 1167 686 1201 patrem
715 1163 950 1194 condiderunt.

248 1209 336 1241 Tum
353 1209 439 1241 filius
456 1211 635 1242 Etruscum
660 1218 792 1253 patrem
816 1214 951 1244 damna-

248 1262 320 1289 tum
336 1264 371 1290 et
388 1260 421 1290 in
439 1261 575 1292 exilium
592 1262 738 1302 ejectum
754 1269 875 1303 sponte
898 1274 951 1295 co·

249 1309 388 1339 mitatus
400 1315 464 1349 est,
476 1320 539 1341 nec
552 1317 652 1342 antea
664 1312 798 1343 destitit
809 1312 952 1354 fatigare

250 1359 407 1400 precibus
429 1361 676 1401 Domitianum,
703 1373 803 1403 quam
833 1374 951 1403 pacem

249 1411 298 1441 illi
330 1411 542 1452 reditumque
573 1412 786 1452 impetraret.
837 1414 951 1453 Conju-

246 1461 314 1501 gis]
354 1462 507 1492 Etruscae
524 1474 531 1500 ;
566 1471 583 1492 a
616 1472 694 1503 qua,
722 1473 849 1494 summo
878 1465 953 1495 loco

249 1517 342 1550 nata,
359 1512 523 1543 Etruscus
546 1513 687 1544 maritus
705 1519 739 1544 et
755 1513 813 1544 filii
831 1524 953 1545 nomen

251 1572 431 1602 accepere.

293 1616 314 1644 6
340 1613 397 1643 Ter
411 1623 510 1651 senas,
528 1613 595 1653 esa]
621 1614 819 1656 Nonaginta
835 1627 953 1656 annos,

250 1663 278 1693 si
296 1663 431 1703 poetice
448 1664 656 1705 Olympiada
682 1676 744 1706 pro
769 1667 873 1699 lustro
900 1678 952 1699 su-

252 1723 393 1745 mamus·

293 1766 312 1794 7
337 1763 583 1803 Sedsestinatis,
595 1765 666 1805 gu]
689 1767 797 1799 Quem
809 1768 881 1808 jani
896 1778 953 1800 no-

251 1816 482 1855 nagenarium,
498 1815 569 1847 fato
591 1822 723 1848 maturo
740 1818 954 1858 defunctum,

251 1863 392 1895 deflevit
408 1866 499 1904 prius
516 1865 615 1904 filius,
627 1868 768 1906 perinde
785 1878 824 1899 ac
842 1869 954 1900 imma-

252 1920 327 1945 turo
345 1913 416 1945 fato
435 1921 655 1956 praereptum.

297 1965 400 1996 EP1G.
430 1974 504 1997 xm.
548 1967 784 2006 Sempronium
803 1974 871 2002 tam
888 1982 955 2002 ma-

251 2016 320 2046 lum
343 2016 450 2046 videri
469 2026 580 2056 posse,
606 2028 705 2058 quani
725 2019 847 2050 bonum
862 2021 955 2054 dicit.

253 2067 492 2097 Mundanusne
509 2067 724 2099 Socraticus?
749 2080 788 2099 au
804 2078 956 2112 ornatus,

252 2117 392 2155 nitidus,
408 2128 466 2148 seu
484 2118 610 2149 comis?
635 2128 674 2149 an
702 2119 791 2151 forte
810 2131 958 2161 unguen-

255 2168 296 2198 tis
309 2167 505 2199 delibutus?
530 2178 673 2210 namque
697 2175 732 2201 et
756 2172 828 2202 hzrc
846 2174 957 2204 omnia

253 2218 362 2248 media
391 2222 425 2249 et
456 2217 603 2259 ἀδιάφορα
628 2226 718 2252 sunt.
764 2222 852 2253 vide
873 2224 957 2254 Tur-

254 2268 331 2298 neb.
349 2268 406 2299 lib.
423 2272 475 2300 26.
493 2279 522 2301 c.
540 2273 593 2300 24.

297 2320 403 2351 Epio.
431 2329 518 2351 amr.
564 2320 620 2351 Ab
647 2322 780 2362 opibus,
808 2324 957 2356 liberali-

255 2375 340 2409 tate,
358 2371 548 2401 eruditione
565 2371 682 2403 laudat
696 2373 904 2412 Castricnm;
921 2386 956 2406 se

254 2428 431 2461 extenuat,
444 2429 593 2462 accusat,
608 2431 762 2457 excusat.

299 2476 313 2503 1
342 2473 523 2503 Muneribus
533 2475 648 2514 cupiat,
663 2476 733 2515 Esou]
758 2477 843 2508 Cum
860 2487 955 2518 aeque

255 2521 380 2552 nobilis
398 2522 442 2552 sis
466 2522 584 2562 Poeta,
601 2534 639 2555 ac
657 2525 834 2557 munificus
851 2527 957 2558 dives.

299 2575 317 2602 3
343 2572 425 2612 Nos]
451 2573 534 2613 Ego.
576 2574 725 2615 Vincz'que
737 2577 858 2617 parati]
874 2577 957 2617 Opi-

255 2622 316 2653 bus
333 2628 366 2653 et
382 2623 596 2656 carminibus.

299 2677 318 2703 ὓ
341 2674 480 2712 Alcinoo,
492 2674 561 2714 δῖα]
579 2675 626 2706 Ut
641 2676 822 2708 Phaeacum
842 2678 888 2708 illi
907 2688 959 2709 re-

258 2724 305 2764 gi,
321 2724 375 2754 cui
392 2725 619 2764 suppetebant
632 2735 729 2767 poma
742 2728 959 2766 nobilissima,

257 2774 376 2815 aliquis
395 2773 483 2805 forte
498 2776 626 2807 muneri
640 2776 763 2808 obtulit
776 2777 883 2809 minus
902 2788 959 2810 no-

717 201 856 232 NOTAE
892 203 1150 235 VARIORUM
1190 202 1240 235 iN

1000 298 1099 329 bilia:
1125 300 1172 330 ita
1189 309 1252 339 ego
1271 298 1335 330 tibi
1349 301 1432 331 mala
1449 309 1522 330 mea
1537 301 1698 333 carmina.

1041 350 1146 380 Eme.
1165 358 1272 381 xmu.
1296 350 1368 381 Aut
1385 350 1545 391 dandum,
1560 357 1617 383 aut
1630 352 1699 383 cito

999 400 1202 437 negandum.

1041 452 1060 480 2
1089 450 1130 480 Ut
1153 450 1227 490 cito,
1252 449 1321 491 ἐξα]
1358 451 1446 482 Vide
1473 451 1572 493 Epig.
1596 455 1648 485 20.
1665 457 1701 484 et

1000 503 1054 530 30.
1073 501 1130 531 lib.
1147 504 1178 532 6.

1032 552 1137 582 Eme.
1155 560 1253 582 xmv.
1279 552 1450 582 Maximus
1465 552 1702 591 Caesonus,vir

1001 603 1197 641 consularis,
1237 613 1256 633 a
1286 603 1422 634 Nerone
1453 602 1631 634 damnatus
1667 603 1699 633 in

1001 653 1237 692 conjuratione
1275 652 1457 683 Pisoniana
1494 652 1528 682 in
1564 651 1701 682 exilium

1001 702 1134 740 missus,
1151 702 1312 733 comitem
1341 702 1567 733 voluntarium
1583 701 1704 732 habuit

1002 753 1045 784 Q.
1076 752 1248 790 Ovidium,
1273 753 1328 794 qui
1346 762 1540 793 expressam
1559 754 1704 784 Caesonii

1003 806 1122 841 postea
1152 803 1277 833 mortui
1312 803 1491 844 imaginem
1524 804 1703 841 servabat3

1003 852 1044 882 ad
1082 862 1181 893 quam
1211 853 1274 884 hoc
1311 854 1530 894 Epigramma
1566 854 1705 895 scripsit

1003 901 1124 933 Poeta.
1149 903 1233 933 Rud.

1048 955 1062 983 l
1087 953 1261 993 Mau-imm,
1285 954 1355 994 Qu]
1382 954 1468 985 Haec
1494 960 1559 994 est,
1575 954 1704 995 effigies

1002 1002 1036 1034 in
1053 1013 1132 1034 cera
1145 1003 1186 1034 ad
1203 1005 1315 1035 vivum
1332 1014 1497 1045 expressa
1520 1007 1614 1037 Max.
1633 1007 1706 1037 Cae-

1003 1054 1102 1093 sonii,
1126 1065 1225 1095 quem
1250 1065 1268 1086 a
1294 1055 1432 1086 Nerone
1460 1056 1653 1088 damnatum
1672 1057 1704 1087 in

1003 1105 1237 1144 conjuratione
1250 1106 1562 1144 Pisoniana,Tacit.
1574 1110 1624 1139 15.
1637 1107 1706 1138 An-

1004 1157 1070 1187 nal.
1087 1161 1137 1196 tu,
1161 1156 1277 1196 Ovidi,
1303 1157 1336 1187 in
1359 1157 1496 1188 exilium
1523 1159 1704 1189 comitatus

1004 1217 1039 1237 es
1051 1217 1113 1247 per
1125 1217 1215 1238 mare
1227 1209 1376 1239 Siculum
1389 1209 1419 1239 in
1433 1209 1583 1240 Siciliam
1593 1211 1646 1240 vel
1661 1210 1706 1240 Α·

1006 1258 1139 1297 fricam,
1153 1260 1206 1290 cui
1224 1261 1322 1291 modo
1334 1259 1532 1300 praefuerat.
1558 1262 1707 1292 Procon-

1003 1309 1065 1340 suli
1077 1314 1110 1340 te
1125 1310 1281 1341 comitem
1299 1311 1462 1351 negabas,
1476 1312 1566 1342 exuli
1584 1311 1705 1342 offere-

1005 1360 1076 1391 bas.

1047 1414 1066 1442 2
1096 1412 1206 1442 Vivida
1220 1411 1306 1452 cera]
1330 1413 1415 1444 Qua²
1435 1412 1475 1443 ad
1494 1422 1638 1454 unguem
1657 1423 1708 1444 re-

1005 1460 1073 1492 fert
1103 1462 1308 1493 Caesonium.
1354 1462 1409 1493 Ita
1433 1463 1522 1493 enim
1552 1468 1705 1495 mortuos

1004 1512 1161 1543 solebant
1175 1514 1269 1554 quasi
1285 1514 1316 1543 iu
1336 1513 1438 1543 vitam
1456 1523 1628 1545 revocare.

1047 1565 1065 1594 3
1090 1563 1151 1594 Sed
1164 1564 1287 1604 tu,85c.]
1312 1565 1469 1606 Iniquum
1480 1564 1583 1596 fuisse
1597 1566 1706 1597 Nero-

1004 1613 1054 1644 nis
1076 1613 1247 1654 judicium
1273 1617 1451 1656 arguebas,
1475 1621 1598 1657 sponte
1625 1626 1705 1647 exn-

1004 1664 1069 1694 lem
1084 1664 1155 1703 ejus
1169 1670 1342 1705 sequutus.

1046 1718 1064 1745 5
1083 1715 1221 1755 AEqnora
1236 1725 1291 1755 per
1307 1716 1433 1758 Scyllae]
1460 1717 1500 1748 In
1516 1717 1705 1748 Sardiniam

1004 1770 1062 1796 aut
1075 1766 1223 1796 Siciliain
1241 1767 1352 1807 ejecti.

1046 1819 1064 1846 7
1091 1816 1126 1847 Sz‘
1154 1817 1287 1855 victura,
1313 1818 1382 1858 δμκ]
1418 1817 1452 1849 Si
1477 1819 1580 1850 vitale
1604 1817 1708 1850 suerit

1004 1865 1067 1896 hoc
1084 1875 1221 1896 carmen
1246 1876 1372 1905 meum,
1397 1869 1506 1899 scient
1525 1869 1603 1899 inde
1621 1880 1707 1910 prae-

1005 1920 1118 1945 sentes
1135 1920 1169 1946 et
1190 1917 1330 1955 posteri,
1348 1916 1509 1948 Ovidium
1524 1918 1556 1948 id
1575 1920 1708 1958 praesti-

1007 1966 1087 1996 tisse
1110 1966 1280 2004 Caesonio,
1303 1967 1392 2005 quod
1416 1968 1590 1999 Caesonius
1614 1970 1706 2009 prius

1007 2015 1138 2046 Annaeo
1165 2016 1242 2046 Seu.
1269 2026 1288 2046 a
1311 2016 1452 2048 Claudio
1475 2019 1507 2048 in
1531 2019 1706 2050 Corsicam

1007 2065 1170 2104 relegato.

1050 2116 1154 2145 Eme.
1174 2124 1259 2146 ΜΝ.
1304 2115 1417 2147 Ovidii
1435 2116 1538 2148 fidem
1555 2123 1589 2149 et
1601 2120 1708 2150 chari-

1007 2170 1112 2196 tatem
1140 2166 1172 2194 in
1199 2165 1390 2196 Caesonium
1410 2169 1588 2208 anteponit
1606 2170 1709 2210 Pyla-

1007 2215 1058 2246 dis
1075 2214 1197 2253 officim
1215 2215 1374 2246 Orestem
1391 2218 1598 2251 comitantis.

1051 2268 1066 2296 l
1094 2266 1246 2305 Facundi,
1259 2265 1325 2306 Era]
1341 2267 1501 2307 Ejusdem
1519 2272 1709 2310 argumenti

1007 2327 1082 2348 cum
1102 2317 1308 2357 praecedenti
1327 2319 1500 2359 Epigram.

1049 2369 1067 2397 2
1094 2367 1174 2397 Caro
1178 2384 1233 2398 .....
1232 2368 1247 2398 S
1245 2369 1353 2409 veremo]
1398 2370 1516 2410 Carus,
1547 2373 1709 2414 Serenus,

1007 2415 1180 2447 Caesonius
1197 2417 1378 2458 Maximus,
1393 2424 1430 2450 ut
1447 2421 1563 2462 Epigr.
1580 2432 1708 2462 praece-

1007 2466 1112 2504 denti,
1134 2472 1170 2498 et
1187 2470 1315 2499 seneca
1339 2469 1450 2510 Epist.
1474 2474 1526 2502 87.
1563 2474 1705 2505 Senecae

1008 2518 1200 2548 amicissimi
1217 2524 1323 2550 erant.

1050 2572 1068 2600 3
1095 2569 1192 2604 Quem
1203 2569 1375 2610 frequenti,
1390 2571 1459 2612 8)·ο.]
1483 2571 1535 2603 Ad
1548 2583 1646 2614 quem
1658 2578 1707 2605 to-

1008 2619 1071 2650 ties
1088 2620 1223 2658 scripsit
1240 2621 1380 2652 Seneca.

1050 2672 1068 2700 7
1096 2670 1242 2709 Domini]
1267 2671 1426 2702 Neronis.

1052 2723 1072 2751 9
1098 2720 1195 2751 Exuli
1218 2721 1372 2761 parentis]
1397 2722 1526 2763 Oresti,
1548 2733 1613 2755 non
1636 2726 1708 2766 qui-

1010 2769 1085 2801 dem
1103 2779 1122 2801 a
1138 2775 1245 2802 matre
1259 2771 1290 2801 in
1305 2771 1441 2803 exilium
1459 2773 1570 2813 misso,
1587 2775 1647 2806 sed
1665 2776 1708 2807 ab
