<?xml version="1.0" encoding="UTF-8"?>
<!DOCTYPE html PUBLIC "-//W3C//DTD XHTML 1.0 Transitional//EN"
    "http://www.w3.org/TR/xhtml1/DTD/xhtml1-transitional.dtd">
<html xmlns="http://www.w3.org/1999/xhtml" xml:lang="en" lang="en">
 <head>
  <title>
</title>
<meta http-equiv="Content-Type" content="text/html;charset=utf-8" />
  <meta name='ocr-system' content='tesseract 3.04.00' />
  <meta name='ocr-capabilities' content='ocr_page ocr_carea ocr_par ocr_line ocrx_word'/>
</head>
<body>
  <div class='ocr_page' id='page_1' title='image "./epigrammataexedi03martuoft_0153.png"; bbox 0 0 1866 3131; ppageno 0'>
   <div class='ocr_carea' id='block_1_1' title="bbox 431 185 1121 217">
    <p class='ocr_par' dir='ltr' id='par_1_1' title="bbox 431 185 1121 217">
     <span class='ocr_line' id='line_1_1' title="bbox 431 185 1121 217; baseline 0.006 -4"><span class='ocrx_word' id='word_1_1' title='bbox 431 186 476 215; x_wconf 73' lang='lat' dir='ltr'><strong>M.</strong></span> <span class='ocrx_word' id='word_1_2' title='bbox 511 186 620 215; x_wconf 73' lang='lat' dir='ltr'><strong>VAL.</strong></span> <span class='ocrx_word' id='word_1_3' title='bbox 654 185 926 215; x_wconf 56' lang='lat' dir='ltr'><strong>MAR&#39;l&#39;lALlS</strong></span> <span class='ocrx_word' id='word_1_4' title='bbox 964 187 1121 217; x_wconf 65' lang='lat' dir='ltr'><strong>El&#39;lGit.</strong></span> 
     </span>
    </p>
   </div>
   <div class='ocr_carea' id='block_1_2' title="bbox 163 278 870 2784">
    <p class='ocr_par' dir='ltr' id='par_1_2' title="bbox 167 278 870 1023">
     <span class='ocr_line' id='line_1_2' title="bbox 218 278 869 318; baseline -0.003 -9"><span class='ocrx_word' id='word_1_5' title='bbox 218 282 231 309; x_wconf 94' lang='lat' dir='ltr'><strong>l</strong></span> <span class='ocrx_word' id='word_1_6' title='bbox 259 278 376 318; x_wconf 62' lang='lat' dir='ltr'><strong>Ardea]</strong></span> <span class='ocrx_word' id='word_1_7' title='bbox 404 279 564 309; x_wconf 76' lang='lat' dir='ltr'>Petamus</span> <span class='ocrx_word' id='word_1_8' title='bbox 595 278 707 309; x_wconf 82' lang='lat' dir='ltr'><strong>medio</strong></span> <span class='ocrx_word' id='word_1_9' title='bbox 738 278 869 309; x_wconf 70' lang='lat' dir='ltr'><strong>&lt;estatis</strong></span> 
     </span>
     <span class='ocr_line' id='line_1_3' title="bbox 172 328 870 368; baseline -0.001 -10"><span class='ocrx_word' id='word_1_10' title='bbox 172 328 306 359; x_wconf 77' lang='lat' dir='ltr'><strong>fervore</strong></span> <span class='ocrx_word' id='word_1_11' title='bbox 336 329 410 359; x_wconf 89' lang='lat' dir='ltr'><strong>loca</strong></span> <span class='ocrx_word' id='word_1_12' title='bbox 442 329 494 359; x_wconf 80' lang='lat' dir='ltr'><strong>vel</strong></span> <span class='ocrx_word' id='word_1_13' title='bbox 519 329 726 360; x_wconf 84' lang='lat' dir='ltr'><strong>calidissima</strong></span> <span class='ocrx_word' id='word_1_14' title='bbox 748 333 783 359; x_wconf 88' lang='lat' dir='ltr'><strong>et</strong></span> <span class='ocrx_word' id='word_1_15' title='bbox 799 337 870 368; x_wconf 85' lang='lat' dir='ltr'><strong>pes-</strong></span> 
     </span>
     <span class='ocr_line' id='line_1_4' title="bbox 172 378 868 417; baseline -0.003 -8"><span class='ocrx_word' id='word_1_16' title='bbox 172 379 317 417; x_wconf 78' lang='lat' dir='ltr'><strong>tuentia,</strong></span> <span class='ocrx_word' id='word_1_17' title='bbox 331 378 490 417; x_wconf 87' lang='lat' dir='ltr'><strong>Ardeam,</strong></span> <span class='ocrx_word' id='word_1_18' title='bbox 508 379 664 409; x_wconf 75' lang='lat' dir='ltr'><strong>Castrum</strong></span> <span class='ocrx_word' id='word_1_19' title='bbox 688 378 776 409; x_wconf 89' lang='lat' dir='ltr'><strong>Inui.</strong></span> <span class='ocrx_word' id='word_1_20' title='bbox 814 378 868 407; x_wconf 82' lang='lat' dir='ltr'><strong>Sic</strong></span> 
     </span>
     <span class='ocr_line' id='line_1_5' title="bbox 170 428 868 468; baseline -0.003 -8"><span class='ocrx_word' id='word_1_21' title='bbox 170 430 320 461; x_wconf 84' lang='lat' dir='ltr'><strong>restituit</strong></span> <span class='ocrx_word' id='word_1_22' title='bbox 336 430 430 461; x_wconf 84' lang='lat' dir='ltr'><strong>Petr.</strong></span> <span class='ocrx_word' id='word_1_23' title='bbox 443 430 632 460; x_wconf 86' lang='lat' dir='ltr'><strong>Scriverius</strong></span> <span class='ocrx_word' id='word_1_24' title='bbox 647 439 688 459; x_wconf 80' lang='lat' dir='ltr'><strong>ex</strong></span> <span class='ocrx_word' id='word_1_25' title='bbox 705 433 778 468; x_wconf 84' lang='lat' dir='ltr'><strong>opt.</strong></span> <span class='ocrx_word' id='word_1_26' title='bbox 792 428 868 459; x_wconf 81' lang='lat' dir='ltr'>libri</span> 
     </span>
     <span class='ocr_line' id='line_1_6' title="bbox 170 478 870 519; baseline -0.003 -9"><span class='ocrx_word' id='word_1_27' title='bbox 170 479 252 519; x_wconf 80' lang='lat' dir='ltr'><strong>fide,</strong></span> <span class='ocrx_word' id='word_1_28' title='bbox 277 481 353 511; x_wconf 91' lang='lat' dir='ltr'><strong>loco</strong></span> <span class='ocrx_word' id='word_1_29' title='bbox 368 480 423 510; x_wconf 83' lang='grc' dir='ltr'><strong>τοῦ</strong></span> <span class='ocrx_word' id='word_1_30' title='bbox 440 480 660 519; x_wconf 79' lang='lat' dir='ltr'><strong>Poestunaque:</strong></span> <span class='ocrx_word' id='word_1_31' title='bbox 691 483 761 509; x_wconf 82' lang='lat' dir='ltr'><strong>tuni</strong></span> <span class='ocrx_word' id='word_1_32' title='bbox 790 478 870 518; x_wconf 86' lang='lat' dir='ltr'><strong>quia</strong></span> 
     </span>
     <span class='ocr_line' id='line_1_7' title="bbox 171 528 867 569; baseline -0.004 -8"><span class='ocrx_word' id='word_1_33' title='bbox 171 539 322 561; x_wconf 83' lang='lat' dir='ltr'><strong>secessus</strong></span> <span class='ocrx_word' id='word_1_34' title='bbox 354 530 527 566; x_wconf 84' lang='lat' dir='ltr'><strong>amoenior,</strong></span> <span class='ocrx_word' id='word_1_35' title='bbox 555 534 625 560; x_wconf 83' lang='lat' dir='ltr'><strong>turn</strong></span> <span class='ocrx_word' id='word_1_36' title='bbox 650 529 726 569; x_wconf 85' lang='lat' dir='ltr'><strong>quia</strong></span> <span class='ocrx_word' id='word_1_37' title='bbox 742 528 867 559; x_wconf 80' lang='lat' dir='ltr'><strong>Ardeae</strong></span> 
     </span>
     <span class='ocr_line' id='line_1_8' title="bbox 170 580 869 621; baseline 0 -11"><span class='ocrx_word' id='word_1_38' title='bbox 170 582 308 621; x_wconf 87' lang='lat' dir='ltr'><strong>propius</strong></span> <span class='ocrx_word' id='word_1_39' title='bbox 326 582 480 612; x_wconf 81' lang='lat' dir='ltr'><strong>Castrum</strong></span> <span class='ocrx_word' id='word_1_40' title='bbox 498 581 584 612; x_wconf 89' lang='lat' dir='ltr'><strong>Inui.</strong></span> <span class='ocrx_word' id='word_1_41' title='bbox 630 581 692 611; x_wconf 88' lang='lat' dir='ltr'><strong>Cui</strong></span> <span class='ocrx_word' id='word_1_42' title='bbox 718 580 869 620; x_wconf 84' lang='lat' dir='ltr'><strong>adstipu-</strong></span> 
     </span>
     <span class='ocr_line' id='line_1_9' title="bbox 169 631 868 671; baseline 0 -8"><span class='ocrx_word' id='word_1_43' title='bbox 169 633 259 663; x_wconf 80' lang='lat' dir='ltr'><strong>latur</strong></span> <span class='ocrx_word' id='word_1_44' title='bbox 290 633 351 664; x_wconf 80' lang='lat' dir='ltr'><strong>Pli.</strong></span> <span class='ocrx_word' id='word_1_45' title='bbox 381 632 557 664; x_wconf 84' lang='lat' dir='ltr'><strong>Cluverius</strong></span> <span class='ocrx_word' id='word_1_46' title='bbox 588 631 646 662; x_wconf 93' lang='lat' dir='ltr'><strong>lib.</strong></span> <span class='ocrx_word' id='word_1_47' title='bbox 677 635 708 663; x_wconf 80' lang='lat'><strong>3.</strong></span> <span class='ocrx_word' id='word_1_48' title='bbox 730 641 806 671; x_wconf 87' lang='lat' dir='ltr'><strong>cap.</strong></span> <span class='ocrx_word' id='word_1_49' title='bbox 836 635 868 663; x_wconf 89' lang='lat'><strong>5.</strong></span> 
     </span>
     <span class='ocr_line' id='line_1_10' title="bbox 169 681 869 722; baseline -0.001 -9"><span class='ocrx_word' id='word_1_50' title='bbox 169 682 250 714; x_wconf 86' lang='lat' dir='ltr'><strong>Ital.</strong></span> <span class='ocrx_word' id='word_1_51' title='bbox 303 682 430 722; x_wconf 80' lang='lat' dir='ltr'><strong>Ardea,</strong></span> <span class='ocrx_word' id='word_1_52' title='bbox 458 683 550 713; x_wconf 86' lang='lat' dir='ltr'><strong>dicta</strong></span> <span class='ocrx_word' id='word_1_53' title='bbox 576 682 631 713; x_wconf 90' lang='lat' dir='ltr'><strong>vel</strong></span> <span class='ocrx_word' id='word_1_54' title='bbox 660 682 702 712; x_wconf 85' lang='lat' dir='ltr'><strong>ab</strong></span> <span class='ocrx_word' id='word_1_55' title='bbox 733 681 869 721; x_wconf 85' lang='lat' dir='ltr'><strong>ardore,</strong></span> 
     </span>
     <span class='ocr_line' id='line_1_11' title="bbox 171 732 870 773; baseline 0 -11"><span class='ocrx_word' id='word_1_56' title='bbox 171 733 225 763; x_wconf 89' lang='lat' dir='ltr'><strong>vel</strong></span> <span class='ocrx_word' id='word_1_57' title='bbox 255 732 358 764; x_wconf 87' lang='lat' dir='ltr'><strong>ardea</strong></span> <span class='ocrx_word' id='word_1_58' title='bbox 392 733 459 770; x_wconf 90' lang='lat' dir='ltr'><strong>avi,</strong></span> <span class='ocrx_word' id='word_1_59' title='bbox 489 732 652 773; x_wconf 88' lang='lat' dir='ltr'><strong>oppidum</strong></span> <span class='ocrx_word' id='word_1_60' title='bbox 679 737 732 764; x_wconf 85' lang='lat' dir='ltr'><strong>est</strong></span> <span class='ocrx_word' id='word_1_61' title='bbox 767 733 870 771; x_wconf 89' lang='lat' dir='ltr'><strong>Latii,</strong></span> 
     </span>
     <span class='ocr_line' id='line_1_12' title="bbox 169 782 869 823; baseline 0.003 -11"><span class='ocrx_word' id='word_1_62' title='bbox 169 782 273 812; x_wconf 88' lang='lat' dir='ltr'><strong>Turni</strong></span> <span class='ocrx_word' id='word_1_63' title='bbox 299 782 418 822; x_wconf 88' lang='lat' dir='ltr'><strong>patria.</strong></span> <span class='ocrx_word' id='word_1_64' title='bbox 464 783 544 813; x_wconf 86' lang='lat' dir='ltr'><strong>Tria</strong></span> <span class='ocrx_word' id='word_1_65' title='bbox 565 782 619 813; x_wconf 86' lang='lat' dir='ltr'><strong>hic</strong></span> <span class='ocrx_word' id='word_1_66' title='bbox 633 782 869 823; x_wconf 87' lang='lat' dir='ltr'><strong>oppida,Solis</strong></span> 
     </span>
     <span class='ocr_line' id='line_1_13' title="bbox 167 831 869 871; baseline 0 -9"><span class='ocrx_word' id='word_1_67' title='bbox 167 831 301 863; x_wconf 84' lang='lat' dir='ltr'><strong>fervore</strong></span> <span class='ocrx_word' id='word_1_68' title='bbox 338 832 529 871; x_wconf 86' lang='lat' dir='ltr'><strong>aestuantia,</strong></span> <span class='ocrx_word' id='word_1_69' title='bbox 566 838 766 863; x_wconf 78' lang='lat' dir='ltr'><strong>enumerat:</strong></span> <span class='ocrx_word' id='word_1_70' title='bbox 804 832 869 864; x_wconf 87' lang='lat' dir='ltr'><strong>Ar-</strong></span> 
     </span>
     <span class='ocr_line' id='line_1_14' title="bbox 168 881 869 923; baseline 0.001 -11"><span class='ocrx_word' id='word_1_71' title='bbox 168 881 279 921; x_wconf 87' lang='lat' dir='ltr'><strong>deam,</strong></span> <span class='ocrx_word' id='word_1_72' title='bbox 313 881 478 921; x_wconf 67' lang='lat' dir='ltr'><strong>Paestum,</strong></span> <span class='ocrx_word' id='word_1_73' title='bbox 501 882 658 914; x_wconf 78' lang='lat' dir='ltr'><strong>Lucaniae</strong></span> <span class='ocrx_word' id='word_1_74' title='bbox 689 882 805 923; x_wconf 86' lang='lat' dir='ltr'><strong>oppid.</strong></span> <span class='ocrx_word' id='word_1_75' title='bbox 834 887 869 913; x_wconf 89' lang='lat' dir='ltr'><strong>et</strong></span> 
     </span>
     <span class='ocr_line' id='line_1_15' title="bbox 168 932 869 973; baseline 0.004 -11"><span class='ocrx_word' id='word_1_76' title='bbox 168 932 282 963; x_wconf 87' lang='lat' dir='ltr'><strong>Baias.</strong></span> <span class='ocrx_word' id='word_1_77' title='bbox 327 932 483 972; x_wconf 71' lang='lat' dir='ltr'><strong>solstitio,</strong></span> <span class='ocrx_word' id='word_1_78' title='bbox 519 933 586 973; x_wconf 59' lang='lat' dir='ltr'><strong>Sym]</strong></span> <span class='ocrx_word' id='word_1_79' title='bbox 630 933 772 972; x_wconf 81' lang='lat' dir='ltr'><strong>AEstivo‚</strong></span> <span class='ocrx_word' id='word_1_80' title='bbox 820 933 869 965; x_wconf 83' lang='lat' dir='ltr'><strong>sic</strong></span> 
     </span>
     <span class='ocr_line' id='line_1_16' title="bbox 167 981 826 1023; baseline 0.002 -12"><span class='ocrx_word' id='word_1_81' title='bbox 167 981 256 1011; x_wconf 89' lang='lat' dir='ltr'><strong>euim</strong></span> <span class='ocrx_word' id='word_1_82' title='bbox 269 982 473 1022; x_wconf 87' lang='lat' dir='ltr'><strong>simpliciter</strong></span> <span class='ocrx_word' id='word_1_83' title='bbox 488 983 633 1022; x_wconf 86' lang='lat' dir='ltr'><strong>positum</strong></span> <span class='ocrx_word' id='word_1_84' title='bbox 649 983 826 1023; x_wconf 79' lang='lat' dir='ltr'><strong>significat.</strong></span> 
     </span>
    </p>

    <p class='ocr_par' dir='ltr' id='par_1_3' title="bbox 165 1032 868 1325">
     <span class='ocr_line' id='line_1_17' title="bbox 210 1032 867 1073; baseline 0.003 -10"><span class='ocrx_word' id='word_1_85' title='bbox 210 1035 230 1063; x_wconf 84' lang='lat'>2</span> <span class='ocrx_word' id='word_1_86' title='bbox 255 1032 374 1072; x_wconf 81' lang='lat' dir='ltr'><strong>Quique</strong></span> <span class='ocrx_word' id='word_1_87' title='bbox 407 1033 557 1072; x_wconf 80' lang='lat' dir='ltr'><strong>Cleonoeo,</strong></span> <span class='ocrx_word' id='word_1_88' title='bbox 587 1033 657 1073; x_wconf 60' lang='lat' dir='ltr'><strong>Era]</strong></span> <span class='ocrx_word' id='word_1_89' title='bbox 686 1034 787 1064; x_wconf 85' lang='lat' dir='ltr'><strong>Baias</strong></span> <span class='ocrx_word' id='word_1_90' title='bbox 815 1044 867 1065; x_wconf 88' lang='lat' dir='ltr'><strong>su-</strong></span> 
     </span>
     <span class='ocr_line' id='line_1_18' title="bbox 167 1082 867 1124; baseline 0.004 -12"><span class='ocrx_word' id='word_1_91' title='bbox 167 1091 229 1122; x_wconf 88' lang='lat' dir='ltr'><strong>pra</strong></span> <span class='ocrx_word' id='word_1_92' title='bbox 252 1082 369 1123; x_wconf 81' lang='lat' dir='ltr'><strong>Epigr.</strong></span> <span class='ocrx_word' id='word_1_93' title='bbox 398 1085 451 1114; x_wconf 86' lang='grc'><strong>57.</strong></span> <span class='ocrx_word' id='word_1_94' title='bbox 479 1093 565 1114; x_wconf 84' lang='lat' dir='ltr'><strong>vers.</strong></span> <span class='ocrx_word' id='word_1_95' title='bbox 589 1087 619 1115; x_wconf 86' lang='lat'><strong>5.</strong></span> <span class='ocrx_word' id='word_1_96' title='bbox 643 1089 678 1115; x_wconf 90' lang='lat' dir='ltr'><strong>et</strong></span> <span class='ocrx_word' id='word_1_97' title='bbox 703 1087 754 1115; x_wconf 90' lang='lat' dir='ltr'><strong>ll.</strong></span> <span class='ocrx_word' id='word_1_98' title='bbox 777 1089 867 1124; x_wconf 85' lang='lat' dir='ltr'><strong>post-</strong></span> 
     </span>
     <span class='ocr_line' id='line_1_19' title="bbox 166 1132 868 1173; baseline 0.003 -10"><span class='ocrx_word' id='word_1_99' title='bbox 166 1142 266 1173; x_wconf 84' lang='lat' dir='ltr'><strong>quam</strong></span> <span class='ocrx_word' id='word_1_100' title='bbox 296 1132 330 1163; x_wconf 92' lang='lat' dir='ltr'><strong>in</strong></span> <span class='ocrx_word' id='word_1_101' title='bbox 362 1132 584 1165; x_wconf 88' lang='lat' dir='ltr'><strong>saluberrimo</strong></span> <span class='ocrx_word' id='word_1_102' title='bbox 612 1134 752 1165; x_wconf 80' lang='lat' dir='ltr'><strong>Tiburis</strong></span> <span class='ocrx_word' id='word_1_103' title='bbox 782 1135 868 1166; x_wconf 81' lang='lat' dir='ltr'><strong>coelo</strong></span> 
     </span>
     <span class='ocr_line' id='line_1_20' title="bbox 167 1182 868 1223; baseline 0.001 -11"><span class='ocrx_word' id='word_1_104' title='bbox 167 1182 272 1222; x_wconf 86' lang='lat' dir='ltr'><strong>periit</strong></span> <span class='ocrx_word' id='word_1_105' title='bbox 302 1183 487 1215; x_wconf 77' lang='lat' dir='ltr'><strong>Curiatius,</strong></span> <span class='ocrx_word' id='word_1_106' title='bbox 531 1183 728 1215; x_wconf 77' lang='lat' dir='ltr'><strong>Cieonaeum</strong></span> <span class='ocrx_word' id='word_1_107' title='bbox 761 1185 868 1223; x_wconf 73' lang='lat' dir='ltr'><strong>sidus,</strong></span> 
     </span>
     <span class='ocr_line' id='line_1_21' title="bbox 165 1233 868 1274; baseline 0.004 -11"><span class='ocrx_word' id='word_1_108' title='bbox 165 1238 220 1263; x_wconf 88' lang='lat' dir='ltr'><strong>est</strong></span> <span class='ocrx_word' id='word_1_109' title='bbox 240 1233 306 1272; x_wconf 87' lang='lat' dir='ltr'><strong>leo,</strong></span> <span class='ocrx_word' id='word_1_110' title='bbox 335 1234 391 1274; x_wconf 93' lang='lat' dir='ltr'><strong>qui</strong></span> <span class='ocrx_word' id='word_1_111' title='bbox 419 1240 543 1265; x_wconf 86' lang='lat' dir='ltr'><strong>terram</strong></span> <span class='ocrx_word' id='word_1_112' title='bbox 567 1234 724 1274; x_wconf 82' lang='lat' dir='ltr'><strong>Augusto</strong></span> <span class='ocrx_word' id='word_1_113' title='bbox 752 1245 868 1266; x_wconf 75' lang='lat' dir='ltr'><strong>mense</strong></span> 
     </span>
     <span class='ocr_line' id='line_1_22' title="bbox 166 1283 832 1325; baseline 0.005 -12"><span class='ocrx_word' id='word_1_114' title='bbox 166 1283 335 1314; x_wconf 85' lang='lat' dir='ltr'><strong>caloribus</strong></span> <span class='ocrx_word' id='word_1_115' title='bbox 352 1284 522 1316; x_wconf 84' lang='lat' dir='ltr'>accendit.</span> <span class='ocrx_word' id='word_1_116' title='bbox 548 1285 650 1325; x_wconf 80' lang='lat' dir='ltr'><strong>Ager]</strong></span> <span class='ocrx_word' id='word_1_117' title='bbox 674 1285 832 1316; x_wconf 83' lang='lat' dir='ltr'><strong>Baianus.</strong></span> 
     </span>
    </p>

    <p class='ocr_par' dir='ltr' id='par_1_4' title="bbox 165 1333 869 1719">
     <span class='ocr_line' id='line_1_23' title="bbox 208 1333 869 1375; baseline 0.006 -12"><span class='ocrx_word' id='word_1_118' title='bbox 208 1336 227 1363; x_wconf 82' lang='lat'><strong>3</strong></span> <span class='ocrx_word' id='word_1_119' title='bbox 252 1333 399 1374; x_wconf 76' lang='lat' dir='ltr'><strong>Damnet,</strong></span> <span class='ocrx_word' id='word_1_120' title='bbox 426 1335 496 1375; x_wconf 58' lang='lat' dir='ltr'><strong>&lt;fg-a]</strong></span> <span class='ocrx_word' id='word_1_121' title='bbox 520 1335 636 1366; x_wconf 87' lang='lat' dir='ltr'><strong>Morte</strong></span> <span class='ocrx_word' id='word_1_122' title='bbox 661 1345 720 1366; x_wconf 87' lang='lat' dir='ltr'><strong>sua</strong></span> <span class='ocrx_word' id='word_1_123' title='bbox 747 1336 869 1367; x_wconf 87' lang='lat' dir='ltr'><strong>reddat</strong></span> 
     </span>
     <span class='ocr_line' id='line_1_24' title="bbox 165 1382 869 1426; baseline 0.006 -13"><span class='ocrx_word' id='word_1_124' title='bbox 165 1382 319 1414; x_wconf 78' lang='lat' dir='ltr'><strong>infames.</strong></span> <span class='ocrx_word' id='word_1_125' title='bbox 373 1385 528 1416; x_wconf 84' lang='lat' dir='ltr'><strong>Ditiores</strong></span> <span class='ocrx_word' id='word_1_126' title='bbox 558 1385 646 1416; x_wconf 89' lang='lat' dir='ltr'><strong>enim</strong></span> <span class='ocrx_word' id='word_1_127' title='bbox 674 1386 804 1426; x_wconf 84' lang='lat' dir='ltr'><strong>praedia</strong></span> <span class='ocrx_word' id='word_1_128' title='bbox 833 1391 869 1417; x_wconf 91' lang='lat' dir='ltr'><strong>et</strong></span> 
     </span>
     <span class='ocr_line' id='line_1_25' title="bbox 165 1433 868 1477; baseline 0.007 -15"><span class='ocrx_word' id='word_1_129' title='bbox 165 1433 262 1464; x_wconf 89' lang='lat' dir='ltr'><strong>villas</strong></span> <span class='ocrx_word' id='word_1_130' title='bbox 292 1434 385 1466; x_wconf 90' lang='lat' dir='ltr'><strong>circa</strong></span> <span class='ocrx_word' id='word_1_131' title='bbox 415 1435 531 1474; x_wconf 85' lang='lat' dir='ltr'><strong>Tibur,</strong></span> <span class='ocrx_word' id='word_1_132' title='bbox 562 1441 598 1466; x_wconf 84' lang='lat' dir='ltr'><strong>at</strong></span> <span class='ocrx_word' id='word_1_133' title='bbox 623 1436 655 1466; x_wconf 90' lang='lat' dir='ltr'><strong>in</strong></span> <span class='ocrx_word' id='word_1_134' title='bbox 686 1437 759 1477; x_wconf 89' lang='lat' dir='ltr'><strong>ipsa</strong></span> <span class='ocrx_word' id='word_1_135' title='bbox 785 1437 868 1468; x_wconf 89' lang='lat' dir='ltr'><strong>urbe</strong></span> 
     </span>
     <span class='ocr_line' id='line_1_26' title="bbox 167 1482 869 1526; baseline 0.009 -13"><span class='ocrx_word' id='word_1_136' title='bbox 167 1482 260 1514; x_wconf 85' lang='lat' dir='ltr'><strong>aedes</strong></span> <span class='ocrx_word' id='word_1_137' title='bbox 287 1483 467 1522; x_wconf 87' lang='lat' dir='ltr'><strong>habebant,</strong></span> <span class='ocrx_word' id='word_1_138' title='bbox 495 1495 561 1526; x_wconf 90' lang='lat' dir='ltr'><strong>quo</strong></span> <span class='ocrx_word' id='word_1_139' title='bbox 588 1491 706 1517; x_wconf 77' lang='lat' dir='ltr'><strong>aestate</strong></span> <span class='ocrx_word' id='word_1_140' title='bbox 731 1487 869 1518; x_wconf 89' lang='lat' dir='ltr'><strong>secede-</strong></span> 
     </span>
     <span class='ocr_line' id='line_1_27' title="bbox 166 1534 869 1578; baseline 0.007 -14"><span class='ocrx_word' id='word_1_141' title='bbox 166 1534 259 1565; x_wconf 86' lang='lat' dir='ltr'>bant.</span> <span class='ocrx_word' id='word_1_142' title='bbox 305 1535 443 1566; x_wconf 87' lang='lat' dir='ltr'><strong>Praedia</strong></span> <span class='ocrx_word' id='word_1_143' title='bbox 454 1537 513 1567; x_wconf 84' lang='lat' dir='ltr'><strong>illa</strong></span> <span class='ocrx_word' id='word_1_144' title='bbox 525 1537 705 1568; x_wconf 86' lang='lat' dir='ltr'><strong>Tiburtina</strong></span> <span class='ocrx_word' id='word_1_145' title='bbox 718 1539 869 1578; x_wconf 82' lang='lat' dir='ltr'><strong>appella-</strong></span> 
     </span>
     <span class='ocr_line' id='line_1_28' title="bbox 165 1584 867 1629; baseline 0.007 -15"><span class='ocrx_word' id='word_1_146' title='bbox 165 1584 262 1624; x_wconf 78' lang='lat' dir='ltr'><strong>bant3</strong></span> <span class='ocrx_word' id='word_1_147' title='bbox 279 1586 561 1626; x_wconf 84' lang='lat' dir='ltr'><strong>quemadmodum</strong></span> <span class='ocrx_word' id='word_1_148' title='bbox 575 1588 777 1627; x_wconf 85' lang='lat' dir='ltr'><strong>Tusculana,</strong></span> <span class='ocrx_word' id='word_1_149' title='bbox 792 1599 867 1629; x_wconf 79' lang='lat' dir='ltr'><strong>quae</strong></span> 
     </span>
     <span class='ocr_line' id='line_1_29' title="bbox 167 1637 867 1678; baseline 0.006 -12"><span class='ocrx_word' id='word_1_150' title='bbox 167 1646 274 1677; x_wconf 85' lang='lat' dir='ltr'><strong>prope</strong></span> <span class='ocrx_word' id='word_1_151' title='bbox 290 1637 474 1668; x_wconf 83' lang='lat' dir='ltr'><strong>Tusculum</strong></span> <span class='ocrx_word' id='word_1_152' title='bbox 489 1649 497 1668; x_wconf 72' lang='grc' dir='ltr'>ε</span> <span class='ocrx_word' id='word_1_153' title='bbox 523 1638 612 1670; x_wconf 85' lang='lat' dir='ltr'><strong>unde</strong></span> <span class='ocrx_word' id='word_1_154' title='bbox 628 1639 867 1678; x_wconf 83' lang='lat' dir='ltr'><strong>Tusculanum,</strong></span> 
     </span>
     <span class='ocr_line' id='line_1_30' title="bbox 171 1687 451 1719; baseline 0.007 -3"><span class='ocrx_word' id='word_1_155' title='bbox 171 1687 252 1717; x_wconf 90' lang='lat' dir='ltr'><strong>villa</strong></span> <span class='ocrx_word' id='word_1_156' title='bbox 264 1687 451 1719; x_wconf 80' lang='lat' dir='ltr'><strong>Ciceronis.</strong></span> 
     </span>
    </p>

    <p class='ocr_par' dir='ltr' id='par_1_5' title="bbox 166 1738 867 1880">
     <span class='ocr_line' id='line_1_31' title="bbox 210 1738 867 1781; baseline 0.005 -13"><span class='ocrx_word' id='word_1_157' title='bbox 210 1742 229 1768; x_wconf 75' lang='grc'><strong>4</strong></span> <span class='ocrx_word' id='word_1_158' title='bbox 267 1738 428 1770; x_wconf 76' lang='lat' dir='ltr'><strong>Laudatas</strong></span> <span class='ocrx_word' id='word_1_159' title='bbox 460 1739 568 1780; x_wconf 80' lang='lat' dir='ltr'><strong>aquus]</strong></span> <span class='ocrx_word' id='word_1_160' title='bbox 607 1740 739 1781; x_wconf 81' lang='lat' dir='ltr'><strong>Aquam</strong></span> <span class='ocrx_word' id='word_1_161' title='bbox 775 1740 867 1771; x_wconf 87' lang='lat' dir='ltr'><strong>Mar-</strong></span> 
     </span>
     <span class='ocr_line' id='line_1_32' title="bbox 166 1790 865 1833; baseline 0.006 -14"><span class='ocrx_word' id='word_1_162' title='bbox 166 1790 262 1828; x_wconf 84' lang='lat' dir='ltr'><strong>tiam,</strong></span> <span class='ocrx_word' id='word_1_163' title='bbox 277 1800 352 1831; x_wconf 80' lang='lat' dir='ltr'><strong>quae</strong></span> <span class='ocrx_word' id='word_1_164' title='bbox 383 1800 418 1821; x_wconf 90' lang='lat' dir='ltr'><strong>se</strong></span> <span class='ocrx_word' id='word_1_165' title='bbox 444 1790 477 1821; x_wconf 91' lang='lat' dir='ltr'><strong>in</strong></span> <span class='ocrx_word' id='word_1_166' title='bbox 504 1792 714 1823; x_wconf 85' lang='lat' dir='ltr'><strong>Tiburtinam</strong></span> <span class='ocrx_word' id='word_1_167' title='bbox 741 1793 865 1833; x_wconf 90' lang='lat' dir='ltr'><strong>aperit.</strong></span> 
     </span>
     <span class='ocr_line' id='line_1_33' title="bbox 166 1839 534 1880; baseline 0.005 -11"><span class='ocrx_word' id='word_1_168' title='bbox 166 1839 256 1870; x_wconf 85' lang='lat' dir='ltr'><strong>Plin.</strong></span> <span class='ocrx_word' id='word_1_169' title='bbox 275 1840 331 1870; x_wconf 89' lang='lat' dir='ltr'><strong>lib.</strong></span> <span class='ocrx_word' id='word_1_170' title='bbox 345 1843 395 1870; x_wconf 84' lang='lat'><strong>13.</strong></span> <span class='ocrx_word' id='word_1_171' title='bbox 410 1849 485 1880; x_wconf 89' lang='lat' dir='ltr'><strong>cap.</strong></span> <span class='ocrx_word' id='word_1_172' title='bbox 501 1844 534 1871; x_wconf 83' lang='lat'><strong>3.</strong></span> 
     </span>
    </p>

    <p class='ocr_par' dir='ltr' id='par_1_6' title="bbox 163 1889 867 2273">
     <span class='ocr_line' id='line_1_34' title="bbox 207 1889 867 1930; baseline 0.003 -11"><span class='ocrx_word' id='word_1_173' title='bbox 207 1893 225 1919; x_wconf 82' lang='lat'>5</span> <span class='ocrx_word' id='word_1_174' title='bbox 253 1890 331 1919; x_wconf 83' lang='lat' dir='ltr'><strong>Cum</strong></span> <span class='ocrx_word' id='word_1_175' title='bbox 356 1899 447 1929; x_wconf 85' lang='lat' dir='ltr'><strong>mors,</strong></span> <span class='ocrx_word' id='word_1_176' title='bbox 467 1889 536 1930; x_wconf 59' lang='lat' dir='ltr'><strong>Era]</strong></span> <span class='ocrx_word' id='word_1_177' title='bbox 559 1889 626 1921; x_wconf 87' lang='lat' dir='ltr'><strong>Ubi</strong></span> <span class='ocrx_word' id='word_1_178' title='bbox 650 1889 760 1921; x_wconf 85' lang='lat' dir='ltr'><strong>fatalis</strong></span> <span class='ocrx_word' id='word_1_179' title='bbox 784 1890 867 1922; x_wconf 87' lang='lat' dir='ltr'><strong>hora</strong></span> 
     </span>
     <span class='ocr_line' id='line_1_35' title="bbox 164 1939 867 1982; baseline 0.006 -13"><span class='ocrx_word' id='word_1_180' title='bbox 164 1940 310 1979; x_wconf 89' lang='lat' dir='ltr'><strong>venerit,</strong></span> <span class='ocrx_word' id='word_1_181' title='bbox 323 1939 562 1971; x_wconf 88' lang='lat' dir='ltr'><strong>saluberrimus</strong></span> <span class='ocrx_word' id='word_1_182' title='bbox 576 1941 682 1981; x_wconf 82' lang='lat' dir='ltr'><strong>locus,</strong></span> <span class='ocrx_word' id='word_1_183' title='bbox 695 1942 800 1982; x_wconf 84' lang='lat' dir='ltr'><strong>qualis</strong></span> <span class='ocrx_word' id='word_1_184' title='bbox 814 1948 867 1973; x_wconf 88' lang='lat' dir='ltr'><strong>est</strong></span> 
     </span>
     <span class='ocr_line' id='line_1_36' title="bbox 163 1989 866 2032; baseline 0.004 -12"><span class='ocrx_word' id='word_1_185' title='bbox 163 1989 284 2029; x_wconf 83' lang='lat' dir='ltr'><strong>Tibur,</strong></span> <span class='ocrx_word' id='word_1_186' title='bbox 312 1990 416 2021; x_wconf 88' lang='lat' dir='ltr'><strong>vitam</strong></span> <span class='ocrx_word' id='word_1_187' title='bbox 447 2000 514 2021; x_wconf 91' lang='lat' dir='ltr'><strong>non</strong></span> <span class='ocrx_word' id='word_1_188' title='bbox 542 1991 647 2032; x_wconf 86' lang='lat' dir='ltr'><strong>magis</strong></span> <span class='ocrx_word' id='word_1_189' title='bbox 676 1997 866 2031; x_wconf 84' lang='lat' dir='ltr'><strong>conservat,</strong></span> 
     </span>
     <span class='ocr_line' id='line_1_37' title="bbox 163 2039 865 2082; baseline 0.004 -13"><span class='ocrx_word' id='word_1_190' title='bbox 163 2049 263 2080; x_wconf 90' lang='lat' dir='ltr'><strong>quam</strong></span> <span class='ocrx_word' id='word_1_191' title='bbox 279 2039 436 2070; x_wconf 84' lang='lat' dir='ltr'><strong>Sardinia</strong></span> <span class='ocrx_word' id='word_1_192' title='bbox 460 2039 581 2078; x_wconf 86' lang='lat' dir='ltr'><strong>insula,</strong></span> <span class='ocrx_word' id='word_1_193' title='bbox 607 2041 682 2071; x_wconf 88' lang='lat' dir='ltr'><strong>coeli</strong></span> <span class='ocrx_word' id='word_1_194' title='bbox 700 2041 865 2082; x_wconf 88' lang='lat' dir='ltr'><strong>intempe-</strong></span> 
     </span>
     <span class='ocr_line' id='line_1_38' title="bbox 164 2090 865 2131; baseline 0.004 -11"><span class='ocrx_word' id='word_1_195' title='bbox 164 2090 214 2120; x_wconf 86' lang='lat' dir='ltr'><strong>rie</strong></span> <span class='ocrx_word' id='word_1_196' title='bbox 245 2095 282 2122; x_wconf 90' lang='lat' dir='ltr'><strong>et</strong></span> <span class='ocrx_word' id='word_1_197' title='bbox 313 2091 484 2130; x_wconf 83' lang='lat' dir='ltr'><strong>gravitate</strong></span> <span class='ocrx_word' id='word_1_198' title='bbox 506 2091 796 2131; x_wconf 86' lang='lat' dir='ltr'><strong>pestilentissima,</strong></span> <span class='ocrx_word' id='word_1_199' title='bbox 822 2092 865 2123; x_wconf 91' lang='lat' dir='ltr'><strong>ob</strong></span> 
     </span>
     <span class='ocr_line' id='line_1_39' title="bbox 163 2140 867 2182; baseline 0.003 -11"><span class='ocrx_word' id='word_1_200' title='bbox 163 2140 300 2180; x_wconf 83' lang='lat' dir='ltr'><strong>salinas,</strong></span> <span class='ocrx_word' id='word_1_201' title='bbox 335 2150 456 2181; x_wconf 82' lang='lat' dir='ltr'><strong>graves</strong></span> <span class='ocrx_word' id='word_1_202' title='bbox 490 2141 647 2181; x_wconf 84' lang='lat' dir='ltr'><strong>Austros,</strong></span> <span class='ocrx_word' id='word_1_203' title='bbox 687 2142 867 2182; x_wconf 75' lang='lat' dir='ltr'><strong>Solpugas,</strong></span> 
     </span>
     <span class='ocr_line' id='line_1_40' title="bbox 164 2190 864 2233; baseline 0.004 -13"><span class='ocrx_word' id='word_1_204' title='bbox 164 2195 343 2222; x_wconf 84' lang='lat' dir='ltr'><strong>venenatae</strong></span> <span class='ocrx_word' id='word_1_205' title='bbox 379 2190 530 2223; x_wconf 78' lang='lat' dir='ltr'><strong>formicae</strong></span> <span class='ocrx_word' id='word_1_206' title='bbox 556 2201 674 2233; x_wconf 80' lang='lat' dir='ltr'><strong>genuS,</strong></span> <span class='ocrx_word' id='word_1_207' title='bbox 711 2202 771 2223; x_wconf 83' lang='lat' dir='ltr'><strong>seu</strong></span> <span class='ocrx_word' id='word_1_208' title='bbox 799 2193 864 2223; x_wconf 81' lang='lat' dir='ltr'><strong>Ba-</strong></span> 
     </span>
     <span class='ocr_line' id='line_1_41' title="bbox 165 2240 343 2273; baseline 0.006 -2"><span class='ocrx_word' id='word_1_209' title='bbox 165 2240 343 2273; x_wconf 81' lang='lat' dir='ltr'><strong>trachium.</strong></span> 
     </span>
    </p>

    <p class='ocr_par' dir='ltr' id='par_1_7' title="bbox 163 2292 866 2784">
     <span class='ocr_line' id='line_1_42' title="bbox 208 2292 866 2334; baseline 0.006 -12"><span class='ocrx_word' id='word_1_210' title='bbox 208 2292 315 2323; x_wconf 65' lang='lat' dir='ltr'><strong>Eum.</strong></span> <span class='ocrx_word' id='word_1_211' title='bbox 347 2301 420 2324; x_wconf 79' lang='lat' dir='ltr'><strong>Lxr.</strong></span> <span class='ocrx_word' id='word_1_212' title='bbox 454 2293 585 2324; x_wconf 86' lang='lat' dir='ltr'><strong>Vanum</strong></span> <span class='ocrx_word' id='word_1_213' title='bbox 622 2293 791 2334; x_wconf 86' lang='lat' dir='ltr'><strong>quendam</strong></span> <span class='ocrx_word' id='word_1_214' title='bbox 829 2299 866 2326; x_wconf 86' lang='lat' dir='ltr'><strong>et</strong></span> 
     </span>
     <span class='ocr_line' id='line_1_43' title="bbox 167 2342 864 2385; baseline 0.004 -12"><span class='ocrx_word' id='word_1_215' title='bbox 167 2342 364 2374; x_wconf 87' lang='lat' dir='ltr'><strong>mendacem</strong></span> <span class='ocrx_word' id='word_1_216' title='bbox 377 2344 572 2374; x_wconf 89' lang='lat' dir='ltr'><strong>Mancinum</strong></span> <span class='ocrx_word' id='word_1_217' title='bbox 585 2344 751 2385; x_wconf 81' lang='lat' dir='ltr'><strong>depingit,</strong></span> <span class='ocrx_word' id='word_1_218' title='bbox 763 2350 798 2376; x_wconf 95' lang='lat' dir='ltr'><strong>et</strong></span> <span class='ocrx_word' id='word_1_219' title='bbox 814 2355 864 2376; x_wconf 94' lang='lat' dir='ltr'><strong>re-</strong></span> 
     </span>
     <span class='ocr_line' id='line_1_44' title="bbox 166 2393 863 2434; baseline 0.006 -11"><span class='ocrx_word' id='word_1_220' title='bbox 166 2393 370 2433; x_wconf 86' lang='lat' dir='ltr'><strong>prehendit;</strong></span> <span class='ocrx_word' id='word_1_221' title='bbox 393 2394 449 2434; x_wconf 92' lang='lat' dir='ltr'><strong>qui</strong></span> <span class='ocrx_word' id='word_1_222' title='bbox 465 2395 602 2426; x_wconf 85' lang='lat' dir='ltr'><strong>miseros</strong></span> <span class='ocrx_word' id='word_1_223' title='bbox 626 2395 760 2427; x_wconf 87' lang='lat' dir='ltr'><strong>sodales</strong></span> <span class='ocrx_word' id='word_1_224' title='bbox 787 2396 863 2427; x_wconf 89' lang='lat' dir='ltr'><strong>sub-</strong></span> 
     </span>
     <span class='ocr_line' id='line_1_45' title="bbox 164 2443 865 2487; baseline 0.004 -14"><span class='ocrx_word' id='word_1_225' title='bbox 164 2443 244 2473; x_wconf 88' lang='lat' dir='ltr'><strong>inde</strong></span> <span class='ocrx_word' id='word_1_226' title='bbox 284 2444 462 2481; x_wconf 85' lang='lat' dir='ltr'><strong>enecabat,</strong></span> <span class='ocrx_word' id='word_1_227' title='bbox 495 2445 671 2476; x_wconf 87' lang='lat' dir='ltr'><strong>narrandis</strong></span> <span class='ocrx_word' id='word_1_228' title='bbox 706 2445 747 2475; x_wconf 89' lang='lat' dir='ltr'><strong>iis</strong></span> <span class='ocrx_word' id='word_1_229' title='bbox 790 2455 865 2487; x_wconf 80' lang='lat' dir='ltr'><strong>quae</strong></span> 
     </span>
     <span class='ocr_line' id='line_1_46' title="bbox 165 2494 864 2537; baseline 0.006 -13"><span class='ocrx_word' id='word_1_230' title='bbox 165 2494 230 2525; x_wconf 88' lang='lat' dir='ltr'><strong>sibi</strong></span> <span class='ocrx_word' id='word_1_231' title='bbox 257 2494 485 2526; x_wconf 84' lang='lat' dir='ltr'><strong>donabantur.</strong></span> <span class='ocrx_word' id='word_1_232' title='bbox 531 2495 643 2536; x_wconf 82' lang='lat' dir='ltr'><strong>Rogat</strong></span> <span class='ocrx_word' id='word_1_233' title='bbox 667 2496 781 2537; x_wconf 86' lang='lat' dir='ltr'><strong>itaque</strong></span> <span class='ocrx_word' id='word_1_234' title='bbox 807 2498 864 2528; x_wconf 87' lang='lat' dir='ltr'><strong>ho-</strong></span> 
     </span>
     <span class='ocr_line' id='line_1_47' title="bbox 163 2543 865 2586; baseline 0.006 -12"><span class='ocrx_word' id='word_1_235' title='bbox 163 2544 288 2574; x_wconf 90' lang='lat' dir='ltr'><strong>minem</strong></span> <span class='ocrx_word' id='word_1_236' title='bbox 315 2549 351 2574; x_wconf 92' lang='lat' dir='ltr'><strong>ut</strong></span> <span class='ocrx_word' id='word_1_237' title='bbox 379 2543 516 2575; x_wconf 84' lang='lat' dir='ltr'><strong>tandem</strong></span> <span class='ocrx_word' id='word_1_238' title='bbox 539 2549 655 2576; x_wconf 89' lang='lat' dir='ltr'><strong>tacere</strong></span> <span class='ocrx_word' id='word_1_239' title='bbox 673 2547 775 2586; x_wconf 79' lang='lat' dir='ltr'><strong>velit3</strong></span> <span class='ocrx_word' id='word_1_240' title='bbox 792 2551 865 2585; x_wconf 81' lang='lat' dir='ltr'><strong>aut,</strong></span> 
     </span>
     <span class='ocr_line' id='line_1_48' title="bbox 164 2594 864 2639; baseline 0.006 -15"><span class='ocrx_word' id='word_1_241' title='bbox 164 2595 193 2625; x_wconf 87' lang='lat' dir='ltr'><strong>si</strong></span> <span class='ocrx_word' id='word_1_242' title='bbox 219 2604 286 2625; x_wconf 91' lang='lat' dir='ltr'><strong>non</strong></span> <span class='ocrx_word' id='word_1_243' title='bbox 318 2594 436 2635; x_wconf 88' lang='lat' dir='ltr'><strong>possit,</strong></span> <span class='ocrx_word' id='word_1_244' title='bbox 459 2595 585 2636; x_wconf 88' lang='lat' dir='ltr'><strong>aliquid</strong></span> <span class='ocrx_word' id='word_1_245' title='bbox 616 2602 743 2637; x_wconf 77' lang='lat' dir='ltr'><strong>narret,</strong></span> <span class='ocrx_word' id='word_1_246' title='bbox 774 2597 864 2639; x_wconf 90' lang='lat' dir='ltr'><strong>quod</strong></span> 
     </span>
     <span class='ocr_line' id='line_1_49' title="bbox 164 2644 864 2688; baseline 0.006 -14"><span class='ocrx_word' id='word_1_247' title='bbox 164 2644 310 2675; x_wconf 89' lang='lat' dir='ltr'><strong>libenter</strong></span> <span class='ocrx_word' id='word_1_248' title='bbox 327 2644 460 2675; x_wconf 86' lang='lat' dir='ltr'><strong>sodales</strong></span> <span class='ocrx_word' id='word_1_249' title='bbox 478 2645 631 2685; x_wconf 90' lang='lat' dir='ltr'><strong>audiant,</strong></span> <span class='ocrx_word' id='word_1_250' title='bbox 655 2656 701 2679; x_wconf 88' lang='lat' dir='ltr'><strong>sc.</strong></span> <span class='ocrx_word' id='word_1_251' title='bbox 717 2657 766 2686; x_wconf 87' lang='lat' dir='ltr'><strong>se,</strong></span> <span class='ocrx_word' id='word_1_252' title='bbox 789 2658 864 2688; x_wconf 87' lang='lat' dir='ltr'><strong>spo-</strong></span> 
     </span>
     <span class='ocr_line' id='line_1_50' title="bbox 164 2695 864 2736; baseline 0.004 -11"><span class='ocrx_word' id='word_1_253' title='bbox 164 2695 283 2726; x_wconf 91' lang='lat' dir='ltr'><strong>liatum</strong></span> <span class='ocrx_word' id='word_1_254' title='bbox 313 2695 408 2726; x_wconf 88' lang='lat' dir='ltr'><strong>bonis</strong></span> <span class='ocrx_word' id='word_1_255' title='bbox 439 2696 519 2735; x_wconf 88' lang='lat' dir='ltr'><strong>suis,</strong></span> <span class='ocrx_word' id='word_1_256' title='bbox 535 2696 705 2736; x_wconf 83' lang='lat' dir='ltr'><strong>jacturam</strong></span> <span class='ocrx_word' id='word_1_257' title='bbox 731 2697 864 2736; x_wconf 78' lang='lat' dir='ltr'><strong>secisse,</strong></span> 
     </span>
     <span class='ocr_line' id='line_1_51' title="bbox 165 2744 695 2784; baseline 0.004 -9"><span class='ocrx_word' id='word_1_258' title='bbox 165 2744 309 2778; x_wconf 80' lang='lat' dir='ltr'><strong>fustibus</strong></span> <span class='ocrx_word' id='word_1_259' title='bbox 327 2755 465 2784; x_wconf 64' lang='lat' dir='ltr'><strong>cassum,</strong></span> <span class='ocrx_word' id='word_1_260' title='bbox 482 2747 546 2778; x_wconf 69' lang='grc' dir='ltr'><strong>διο.</strong></span> <span class='ocrx_word' id='word_1_261' title='bbox 571 2747 695 2777; x_wconf 77' lang='lat' dir='ltr'><strong>Rumir.</strong></span> 
     </span>
    </p>
   </div>
   <div class='ocr_carea' id='block_1_3' title="bbox 907 179 1621 2790">
    <p class='ocr_par' dir='ltr' id='par_1_8' title="bbox 1158 179 1616 219">
     <span class='ocr_line' id='line_1_52' title="bbox 1158 179 1616 219; baseline 0.009 -4"><span class='ocrx_word' id='word_1_262' title='bbox 1158 188 1248 217; x_wconf 65' lang='lat' dir='ltr'><strong>uin.</strong></span> <span class='ocrx_word' id='word_1_263' title='bbox 1285 189 1348 218; x_wconf 81' lang='lat' dir='ltr'><strong>iv.</strong></span> <span class='ocrx_word' id='word_1_264' title='bbox 1509 179 1616 219; x_wconf 67' lang='lat'><strong>1913</strong></span> 
     </span>
    </p>

    <p class='ocr_par' dir='ltr' id='par_1_9' title="bbox 966 280 1408 321">
     <span class='ocr_line' id='line_1_53' title="bbox 966 280 1408 321; baseline 0.007 -12"><span class='ocrx_word' id='word_1_265' title='bbox 966 282 979 309; x_wconf 97' lang='lat' dir='ltr'><strong>l</strong></span> <span class='ocrx_word' id='word_1_266' title='bbox 1008 280 1162 318; x_wconf 70' lang='lat' dir='ltr'><strong>Ducentu,</strong></span> <span class='ocrx_word' id='word_1_267' title='bbox 1178 282 1247 321; x_wconf 56' lang='grc' dir='ltr'><strong>ᾀκκ]</strong></span> <span class='ocrx_word' id='word_1_268' title='bbox 1272 283 1321 312; x_wconf 84' lang='lat' dir='ltr'><strong>M.</strong></span> <span class='ocrx_word' id='word_1_269' title='bbox 1340 282 1408 313; x_wconf 76' lang='lat' dir='ltr'><strong>ils.</strong></span> 
     </span>
    </p>

    <p class='ocr_par' dir='ltr' id='par_1_10' title="bbox 921 329 1615 411">
     <span class='ocr_line' id='line_1_54' title="bbox 963 329 1615 374; baseline 0.011 -16"><span class='ocrx_word' id='word_1_270' title='bbox 963 331 981 358; x_wconf 88' lang='lat'><strong>3</strong></span> <span class='ocrx_word' id='word_1_271' title='bbox 1006 329 1045 359; x_wconf 84' lang='grc' dir='ltr'><strong>Ιη</strong></span> <span class='ocrx_word' id='word_1_272' title='bbox 1074 330 1185 369; x_wconf 70' lang='lat' dir='ltr'><strong>schola,</strong></span> <span class='ocrx_word' id='word_1_273' title='bbox 1214 332 1281 373; x_wconf 54' lang='lat' dir='ltr'><strong>mu]</strong></span> <span class='ocrx_word' id='word_1_274' title='bbox 1308 333 1374 364; x_wconf 79' lang='lat' dir='ltr'><strong>Ubi</strong></span> <span class='ocrx_word' id='word_1_275' title='bbox 1402 336 1615 374; x_wconf 80' lang='lat' dir='ltr'><strong>exspectavi-</strong></span> 
     </span>
     <span class='ocr_line' id='line_1_55' title="bbox 921 379 1237 411; baseline 0.006 -3"><span class='ocrx_word' id='word_1_276' title='bbox 921 387 992 409; x_wconf 89' lang='lat' dir='ltr'><strong>mus</strong></span> <span class='ocrx_word' id='word_1_277' title='bbox 1009 379 1237 411; x_wconf 81' lang='lat' dir='ltr'><strong>recitationes.</strong></span> 
     </span>
    </p>

    <p class='ocr_par' dir='ltr' id='par_1_11' title="bbox 919 429 1618 512">
     <span class='ocr_line' id='line_1_56' title="bbox 962 429 1618 475; baseline 0.012 -17"><span class='ocrx_word' id='word_1_278' title='bbox 962 432 981 458; x_wconf 84' lang='lat'>5</span> <span class='ocrx_word' id='word_1_279' title='bbox 1005 429 1169 469; x_wconf 75' lang='lat' dir='ltr'><strong>Lacernas,</strong></span> <span class='ocrx_word' id='word_1_280' title='bbox 1196 431 1265 471; x_wconf 56' lang='lat' dir='ltr'><strong>Esou]</strong></span> <span class='ocrx_word' id='word_1_281' title='bbox 1291 431 1318 462; x_wconf 85' lang='grc' dir='ltr'>Α</span> <span class='ocrx_word' id='word_1_282' title='bbox 1354 433 1523 475; x_wconf 84' lang='lat' dir='ltr'><strong>Pompilla</strong></span> <span class='ocrx_word' id='word_1_283' title='bbox 1555 435 1618 466; x_wconf 88' lang='lat' dir='ltr'><strong>tibi</strong></span> 
     </span>
     <span class='ocr_line' id='line_1_57' title="bbox 919 478 1235 512; baseline 0.013 -4"><span class='ocrx_word' id='word_1_284' title='bbox 919 478 1060 510; x_wconf 82' lang='lat' dir='ltr'><strong>donatas</strong></span> <span class='ocrx_word' id='word_1_285' title='bbox 1072 480 1235 512; x_wconf 80' lang='lat' dir='ltr'><strong>lacernas.</strong></span> 
     </span>
    </p>

    <p class='ocr_par' dir='ltr' id='par_1_12' title="bbox 919 530 1620 825">
     <span class='ocr_line' id='line_1_58' title="bbox 962 530 1616 575; baseline 0.014 -16"><span class='ocrx_word' id='word_1_286' title='bbox 962 531 982 559; x_wconf 84' lang='grc'>6</span> <span class='ocrx_word' id='word_1_287' title='bbox 1005 530 1208 571; x_wconf 70' lang='lat' dir='ltr'><strong>Sardonycha</strong></span> <span class='ocrx_word' id='word_1_288' title='bbox 1224 532 1342 573; x_wconf 75' lang='lat' dir='ltr'><strong>rerum]</strong></span> <span class='ocrx_word' id='word_1_289' title='bbox 1367 535 1422 565; x_wconf 85' lang='lat' dir='ltr'><strong>Sic</strong></span> <span class='ocrx_word' id='word_1_290' title='bbox 1439 536 1616 575; x_wconf 59' lang='lat' dir='ltr'><strong>Epigrab&#39;o.</strong></span> 
     </span>
     <span class='ocr_line' id='line_1_59' title="bbox 920 578 1620 621; baseline 0.011 -12"><span class='ocrx_word' id='word_1_291' title='bbox 920 578 977 610; x_wconf 88' lang='lat' dir='ltr'><strong>lib.</strong></span> <span class='ocrx_word' id='word_1_292' title='bbox 1006 582 1038 610; x_wconf 84' lang='lat'><strong>9.</strong></span> <span class='ocrx_word' id='word_1_293' title='bbox 1083 581 1344 621; x_wconf 77' lang='lat' dir='ltr'><strong>‘Sardonychas</strong></span> <span class='ocrx_word' id='word_1_294' title='bbox 1378 594 1474 615; x_wconf 83' lang='lat' dir='ltr'><strong>veros</strong></span> <span class='ocrx_word' id='word_1_295' title='bbox 1506 596 1620 617; x_wconf 77' lang='lat' dir='ltr'><strong>mensa</strong></span> 
     </span>
     <span class='ocr_line' id='line_1_60' title="bbox 921 630 1617 670; baseline 0.011 -11"><span class='ocrx_word' id='word_1_296' title='bbox 921 630 1076 670; x_wconf 77' lang='lat' dir='ltr'><strong>quaesivit</strong></span> <span class='ocrx_word' id='word_1_297' title='bbox 1089 631 1122 661; x_wconf 90' lang='lat' dir='ltr'><strong>in</strong></span> <span class='ocrx_word' id='word_1_298' title='bbox 1139 631 1250 663; x_wconf 62' lang='lat' dir='ltr'><strong>omni)</strong></span> <span class='ocrx_word' id='word_1_299' title='bbox 1273 633 1358 664; x_wconf 86' lang='lat' dir='ltr'><strong>Sunt</strong></span> <span class='ocrx_word' id='word_1_300' title='bbox 1375 635 1461 664; x_wconf 86' lang='grc'><strong>0111111</strong></span> <span class='ocrx_word' id='word_1_301' title='bbox 1479 640 1515 666; x_wconf 84' lang='lat' dir='ltr'><strong>et</strong></span> <span class='ocrx_word' id='word_1_302' title='bbox 1529 635 1617 667; x_wconf 82' lang='lat' dir='ltr'><strong>falsi.</strong></span> 
     </span>
     <span class='ocr_line' id='line_1_61' title="bbox 920 680 1619 726; baseline 0.01 -17"><span class='ocrx_word' id='word_1_303' title='bbox 920 680 1007 711; x_wconf 69' lang='lat' dir='ltr'><strong>Vide</strong></span> <span class='ocrx_word' id='word_1_304' title='bbox 1023 681 1112 712; x_wconf 91' lang='lat' dir='ltr'><strong>Plin.</strong></span> <span class='ocrx_word' id='word_1_305' title='bbox 1129 682 1185 712; x_wconf 85' lang='lat' dir='ltr'><strong>lib.</strong></span> <span class='ocrx_word' id='word_1_306' title='bbox 1204 685 1256 713; x_wconf 85' lang='lat'><strong>37.</strong></span> <span class='ocrx_word' id='word_1_307' title='bbox 1275 693 1351 724; x_wconf 82' lang='lat' dir='ltr'><strong>cap.</strong></span> <span class='ocrx_word' id='word_1_308' title='bbox 1367 687 1418 715; x_wconf 81' lang='lat'><strong>12.</strong></span> <span class='ocrx_word' id='word_1_309' title='bbox 1442 685 1619 726; x_wconf 76' lang='lat' dir='ltr'><strong>Lineisque,</strong></span> 
     </span>
     <span class='ocr_line' id='line_1_62' title="bbox 919 730 1616 774; baseline 0.01 -14"><span class='ocrx_word' id='word_1_310' title='bbox 919 730 989 771; x_wconf 51' lang='lat' dir='ltr'><strong>&amp;eff</strong></span> <span class='ocrx_word' id='word_1_311' title='bbox 1015 731 1116 762; x_wconf 82' lang='lat' dir='ltr'><strong>Forte</strong></span> <span class='ocrx_word' id='word_1_312' title='bbox 1134 732 1244 773; x_wconf 82' lang='lat' dir='ltr'><strong>nigra,</strong></span> <span class='ocrx_word' id='word_1_313' title='bbox 1270 733 1429 774; x_wconf 88' lang='lat' dir='ltr'><strong>candida,</strong></span> <span class='ocrx_word' id='word_1_314' title='bbox 1455 735 1616 768; x_wconf 88' lang='lat' dir='ltr'><strong>miniata:</strong></span> 
     </span>
     <span class='ocr_line' id='line_1_63' title="bbox 920 780 1396 825; baseline 0.013 -15"><span class='ocrx_word' id='word_1_315' title='bbox 920 780 997 812; x_wconf 84' lang='lat' dir='ltr'><strong>vide</strong></span> <span class='ocrx_word' id='word_1_316' title='bbox 1014 781 1103 812; x_wconf 85' lang='lat' dir='ltr'><strong>Plin.</strong></span> <span class='ocrx_word' id='word_1_317' title='bbox 1121 782 1180 814; x_wconf 85' lang='lat' dir='ltr'><strong>lib.</strong></span> <span class='ocrx_word' id='word_1_318' title='bbox 1192 785 1331 825; x_wconf 83' lang='lat' dir='ltr'><strong>37.cap.</strong></span> <span class='ocrx_word' id='word_1_319' title='bbox 1344 787 1396 815; x_wconf 85' lang='lat'><strong>12.</strong></span> 
     </span>
    </p>

    <p class='ocr_par' dir='ltr' id='par_1_13' title="bbox 917 832 1620 1125">
     <span class='ocr_line' id='line_1_64' title="bbox 962 832 1620 877; baseline 0.011 -16"><span class='ocrx_word' id='word_1_320' title='bbox 962 834 980 862; x_wconf 82' lang='grc'>7</span> <span class='ocrx_word' id='word_1_321' title='bbox 1005 832 1129 864; x_wconf 76' lang='lat' dir='ltr'><strong>Similes</strong></span> <span class='ocrx_word' id='word_1_322' title='bbox 1135 833 1298 875; x_wconf 81' lang='lat' dir='ltr'><strong>fluctibus,</strong></span> <span class='ocrx_word' id='word_1_323' title='bbox 1311 836 1381 876; x_wconf 62' lang='lat' dir='ltr'><strong>&amp;cuj</strong></span> <span class='ocrx_word' id='word_1_324' title='bbox 1402 836 1620 877; x_wconf 79' lang='lat' dir='ltr'><strong>Smaragdos,</strong></span> 
     </span>
     <span class='ocr_line' id='line_1_65' title="bbox 919 882 1617 925; baseline 0.013 -14"><span class='ocrx_word' id='word_1_325' title='bbox 919 882 1088 922; x_wconf 84' lang='lat' dir='ltr'><strong>Cyaneos,</strong></span> <span class='ocrx_word' id='word_1_326' title='bbox 1113 885 1282 925; x_wconf 80' lang='lat' dir='ltr'><strong>Beryllos,</strong></span> <span class='ocrx_word' id='word_1_327' title='bbox 1301 886 1354 917; x_wconf 86' lang='lat' dir='ltr'><strong>vel</strong></span> <span class='ocrx_word' id='word_1_328' title='bbox 1378 887 1551 920; x_wconf 85' lang='lat' dir='ltr'><strong>Caristos:</strong></span> <span class='ocrx_word' id='word_1_329' title='bbox 1575 890 1617 920; x_wconf 87' lang='grc'><strong>110</strong></span> 
     </span>
     <span class='ocr_line' id='line_1_66' title="bbox 920 929 1618 978; baseline 0.01 -16"><span class='ocrx_word' id='word_1_330' title='bbox 920 929 1042 973; x_wconf 89' lang='lat' dir='ltr'><strong>quibus</strong></span> <span class='ocrx_word' id='word_1_331' title='bbox 1074 934 1226 966; x_wconf 84' lang='lat' dir='ltr'><strong>Statius:</strong></span> <span class='ocrx_word' id='word_1_332' title='bbox 1266 936 1332 968; x_wconf 92' lang='lat' dir='ltr'><strong>‘Et</strong></span> <span class='ocrx_word' id='word_1_333' title='bbox 1360 937 1511 978; x_wconf 85' lang='lat' dir='ltr'><strong>gaudens</strong></span> <span class='ocrx_word' id='word_1_334' title='bbox 1537 937 1618 969; x_wconf 86' lang='lat' dir='ltr'><strong>fluc-</strong></span> 
     </span>
     <span class='ocr_line' id='line_1_67' title="bbox 920 985 1617 1023; baseline 0.009 -10"><span class='ocrx_word' id='word_1_335' title='bbox 920 989 973 1013; x_wconf 86' lang='lat' dir='ltr'><strong>tus</strong></span> <span class='ocrx_word' id='word_1_336' title='bbox 1011 989 1172 1023; x_wconf 80' lang='lat' dir='ltr'><strong>spectare</strong></span> <span class='ocrx_word' id='word_1_337' title='bbox 1212 985 1394 1018; x_wconf 78' lang='lat' dir='ltr'><strong>Caristosz’</strong></span> <span class='ocrx_word' id='word_1_338' title='bbox 1439 992 1475 1018; x_wconf 92' lang='lat' dir='ltr'><strong>et</strong></span> <span class='ocrx_word' id='word_1_339' title='bbox 1516 988 1617 1019; x_wconf 90' lang='lat' dir='ltr'><strong>alibi:</strong></span> 
     </span>
     <span class='ocr_line' id='line_1_68' title="bbox 917 1034 1618 1080; baseline 0.009 -17"><span class='ocrx_word' id='word_1_340' title='bbox 917 1034 925 1050; x_wconf 90' lang='lat'>‘</span> <span class='ocrx_word' id='word_1_341' title='bbox 942 1034 987 1064; x_wconf 90' lang='lat' dir='ltr'><strong>Et</strong></span> <span class='ocrx_word' id='word_1_342' title='bbox 1011 1036 1171 1066; x_wconf 84' lang='lat' dir='ltr'><strong>concolor</strong></span> <span class='ocrx_word' id='word_1_343' title='bbox 1196 1036 1265 1067; x_wconf 86' lang='lat' dir='ltr'><strong>alto</strong></span> <span class='ocrx_word' id='word_1_344' title='bbox 1289 1037 1388 1068; x_wconf 86' lang='lat' dir='ltr'><strong>Vena</strong></span> <span class='ocrx_word' id='word_1_345' title='bbox 1403 1037 1520 1068; x_wconf 89' lang='lat' dir='ltr'><strong>mari:&#39;</strong></span> <span class='ocrx_word' id='word_1_346' title='bbox 1544 1049 1618 1080; x_wconf 86' lang='lat' dir='ltr'><strong>quae</strong></span> 
     </span>
     <span class='ocr_line' id='line_1_69' title="bbox 918 1085 1576 1125; baseline 0.009 -11"><span class='ocrx_word' id='word_1_347' title='bbox 918 1085 1051 1116; x_wconf 89' lang='lat' dir='ltr'><strong>laudem</strong></span> <span class='ocrx_word' id='word_1_348' title='bbox 1064 1086 1206 1125; x_wconf 89' lang='lat' dir='ltr'><strong>habent,</strong></span> <span class='ocrx_word' id='word_1_349' title='bbox 1222 1087 1248 1118; x_wconf 86' lang='lat' dir='ltr'><strong>si</strong></span> <span class='ocrx_word' id='word_1_350' title='bbox 1266 1089 1347 1119; x_wconf 80' lang='lat' dir='ltr'><strong>mari</strong></span> <span class='ocrx_word' id='word_1_351' title='bbox 1364 1090 1576 1120; x_wconf 90' lang='lat' dir='ltr'><strong>concolores.</strong></span> 
     </span>
    </p>

    <p class='ocr_par' dir='ltr' id='par_1_14' title="bbox 919 1136 1619 1218">
     <span class='ocr_line' id='line_1_70' title="bbox 962 1136 1619 1179; baseline 0.011 -15"><span class='ocrx_word' id='word_1_352' title='bbox 962 1138 981 1165; x_wconf 87' lang='grc'>8</span> <span class='ocrx_word' id='word_1_353' title='bbox 1020 1136 1165 1176; x_wconf 71' lang='lat' dir='ltr'><strong>Bassam,</strong></span> <span class='ocrx_word' id='word_1_354' title='bbox 1201 1138 1271 1178; x_wconf 45' lang='lat' dir='ltr'><strong>iffa]</strong></span> <span class='ocrx_word' id='word_1_355' title='bbox 1317 1139 1503 1179; x_wconf 76' lang='lat' dir='ltr'><strong>Mulieres3</strong></span> <span class='ocrx_word' id='word_1_356' title='bbox 1540 1140 1619 1171; x_wconf 78' lang='lat' dir='ltr'><strong>ficta</strong></span> 
     </span>
     <span class='ocr_line' id='line_1_71' title="bbox 919 1184 1171 1218; baseline 0.008 -2"><span class='ocrx_word' id='word_1_357' title='bbox 919 1184 1008 1216; x_wconf 82' lang='lat' dir='ltr'><strong>forte</strong></span> <span class='ocrx_word' id='word_1_358' title='bbox 1025 1187 1171 1218; x_wconf 83' lang='lat' dir='ltr'><strong>nomina.</strong></span> 
     </span>
    </p>

    <p class='ocr_par' dir='ltr' id='par_1_15' title="bbox 917 1236 1620 1376">
     <span class='ocr_line' id='line_1_72' title="bbox 961 1236 1620 1280; baseline 0.006 -14"><span class='ocrx_word' id='word_1_359' title='bbox 961 1238 981 1266; x_wconf 87' lang='grc'><strong>9</strong></span> <span class='ocrx_word' id='word_1_360' title='bbox 1005 1236 1105 1276; x_wconf 79' lang='lat' dir='ltr'><strong>Here]</strong></span> <span class='ocrx_word' id='word_1_361' title='bbox 1141 1238 1237 1277; x_wconf 86' lang='lat' dir='ltr'><strong>Heri,</strong></span> <span class='ocrx_word' id='word_1_362' title='bbox 1275 1239 1425 1280; x_wconf 84' lang='lat' dir='ltr'><strong>antique.</strong></span> <span class='ocrx_word' id='word_1_363' title='bbox 1481 1240 1620 1271; x_wconf 78' lang='lat' dir='ltr'><strong>Pollione</strong></span> 
     </span>
     <span class='ocr_line' id='line_1_73' title="bbox 917 1286 1615 1326; baseline 0.006 -11"><span class='ocrx_word' id='word_1_364' title='bbox 917 1286 1078 1326; x_wconf 78' lang='lat' dir='ltr'><strong>cantante]</strong></span> <span class='ocrx_word' id='word_1_365' title='bbox 1132 1287 1327 1319; x_wconf 77' lang='lat' dir='ltr'><strong>Citharoedo</strong></span> <span class='ocrx_word' id='word_1_366' title='bbox 1377 1289 1492 1320; x_wconf 87' lang='lat' dir='ltr'><strong>nobili.</strong></span> <span class='ocrx_word' id='word_1_367' title='bbox 1554 1290 1615 1322; x_wconf 83' lang='lat' dir='ltr'><strong>Ju-</strong></span> 
     </span>
     <span class='ocr_line' id='line_1_74' title="bbox 918 1336 1401 1376; baseline 0.006 -11"><span class='ocrx_word' id='word_1_368' title='bbox 918 1336 1029 1366; x_wconf 85' lang='lat' dir='ltr'><strong>venal.</strong></span> <span class='ocrx_word' id='word_1_369' title='bbox 1046 1336 1159 1376; x_wconf 85' lang='lat' dir='ltr'><strong>Satyr.</strong></span> <span class='ocrx_word' id='word_1_370' title='bbox 1175 1340 1206 1369; x_wconf 83' lang='grc' dir='ltr'><strong>ὃ.</strong></span> <span class='ocrx_word' id='word_1_371' title='bbox 1225 1348 1313 1370; x_wconf 88' lang='lat' dir='ltr'><strong>vers.</strong></span> <span class='ocrx_word' id='word_1_372' title='bbox 1327 1341 1401 1369; x_wconf 80' lang='lat'><strong>388.</strong></span> 
     </span>
    </p>

    <p class='ocr_par' dir='ltr' id='par_1_16' title="bbox 962 1386 1575 1428">
     <span class='ocr_line' id='line_1_75' title="bbox 962 1386 1575 1428; baseline 0.008 -12"><span class='ocrx_word' id='word_1_373' title='bbox 962 1388 999 1417; x_wconf 94' lang='lat' dir='ltr'><strong>ll</strong></span> <span class='ocrx_word' id='word_1_374' title='bbox 1025 1386 1238 1428; x_wconf 80' lang='lat' dir='ltr'><strong>Hereditatis]</strong></span> <span class='ocrx_word' id='word_1_375' title='bbox 1261 1389 1344 1421; x_wconf 83' lang='lat' dir='ltr'><strong>Jure</strong></span> <span class='ocrx_word' id='word_1_376' title='bbox 1359 1388 1575 1422; x_wconf 80' lang='lat' dir='ltr'><strong>hereditario.</strong></span> 
     </span>
    </p>

    <p class='ocr_par' dir='ltr' id='par_1_17' title="bbox 917 1436 1621 1570">
     <span class='ocr_line' id='line_1_76' title="bbox 962 1436 1621 1478; baseline 0.011 -12"><span class='ocrx_word' id='word_1_377' title='bbox 962 1438 1000 1466; x_wconf 79' lang='lat'><strong>13</strong></span> <span class='ocrx_word' id='word_1_378' title='bbox 1027 1436 1111 1471; x_wconf 78' lang='lat' dir='ltr'><strong>Quid</strong></span> <span class='ocrx_word' id='word_1_379' title='bbox 1136 1437 1207 1477; x_wconf 78' lang='lat' dir='ltr'><strong>tibi,</strong></span> <span class='ocrx_word' id='word_1_380' title='bbox 1235 1438 1304 1478; x_wconf 60' lang='lat' dir='ltr'><strong>aisa]</strong></span> <span class='ocrx_word' id='word_1_381' title='bbox 1329 1439 1377 1469; x_wconf 90' lang='lat' dir='ltr'><strong>Ut</strong></span> <span class='ocrx_word' id='word_1_382' title='bbox 1403 1440 1621 1472; x_wconf 79' lang='lat' dir='ltr'><strong>mendacissi-</strong></span> 
     </span>
     <span class='ocr_line' id='line_1_77' title="bbox 917 1485 1618 1522; baseline 0.01 -7"><span class='ocrx_word' id='word_1_383' title='bbox 917 1485 980 1516; x_wconf 85' lang='lat' dir='ltr'><strong>mis</strong></span> <span class='ocrx_word' id='word_1_384' title='bbox 1007 1495 1046 1516; x_wconf 89' lang='lat' dir='ltr'><strong>ac</strong></span> <span class='ocrx_word' id='word_1_385' title='bbox 1069 1487 1258 1519; x_wconf 83' lang='lat' dir='ltr'><strong>vanissimis</strong></span> <span class='ocrx_word' id='word_1_386' title='bbox 1281 1490 1529 1521; x_wconf 85' lang='lat' dir='ltr'><strong>narrationibus</strong></span> <span class='ocrx_word' id='word_1_387' title='bbox 1558 1501 1618 1522; x_wconf 80' lang='lat' dir='ltr'><strong>nos</strong></span> 
     </span>
     <span class='ocr_line' id='line_1_78' title="bbox 917 1535 1298 1570; baseline 0.008 -4"><span class='ocrx_word' id='word_1_388' title='bbox 917 1535 1025 1567; x_wconf 88' lang='lat' dir='ltr'><strong>indies</strong></span> <span class='ocrx_word' id='word_1_389' title='bbox 1042 1546 1186 1569; x_wconf 85' lang='lat' dir='ltr'><strong>enecare</strong></span> <span class='ocrx_word' id='word_1_390' title='bbox 1204 1539 1298 1570; x_wconf 85' lang='lat' dir='ltr'><strong>velis.</strong></span> 
     </span>
    </p>

    <p class='ocr_par' dir='ltr' id='par_1_18' title="bbox 917 1587 1619 1667">
     <span class='ocr_line' id='line_1_79' title="bbox 961 1587 1619 1628; baseline 0.011 -12"><span class='ocrx_word' id='word_1_391' title='bbox 961 1589 1001 1617; x_wconf 78' lang='lat'><strong>14</strong></span> <span class='ocrx_word' id='word_1_392' title='bbox 1026 1587 1184 1628; x_wconf 78' lang='lat' dir='ltr'><strong>Crudelis]</strong></span> <span class='ocrx_word' id='word_1_393' title='bbox 1209 1589 1298 1621; x_wconf 81' lang='lat' dir='ltr'><strong>Quia</strong></span> <span class='ocrx_word' id='word_1_394' title='bbox 1315 1599 1374 1620; x_wconf 89' lang='lat' dir='ltr'><strong>nos</strong></span> <span class='ocrx_word' id='word_1_395' title='bbox 1389 1599 1512 1622; x_wconf 87' lang='lat' dir='ltr'><strong>enecas</strong></span> <span class='ocrx_word' id='word_1_396' title='bbox 1529 1602 1619 1623; x_wconf 85' lang='lat' dir='ltr'><strong>rnen-</strong></span> 
     </span>
     <span class='ocr_line' id='line_1_80' title="bbox 917 1635 1117 1667; baseline 0.01 -2"><span class='ocrx_word' id='word_1_397' title='bbox 917 1635 1023 1666; x_wconf 88' lang='lat' dir='ltr'><strong>daciis</strong></span> <span class='ocrx_word' id='word_1_398' title='bbox 1040 1636 1117 1667; x_wconf 82' lang='lat' dir='ltr'><strong>tuis.</strong></span> 
     </span>
    </p>

    <p class='ocr_par' dir='ltr' id='par_1_19' title="bbox 916 1686 1618 1870">
     <span class='ocr_line' id='line_1_81' title="bbox 961 1686 1618 1729; baseline 0.009 -14"><span class='ocrx_word' id='word_1_399' title='bbox 961 1688 1000 1716; x_wconf 87' lang='grc'><strong>16</strong></span> <span class='ocrx_word' id='word_1_400' title='bbox 1026 1686 1117 1721; x_wconf 76' lang='lat' dir='ltr'><strong>Quod</strong></span> <span class='ocrx_word' id='word_1_401' title='bbox 1141 1688 1278 1728; x_wconf 77' lang='lat' dir='ltr'><strong>velimus,</strong></span> <span class='ocrx_word' id='word_1_402' title='bbox 1289 1688 1358 1728; x_wconf 48' lang='lat' dir='ltr'><strong>dc]</strong></span> <span class='ocrx_word' id='word_1_403' title='bbox 1381 1690 1430 1720; x_wconf 78' lang='lat' dir='ltr'><strong>&#39;re</strong></span> <span class='ocrx_word' id='word_1_404' title='bbox 1447 1690 1618 1729; x_wconf 83' lang='lat' dir='ltr'><strong>jacturam</strong></span> 
     </span>
     <span class='ocr_line' id='line_1_82' title="bbox 916 1733 1617 1779; baseline 0.009 -14"><span class='ocrx_word' id='word_1_405' title='bbox 916 1733 1038 1766; x_wconf 85' lang='lat' dir='ltr'><strong>fecisse</strong></span> <span class='ocrx_word' id='word_1_406' title='bbox 1069 1737 1228 1777; x_wconf 82' lang='lat' dir='ltr'><strong>aliquam,</strong></span> <span class='ocrx_word' id='word_1_407' title='bbox 1256 1739 1345 1779; x_wconf 87' lang='lat' dir='ltr'><strong>quod</strong></span> <span class='ocrx_word' id='word_1_408' title='bbox 1379 1740 1473 1770; x_wconf 86' lang='lat' dir='ltr'><strong>nobis</strong></span> <span class='ocrx_word' id='word_1_409' title='bbox 1498 1741 1617 1771; x_wconf 83' lang='lat' dir='ltr'><strong>auditu</strong></span> 
     </span>
     <span class='ocr_line' id='line_1_83' title="bbox 916 1787 1604 1831; baseline 0.009 -16"><span class='ocrx_word' id='word_1_410' title='bbox 916 1787 1024 1825; x_wconf 84' lang='lat' dir='ltr'><strong>magis</strong></span> <span class='ocrx_word' id='word_1_411' title='bbox 1052 1793 1208 1826; x_wconf 88' lang='lat' dir='ltr'><strong>gratnm:</strong></span> <span class='ocrx_word' id='word_1_412' title='bbox 1236 1790 1289 1819; x_wconf 92' lang='lat' dir='ltr'><strong>vel</strong></span> <span class='ocrx_word' id='word_1_413' title='bbox 1318 1790 1408 1820; x_wconf 89' lang='lat' dir='ltr'><strong>aliud</strong></span> <span class='ocrx_word' id='word_1_414' title='bbox 1435 1790 1604 1831; x_wconf 81' lang='lat' dir='ltr'><strong>quippiam</strong></span> 
     </span>
     <span class='ocr_line' id='line_1_84' title="bbox 917 1836 1278 1870; baseline 0.014 -5"><span class='ocrx_word' id='word_1_415' title='bbox 917 1836 1006 1866; x_wconf 90' lang='lat' dir='ltr'><strong>unde</strong></span> <span class='ocrx_word' id='word_1_416' title='bbox 1024 1837 1120 1867; x_wconf 88' lang='lat' dir='ltr'><strong>nobis</strong></span> <span class='ocrx_word' id='word_1_417' title='bbox 1139 1838 1278 1870; x_wconf 89' lang='lat' dir='ltr'><strong>lucrum.</strong></span> 
     </span>
    </p>

    <p class='ocr_par' dir='ltr' id='par_1_20' title="bbox 913 1886 1618 2334">
     <span class='ocr_line' id='line_1_85' title="bbox 960 1886 1618 1932; baseline 0.009 -16"><span class='ocrx_word' id='word_1_418' title='bbox 960 1886 1066 1917; x_wconf 72' lang='lat' dir='ltr'><strong>Eme.</strong></span> <span class='ocrx_word' id='word_1_419' title='bbox 1090 1896 1180 1918; x_wconf 70' lang='lat' dir='ltr'><strong>an.</strong></span> <span class='ocrx_word' id='word_1_420' title='bbox 1200 1891 1213 1919; x_wconf 88' lang='lat'>1</span> <span class='ocrx_word' id='word_1_421' title='bbox 1242 1889 1338 1920; x_wconf 84' lang='lat' dir='ltr'><strong>Tibur</strong></span> <span class='ocrx_word' id='word_1_422' title='bbox 1354 1889 1401 1930; x_wconf 80' lang='lat' dir='ltr'><strong>in]</strong></span> <span class='ocrx_word' id='word_1_423' title='bbox 1428 1891 1535 1932; x_wconf 84' lang='lat' dir='ltr'><strong>Nigra</strong></span> <span class='ocrx_word' id='word_1_424' title='bbox 1554 1892 1618 1931; x_wconf 74' lang='lat' dir='ltr'><strong>Ly-</strong></span> 
     </span>
     <span class='ocr_line' id='line_1_86' title="bbox 916 1938 1618 1982; baseline 0.009 -15"><span class='ocrx_word' id='word_1_425' title='bbox 916 1938 1017 1977; x_wconf 82' lang='lat' dir='ltr'><strong>coris,</strong></span> <span class='ocrx_word' id='word_1_426' title='bbox 1039 1948 1106 1969; x_wconf 90' lang='lat' dir='ltr'><strong>non</strong></span> <span class='ocrx_word' id='word_1_427' title='bbox 1133 1949 1255 1980; x_wconf 84' lang='lat' dir='ltr'><strong>magno</strong></span> <span class='ocrx_word' id='word_1_428' title='bbox 1283 1942 1315 1972; x_wconf 91' lang='lat' dir='ltr'><strong>in</strong></span> <span class='ocrx_word' id='word_1_429' title='bbox 1349 1942 1458 1982; x_wconf 88' lang='lat' dir='ltr'><strong>pretio</strong></span> <span class='ocrx_word' id='word_1_430' title='bbox 1490 1944 1618 1982; x_wconf 44' lang='lat' dir='ltr'><strong>Rom-tu,</strong></span> 
     </span>
     <span class='ocr_line' id='line_1_87' title="bbox 914 1990 1618 2025; baseline 0.009 -6"><span class='ocrx_word' id='word_1_431' title='bbox 914 1995 1103 2020; x_wconf 86' lang='lat' dir='ltr'><strong>secesserat</strong></span> <span class='ocrx_word' id='word_1_432' title='bbox 1119 1990 1235 2022; x_wconf 90' lang='lat' dir='ltr'><strong>Tibur.</strong></span> <span class='ocrx_word' id='word_1_433' title='bbox 1279 1991 1424 2023; x_wconf 85' lang='lat' dir='ltr'><strong>Jocatur</strong></span> <span class='ocrx_word' id='word_1_434' title='bbox 1446 1993 1557 2024; x_wconf 68' lang='lat' dir='ltr'><strong>Poeta</strong></span> <span class='ocrx_word' id='word_1_435' title='bbox 1581 1995 1618 2025; x_wconf 83' lang='lat' dir='ltr'><strong>il—</strong></span> 
     </span>
     <span class='ocr_line' id='line_1_88' title="bbox 916 2040 1616 2081; baseline 0.01 -12"><span class='ocrx_word' id='word_1_436' title='bbox 916 2040 981 2070; x_wconf 87' lang='lat' dir='ltr'><strong>lam</strong></span> <span class='ocrx_word' id='word_1_437' title='bbox 997 2049 1038 2071; x_wconf 90' lang='lat' dir='ltr'><strong>eo</strong></span> <span class='ocrx_word' id='word_1_438' title='bbox 1061 2041 1226 2081; x_wconf 80' lang='lat' dir='ltr'><strong>migrasse</strong></span> <span class='ocrx_word' id='word_1_439' title='bbox 1244 2047 1367 2074; x_wconf 71' lang='lat' dir='ltr'><strong>motam</strong></span> <span class='ocrx_word' id='word_1_440' title='bbox 1392 2042 1482 2075; x_wconf 78' lang='lat' dir='ltr'><strong>fania</strong></span> <span class='ocrx_word' id='word_1_441' title='bbox 1504 2044 1546 2076; x_wconf 90' lang='lat' dir='ltr'><strong>de</strong></span> <span class='ocrx_word' id='word_1_442' title='bbox 1567 2055 1616 2076; x_wconf 87' lang='lat' dir='ltr'><strong>re-</strong></span> 
     </span>
     <span class='ocr_line' id='line_1_89' title="bbox 916 2091 1617 2135; baseline 0.01 -15"><span class='ocrx_word' id='word_1_443' title='bbox 916 2091 1022 2130; x_wconf 77' lang='lat' dir='ltr'><strong>gionis</strong></span> <span class='ocrx_word' id='word_1_444' title='bbox 1050 2092 1138 2122; x_wconf 89' lang='lat' dir='ltr'><strong>illius</strong></span> <span class='ocrx_word' id='word_1_445' title='bbox 1163 2091 1366 2133; x_wconf 84' lang='lat' dir='ltr'><strong>frigiditate,</strong></span> <span class='ocrx_word' id='word_1_446' title='bbox 1394 2105 1468 2135; x_wconf 85' lang='lat' dir='ltr'><strong>quae</strong></span> <span class='ocrx_word' id='word_1_447' title='bbox 1493 2096 1617 2127; x_wconf 89' lang='lat' dir='ltr'><strong>cando·</strong></span> 
     </span>
     <span class='ocr_line' id='line_1_90' title="bbox 916 2142 1616 2186; baseline 0.006 -14"><span class='ocrx_word' id='word_1_448' title='bbox 916 2151 987 2172; x_wconf 89' lang='lat' dir='ltr'><strong>rem</strong></span> <span class='ocrx_word' id='word_1_449' title='bbox 1001 2142 1055 2174; x_wconf 91' lang='lat' dir='ltr'><strong>vel</strong></span> <span class='ocrx_word' id='word_1_450' title='bbox 1071 2149 1227 2174; x_wconf 87' lang='lat' dir='ltr'><strong>servaret</strong></span> <span class='ocrx_word' id='word_1_451' title='bbox 1245 2145 1295 2174; x_wconf 91' lang='lat' dir='ltr'><strong>vel</strong></span> <span class='ocrx_word' id='word_1_452' title='bbox 1313 2145 1495 2176; x_wconf 85' lang='lat' dir='ltr'><strong>redderet:</strong></span> <span class='ocrx_word' id='word_1_453' title='bbox 1526 2147 1616 2186; x_wconf 87' lang='lat' dir='ltr'><strong>quod</strong></span> 
     </span>
     <span class='ocr_line' id='line_1_91' title="bbox 915 2191 1616 2235; baseline 0.007 -13"><span class='ocrx_word' id='word_1_454' title='bbox 915 2191 958 2223; x_wconf 88' lang='lat' dir='ltr'><strong>de</strong></span> <span class='ocrx_word' id='word_1_455' title='bbox 975 2192 1078 2223; x_wconf 86' lang='lat' dir='ltr'><strong>ebore</strong></span> <span class='ocrx_word' id='word_1_456' title='bbox 1106 2198 1276 2225; x_wconf 85' lang='lat' dir='ltr'><strong>testantur</strong></span> <span class='ocrx_word' id='word_1_457' title='bbox 1292 2195 1436 2235; x_wconf 85' lang='lat' dir='ltr'><strong>Plinius,</strong></span> <span class='ocrx_word' id='word_1_458' title='bbox 1451 2196 1566 2235; x_wconf 85' lang='lat' dir='ltr'><strong>Silius,</strong></span> <span class='ocrx_word' id='word_1_459' title='bbox 1580 2202 1616 2227; x_wconf 88' lang='lat' dir='ltr'><strong>et</strong></span> 
     </span>
     <span class='ocr_line' id='line_1_92' title="bbox 914 2243 1615 2285; baseline 0.003 -12"><span class='ocrx_word' id='word_1_460' title='bbox 914 2243 1128 2284; x_wconf 88' lang='lat' dir='ltr'><strong>Propertius.</strong></span> <span class='ocrx_word' id='word_1_461' title='bbox 1152 2244 1209 2275; x_wconf 88' lang='lat' dir='ltr'><strong>Sic</strong></span> <span class='ocrx_word' id='word_1_462' title='bbox 1226 2245 1345 2285; x_wconf 82' lang='lat' dir='ltr'><strong>Epigr.</strong></span> <span class='ocrx_word' id='word_1_463' title='bbox 1363 2249 1414 2277; x_wconf 83' lang='lat'><strong>12.</strong></span> <span class='ocrx_word' id='word_1_464' title='bbox 1427 2246 1449 2276; x_wconf 93' lang='grc'><strong>1.</strong></span> <span class='ocrx_word' id='word_1_465' title='bbox 1466 2249 1496 2276; x_wconf 88' lang='lat'><strong>7.</strong></span> <span class='ocrx_word' id='word_1_466' title='bbox 1531 2246 1615 2276; x_wconf 75' lang='lat' dir='ltr'><strong>Her-</strong></span> 
     </span>
     <span class='ocr_line' id='line_1_93' title="bbox 913 2293 1613 2334; baseline 0.006 -10"><span class='ocrx_word' id='word_1_467' title='bbox 913 2294 1045 2332; x_wconf 67' lang='lat' dir='ltr'><strong>culeum,</strong></span> <span class='ocrx_word' id='word_1_468' title='bbox 1071 2293 1140 2332; x_wconf 51' lang='lat' dir='ltr'><strong>&amp;cd</strong></span> <span class='ocrx_word' id='word_1_469' title='bbox 1163 2294 1279 2334; x_wconf 85' lang='lat' dir='ltr'><strong>Epigr.</strong></span> <span class='ocrx_word' id='word_1_470' title='bbox 1298 2298 1348 2326; x_wconf 85' lang='lat'><strong>13.</strong></span> <span class='ocrx_word' id='word_1_471' title='bbox 1365 2296 1420 2326; x_wconf 92' lang='lat' dir='ltr'><strong>lib.</strong></span> <span class='ocrx_word' id='word_1_472' title='bbox 1434 2298 1463 2325; x_wconf 91' lang='grc'><strong>1.</strong></span> <span class='ocrx_word' id='word_1_473' title='bbox 1481 2305 1564 2326; x_wconf 89' lang='lat' dir='ltr'><strong>vers.</strong></span> <span class='ocrx_word' id='word_1_474' title='bbox 1584 2300 1613 2328; x_wconf 92' lang='grc'><strong>1.</strong></span> 
     </span>
    </p>

    <p class='ocr_par' dir='ltr' id='par_1_21' title="bbox 907 2343 1616 2730">
     <span class='ocr_line' id='line_1_94' title="bbox 957 2343 1613 2377; baseline 0.005 -4"><span class='ocrx_word' id='word_1_475' title='bbox 957 2344 1059 2374; x_wconf 74' lang='lat' dir='ltr'><strong>Eme.</strong></span> <span class='ocrx_word' id='word_1_476' title='bbox 1088 2352 1194 2375; x_wconf 81' lang='lat' dir='ltr'><strong>Lxm.</strong></span> <span class='ocrx_word' id='word_1_477' title='bbox 1216 2343 1335 2375; x_wconf 88' lang='lat' dir='ltr'><strong>Deflet</strong></span> <span class='ocrx_word' id='word_1_478' title='bbox 1365 2345 1530 2376; x_wconf 81' lang='lat' dir='ltr'><strong>Caerelliae</strong></span> <span class='ocrx_word' id='word_1_479' title='bbox 1556 2355 1613 2377; x_wconf 88' lang='lat' dir='ltr'><strong>cu-</strong></span> 
     </span>
     <span class='ocr_line' id='line_1_95' title="bbox 907 2394 1613 2434; baseline 0.003 -10"><span class='ocrx_word' id='word_1_480' title='bbox 907 2394 1044 2434; x_wconf 83' lang='lat' dir='ltr'><strong>jusdam</strong></span> <span class='ocrx_word' id='word_1_481' title='bbox 1072 2394 1187 2424; x_wconf 86' lang='lat' dir='ltr'><strong>matris</strong></span> <span class='ocrx_word' id='word_1_482' title='bbox 1213 2403 1340 2431; x_wconf 86' lang='lat' dir='ltr'><strong>casum,</strong></span> <span class='ocrx_word' id='word_1_483' title='bbox 1367 2404 1455 2434; x_wconf 81' lang='lat' dir='ltr'><strong>quae,</strong></span> <span class='ocrx_word' id='word_1_484' title='bbox 1486 2405 1562 2426; x_wconf 90' lang='lat' dir='ltr'><strong>cum</strong></span> <span class='ocrx_word' id='word_1_485' title='bbox 1593 2406 1613 2426; x_wconf 84' lang='lat' dir='ltr'><strong>a</strong></span> 
     </span>
     <span class='ocr_line' id='line_1_96' title="bbox 913 2444 1616 2486; baseline 0.003 -11"><span class='ocrx_word' id='word_1_486' title='bbox 913 2445 1028 2475; x_wconf 82' lang='lat' dir='ltr'><strong>Baulis</strong></span> <span class='ocrx_word' id='word_1_487' title='bbox 1058 2449 1192 2485; x_wconf 81' lang='lat' dir='ltr'><strong>peteret</strong></span> <span class='ocrx_word' id='word_1_488' title='bbox 1219 2444 1336 2482; x_wconf 81' lang='lat' dir='ltr'><strong>Baias,</strong></span> <span class='ocrx_word' id='word_1_489' title='bbox 1359 2444 1535 2486; x_wconf 76' lang='lat' dir='ltr'><strong>naufragio</strong></span> <span class='ocrx_word' id='word_1_490' title='bbox 1557 2456 1616 2486; x_wconf 84' lang='lat' dir='ltr'><strong>pe·</strong></span> 
     </span>
     <span class='ocr_line' id='line_1_97' title="bbox 914 2495 1613 2528; baseline 0.003 -2"><span class='ocrx_word' id='word_1_491' title='bbox 914 2497 971 2526; x_wconf 85' lang='lat' dir='ltr'><strong>riit</strong></span> <span class='ocrx_word' id='word_1_492' title='bbox 999 2496 1032 2526; x_wconf 92' lang='lat' dir='ltr'><strong>in</strong></span> <span class='ocrx_word' id='word_1_493' title='bbox 1063 2505 1104 2526; x_wconf 90' lang='lat' dir='ltr'><strong>eo</strong></span> <span class='ocrx_word' id='word_1_494' title='bbox 1141 2495 1244 2526; x_wconf 88' lang='lat' dir='ltr'><strong>freto.</strong></span> <span class='ocrx_word' id='word_1_495' title='bbox 1304 2496 1459 2527; x_wconf 78' lang='lat' dir='ltr'><strong>Rumires.</strong></span> <span class='ocrx_word' id='word_1_496' title='bbox 1497 2497 1613 2528; x_wconf 85' lang='lat' dir='ltr'><strong>Baulis</strong></span> 
     </span>
     <span class='ocr_line' id='line_1_98' title="bbox 913 2547 1614 2587; baseline 0.004 -11"><span class='ocrx_word' id='word_1_497' title='bbox 913 2547 999 2576; x_wconf 82' lang='lat' dir='ltr'><strong>villae</strong></span> <span class='ocrx_word' id='word_1_498' title='bbox 1018 2555 1136 2576; x_wconf 82' lang='lat' dir='ltr'><strong>nomen</strong></span> <span class='ocrx_word' id='word_1_499' title='bbox 1154 2550 1218 2584; x_wconf 84' lang='lat' dir='ltr'><strong>est,</strong></span> <span class='ocrx_word' id='word_1_500' title='bbox 1246 2556 1321 2586; x_wconf 83' lang='lat' dir='ltr'><strong>quae</strong></span> <span class='ocrx_word' id='word_1_501' title='bbox 1349 2548 1614 2587; x_wconf 86' lang='lat' dir='ltr'><strong>promontorium</strong></span> 
     </span>
     <span class='ocr_line' id='line_1_99' title="bbox 914 2597 1611 2629; baseline 0.003 -2"><span class='ocrx_word' id='word_1_502' title='bbox 914 2597 1082 2627; x_wconf 84' lang='lat' dir='ltr'><strong>Misenum</strong></span> <span class='ocrx_word' id='word_1_503' title='bbox 1110 2597 1198 2626; x_wconf 81' lang='lat' dir='ltr'><strong>inter</strong></span> <span class='ocrx_word' id='word_1_504' title='bbox 1232 2600 1268 2627; x_wconf 89' lang='lat' dir='ltr'><strong>ct</strong></span> <span class='ocrx_word' id='word_1_505' title='bbox 1304 2597 1467 2628; x_wconf 87' lang='lat' dir='ltr'><strong>Baianum</strong></span> <span class='ocrx_word' id='word_1_506' title='bbox 1502 2598 1611 2629; x_wconf 89' lang='lat' dir='ltr'><strong>lacum</strong></span> 
     </span>
     <span class='ocr_line' id='line_1_100' title="bbox 913 2645 1613 2679; baseline 0.004 -3"><span class='ocrx_word' id='word_1_507' title='bbox 913 2645 1001 2677; x_wconf 85' lang='lat' dir='ltr'><strong>flexo</strong></span> <span class='ocrx_word' id='word_1_508' title='bbox 1037 2646 1121 2676; x_wconf 88' lang='lat' dir='ltr'><strong>mari</strong></span> <span class='ocrx_word' id='word_1_509' title='bbox 1153 2646 1300 2677; x_wconf 86' lang='lat' dir='ltr'><strong>alluitur.</strong></span> <span class='ocrx_word' id='word_1_510' title='bbox 1347 2646 1435 2677; x_wconf 86' lang='lat' dir='ltr'><strong>Olim</strong></span> <span class='ocrx_word' id='word_1_511' title='bbox 1471 2648 1613 2679; x_wconf 82' lang='lat' dir='ltr'><strong>Boaulia</strong></span> 
     </span>
     <span class='ocr_line' id='line_1_101' title="bbox 914 2697 1440 2730; baseline 0.004 -3"><span class='ocrx_word' id='word_1_512' title='bbox 914 2697 1015 2728; x_wconf 80' lang='lat' dir='ltr'><strong>dicta.</strong></span> <span class='ocrx_word' id='word_1_513' title='bbox 1049 2697 1162 2728; x_wconf 74' lang='lat' dir='ltr'><strong>Tacit.</strong></span> <span class='ocrx_word' id='word_1_514' title='bbox 1180 2697 1300 2728; x_wconf 87' lang='lat' dir='ltr'><strong>Annal.</strong></span> <span class='ocrx_word' id='word_1_515' title='bbox 1318 2698 1374 2729; x_wconf 87' lang='lat' dir='ltr'><strong>lib.</strong></span> <span class='ocrx_word' id='word_1_516' title='bbox 1390 2702 1440 2730; x_wconf 71' lang='lat'><strong>14.</strong></span> 
     </span>
    </p>

    <p class='ocr_par' dir='ltr' id='par_1_22' title="bbox 960 2747 1609 2790">
     <span class='ocr_line' id='line_1_102' title="bbox 960 2747 1609 2790; baseline 0.003 -12"><span class='ocrx_word' id='word_1_517' title='bbox 960 2750 973 2778; x_wconf 94' lang='lat' dir='ltr'><strong>l</strong></span> <span class='ocrx_word' id='word_1_518' title='bbox 1000 2747 1120 2787; x_wconf 73' lang='lat' dir='ltr'><strong>Maler]</strong></span> <span class='ocrx_word' id='word_1_519' title='bbox 1145 2747 1523 2790; x_wconf 59' lang='lat' dir='ltr'><strong>Caerelliaquaedain‚et</strong></span> <span class='ocrx_word' id='word_1_520' title='bbox 1540 2750 1609 2790; x_wconf 77' lang='lat' dir='ltr'><strong>ipsa</strong></span> 
     </span>
    </p>
   </div>
   <div class='ocr_carea' id='block_1_4' title="bbox 1611 1816 1620 1831">
    <p class='ocr_par' dir='ltr' id='par_1_23' title="bbox 1611 1816 1620 1831">
     <span class='ocr_line' id='line_1_103' title="bbox 1611 1816 1620 1831; baseline 0 0"><span class='ocrx_word' id='word_1_521' title='bbox 1611 1816 1620 1831; x_wconf 77' lang='lat'>⁷</span> 
     </span>
    </p>
   </div>
  </div>
 </body>
</html>
