1866 3131
242 140 354 180 1424

239 246 296 277 ubi
327 245 500 280 intestina,
530 247 702 274 omentum
731 253 789 274 seu
820 242 940 273 humor

241 297 361 338 aliquis
378 294 546 327 deciderit
567 295 602 325 in
628 298 790 332 scrotum,
818 298 940 333 estque

239 347 478 386 Enterocelas,
501 345 700 376 Sarcocelas
722 354 781 375 seu
803 343 939 384 Hydro-

240 399 342 430 celas.

282 451 302 479 2
329 448 428 483 Quem
446 448 533 478 modo
555 445 646 485 colei]
668 446 803 484 Coleus,
825 444 942 484 κολεὸς,

242 499 376 530 Graecis
394 502 446 529 est
463 498 597 538 vagina.
643 498 772 528 Latinis
796 503 848 528 est
875 502 940 528 tes-

241 549 377 588 ticulus,
406 559 425 580 a
449 548 522 579 cole
546 553 585 580 ut
607 553 763 589 apparet.
807 548 943 578 Dicitur

242 599 347 630 etiam
370 601 379 616 ‘
394 598 542 630 eniens!

284 653 304 681 4
331 651 504 690 Quantum,
518 649 587 691 ssa]
611 650 764 681 Catullus
781 655 892 681 autem
909 649 943 679 in

242 701 409 732 Venereis
419 701 512 731 hisce
525 700 750 730 extendendis
760 699 944 740 Hyperbo-

241 750 327 783 licus
344 756 397 782 est
412 756 447 782 et
463 751 675 782 immodicus.

285 802 392 832 Epic..
407 810 545 832 Lxxxv.
572 804 587 831 l
610 801 786 840 Nolueram,
801 800 870 842 δῖα]
889 801 943 831 In-

242 852 333 884 vitus
348 852 487 893 permisi
505 857 539 882 te
554 861 665 882 comas
679 850 889 882 detondere:
907 855 945 882 ut

243 903 362 944 Epigr.
378 904 432 933 48.
453 901 513 933 lib.
530 905 560 933 5.
584 906 619 932 et
635 901 755 942 Epigr.
769 903 821 932 32.
836 901 896 932 lib.
913 903 944 932 1.

287 957 308 985 2
324 954 502 993 &ajat-at,
518 953 587 993 Sym]
603 952 669 983 Sed
689 958 785 984 tonso
803 953 864 984 tibi
879 951 944 983 ful-

244 1010 327 1046 gent
338 1005 486 1036 eburnea
496 1004 596 1043 colla,
607 1005 693 1034 baud
708 1003 867 1035 cedentia
880 1004 945 1034 Pe-

244 1056 327 1096 lopi,
351 1055 404 1086 cui
429 1055 601 1085 humerum
619 1065 637 1085 a
654 1054 781 1085 Cerere
797 1053 946 1085 excisum

245 1107 399 1138 restituit
428 1106 568 1147 Jupiter
596 1116 636 1136 ex
668 1105 781 1136 ebore.
820 1105 949 1146 Hygin.

248 1160 329 1191 Fab.
346 1162 397 1189 83.
415 1162 480 1189 δερ.

288 1213 307 1240 4
337 1210 378 1241 Ut
404 1212 503 1240 totum
527 1218 637 1248 sponsa
657 1208 777 1238 videret
790 1207 877 1248 ebur]
899 1206 949 1238 Ut

247 1261 480 1302 Hippodamia
503 1266 536 1290 te
565 1264 671 1290 totum
694 1258 830 1289 videret
854 1258 952 1288 ebur-

247 1322 358 1344 neuun

291 1365 398 1394 Eme.
415 1370 599 1393 Lxxxvux.
622 1359 748 1391 Irridet
766 1359 878 1390 Cottae
893 1368 950 1390 ex-

248 1418 392 1444 tremam
410 1412 558 1452 inopiam
576 1409 814 1442 dissimulanti.

290 1466 310 1494 2
325 1464 360 1494 N
361 1463 546 1502 egligentem
557 1462 597 1492 nd
608 1462 700 1502 pedes
715 1459 855 1500 ternam]
872 1460 950 1491 Ser·

249 1525 326 1545 vum
344 1525 362 1545 a
380 1514 534 1555 pedibus,
556 1513 705 1543 Turneb.
733 1512 791 1542 lib.
819 1514 848 1542 3.
875 1521 953 1552 cap.

250 1569 302 1597 23.
348 1565 415 1597 Qui
432 1576 451 1595 a
468 1571 565 1604 tergo
583 1570 617 1594 et
635 1564 676 1594 ad
703 1562 808 1603 pedes
826 1561 953 1592 domini

249 1617 492 1648 discumbentis
510 1621 579 1646 stat
602 1615 807 1652 ministrans,
832 1613 954 1643 soleas-

251 1678 315 1708 que
339 1677 421 1708 quas
449 1667 603 1696 dominus
627 1665 849 1696 accubiturus
874 1673 954 1694 exu-

251 1723 338 1756 erat,
367 1723 491 1748 servat.
538 1717 655 1757 Epigr.
685 1719 738 1747 23.
770 1715 827 1746 lib.
858 1717 888 1745 3.
917 1719 953 1746 et

253 1769 369 1810 Epigr.
383 1772 436 1799 40.
452 1768 509 1798 lib.
522 1771 553 1798 3.
573 1777 659 1797 vers.
676 1770 706 1797 3.

296 1824 314 1851 3
341 1820 405 1856 Qui
420 1820 512 1857 solus,
525 1819 594 1858 850]
630 1818 697 1850 Qui
715 1817 854 1858 pauperi
872 1817 954 1848 Cot·

254 1876 297 1902 tae
313 1871 431 1901 unicus
446 1874 499 1901 est
516 1879 630 1899 servus
643 1874 679 1899 et
696 1873 842 1908 prototo
855 1867 956 1899 comi·

254 1927 326 1952 tatu
342 1925 416 1951 est:
441 1920 484 1950 all
500 1921 604 1951 isone.
653 1919 742 1950 Facit
759 1917 896 1957 turbam]
914 1918 954 1948 In

255 1977 329 2003 toto
345 1971 511 2003 comitatu
528 1981 587 2001 suo
605 1970 687 2000 nihil
708 1969 811 2000 habet
828 1974 955 2009 praeter

255 2023 390 2054 unicum
407 2031 551 2053 servum.

297 2077 316 2104 5
342 2073 394 2104 Ne
412 2071 521 2110 facere
544 2074 657 2112 posset,
678 2070 748 2110 ‹ij-m]
772 2069 847 2100 Imo
870 2078 956 2110 prae-

255 2125 343 2156 texit
367 2126 452 2156 hane
476 2133 628 2155 caussam
653 2122 862 2153 excalceatae
887 2129 956 2151 suae

256 2176 392 2216 inopiae.

300 2227 407 2257 Epic..
425 2234 582 2256 Lxxxix.
608 2226 623 2254 1
643 2222 778 2263 Nasum]
804 2222 957 2253 Acumen

251 2278 336 2319 joci,
349 2276 567 2315 irrisionis,et
578 2275 783 2306 dicacitatis.
798 2274 956 2313 Epigr.4.

257 2329 316 2360 lib.
342 2331 372 2360 l.
400 2337 486 2358 vers.
511 2330 543 2358 6.
571 2332 607 2356 et
635 2325 753 2366 Epigr.
777 2327 830 2356 42.
856 2323 911 2354 lib.
930 2326 959 2354 1.

260 2389 347 2410 vers.
365 2381 416 2409 18.
432 2382 466 2408 et
482 2377 540 2408 lib.
559 2379 609 2407 13.
625 2376 745 2415 Epigr.
758 2377 788 2405 2.

309 2432 329 2460 2
354 2429 413 2460 Nil
437 2431 563 2468 pvwler,
587 2426 658 2466 ἔγω]
693 2426 760 2459 Qui
788 2425 961 2465 resupinet

261 2479 401 2510 aliorum
427 2488 553 2515 coenas,
580 2477 659 2507 dum
683 2476 832 2507 famelici
857 2480 960 2516 atque

260 2530 420 2572 pauperis
436 2529 563 2560 domini
580 2538 690 2564 nasus,
706 2529 824 2560 alienae
838 2528 960 2559 culinae

261 2582 378 2613 nidore
393 2581 552 2612 trahitur.

305 2632 412 2662 Eme.
427 2640 484 2663 xc.
501 2633 520 2662 2
532 2631 604 2662 Νοη
616 2640 706 2662 aures
719 2629 789 2668 tibi,
799 2629 867 2670 Em]
883 2629 961 2660 Non

262 2680 400 2712 adhibes
423 2680 534 2712 focale
558 2680 603 2711 ad
630 2680 828 2711 muniendas
853 2689 961 2718 aures,

263 2731 321 2762 sed
352 2731 394 2761 ad
427 2730 609 2772 tegendum
638 2731 822 2762 calvitium.
876 2730 961 2761 Vide

709 147 849 177 &01¹AE
886 145 1148 176 VARIORUM
1186 145 1235 175 IN

993 240 1114 281 Epigr.
1129 241 1221 272 41-1.
1237 242 1268 271 4.
1289 243 1324 271 et
1341 239 1460 280 Epigr.
1476 241 1551 270 142.
1566 239 1626 270 lib.
1644 242 1695 272 14.

1037 292 1142 323 Epm.
1158 300 1230 322 xci.
1274 289 1407 330 Lepide
1424 294 1460 321 et
1482 289 1607 321 acerbe
1624 294 1696 321 tan-

994 343 1045 382 git
1062 343 1241 373 Maronem
1266 340 1461 373 testamenti
1483 346 1697 382 captatorem

994 393 1190 434 deceptum.

1038 448 1054 476 1
1079 445 1142 476 Sed
1164 444 1260 484 clare]
1299 443 1355 475 Ita
1378 447 1416 475 ut
1443 443 1560 474 audiat
1583 452 1702 483 senex,

994 506 1093 537 quem
1111 500 1231 536 captat
1253 495 1365 526 Maro.
1411 494 1468 526 Sic
1487 494 1624 525 Persius
1640 495 1700 525 Sa-

996 552 1072 588 tyra.
1097 549 1128 578 2.
1155 556 1241 578 vers.
1273 548 1303 576 8.
1328 545 1473 576 ‘Votum
1497 545 1594 575 Maro
1619 543 1701 574 fecit

996 596 1127 628 amico.‘
1182 592 1357 627 De‘more
1388 595 1485 636 hujus
1511 594 1594 636 voti,
1623 594 1700 625 vide

994 647 1066 678 Sat.
1093 650 1144 678 12.
1162 647 1243 679 Juv.
1262 656 1351 677 vers.
1365 648 1419 677 98.
1464 645 1540 676 Hac
1557 654 1702 676 consue-

997 698 1114 729 tudine
1136 698 1186 728 usi
1209 696 1431 737 peculiariter
1447 696 1538 728 Galli
1555 706 1563 734 ;
1588 701 1626 727 ut
1641 695 1702 727 ob—

996 753 1112 779 servat
1137 748 1253 779 Caesar
1289 747 1312 779 l.
1347 746 1390 778 de
1420 747 1509 778 Bell.
1537 746 1627 778 Gall.
1652 755 1703 776 vr.

1001 798 1093 830 Quin
1123 802 1159 829 et
1197 802 1296 829 erant
1325 797 1383 839 qui
1414 807 1450 828 se
1477 797 1567 837 ipsos
1601 796 1701 827 morti

997 847 1174 889 offerrent,
1202 853 1262 881 ant
1285 849 1374 879 inter
1395 858 1431 880 se
1453 848 1705 888 depugnarent,

996 901 1075 942 quia
1091 905 1237 932 mortem
1260 905 1369 931 morte
1390 899 1513 931 redimi
1529 899 1701 930 existima-

997 951 1092 983 bant.
1147 951 1309 982 Ceterum
1325 960 1360 981 se
1376 950 1466 991 ipsos
1483 950 1586 981 etiam
1603 959 1702 982 vove-

998 1000 1094 1040 bant,
1116 1000 1299 1042 aliquando
1312 1000 1413 1031 iidem
1429 1000 1506 1040 ipsi,
1523 999 1580 1041 qui
1597 1010 1702 1038 aegro-

998 1051 1130 1089 tabant,
1142 1052 1274 1082 sodales
1290 1051 1496 1092 AEsculapio.
1525 1052 1613 1082 Tum
1628 1051 1703 1083 haec

998 1107 1079 1133 vota
1109 1102 1330 1143 signabantur
1351 1103 1384 1133 in
1418 1102 1523 1144 signis
1550 1103 1703 1134 Deorum

998 1153 1181 1193 aliqnando
1206 1153 1241 1183 in
1273 1153 1478 1193 porticibus,
1508 1158 1567 1185 aut
1597 1154 1704 1194 portis

999 1203 1220 1243 templorum:
1233 1204 1334 1234 Unde
1345 1204 1505 1245 ‘Siguare
1519 1205 1658 1243 votum‚'
1668 1211 1704 1236 et

998 1253 1172 1284 ‘incerare
1186 1263 1297 1293 genua
1307 1254 1562 1295 Deorum‚’quae
1573 1255 1704 1295 pridem

1000 1304 1129 1344 Magno
1145 1305 1305 1335 Turnebo
1323 1305 1499 1345 explicata
1521 1305 1555 1336 in
1571 1305 1704 1337 Adver-

1001 1355 1110 1386 sariis.
1136 1355 1305 1386 Heralclus.

1044 1409 1063 1437 2
1088 1405 1324 1445 Hemitritoeus]
1346 1405 1600 1437 Semitertiana.

1046 1459 1064 1487 3
1089 1456 1127 1487 Si
1141 1455 1363 1497 Stygias‚.³.3·c.]
1386 1456 1421 1487 Si
1438 1457 1706 1488 convalesceret.

1048 1511 1069 1538 6
1093 1507 1143 1537 Ne
1158 1511 1261 1538 votum
1279 1507 1388 1547 solvat,
1402 1507 1472 1547 ἔξω]
1509 1507 1607 1538 Prius
1625 1509 1634 1524 ‘
1649 1518 1705 1538 vo-

1004 1557 1086 1589 tum’
1101 1557 1232 1589 fecerat
1247 1568 1255 1596 ;
1271 1567 1331 1598 pro
1345 1567 1410 1598 quo
1426 1558 1532 1588 haeres
1544 1558 1706 1598 scriptuS‚

1004 1618 1046 1639 ne
1062 1608 1322 1639 convalescente
1344 1608 1447 1639 Cotta
1470 1607 1707 1640 haereditatem

1004 1671 1082 1691 cuni
1119 1660 1259 1691 victima
1295 1660 1482 1698 amitteret,
1515 1660 1586 1700 jam
1624 1659 1709 1691 facit

1005 1713 1014 1729 ‘
1030 1711 1119 1742 vota’
1136 1712 1324 1752 multasque
1338 1711 1485 1751 spondet
1503 1710 1666 1742 victimas.

1048 1763 1155 1793 EPIG.
1185 1771 1290 1793 xcnr.
1335 1762 1450 1802 Fingit
1469 1771 1504 1792 se
1523 1761 1708 1801 interroga-

1005 1818 1076 1845 tum
1093 1824 1113 1843 a
1129 1813 1264 1852 Prisco,
1280 1813 1387 1854 qualis
1404 1812 1538 1844 futurus
1553 1812 1669 1851 fuerit,
1682 1812 1708 1842 si

1005 1864 1063 1894 Dii
1088 1862 1298 1894 fortunatum
1316 1869 1351 1894 et
1369 1863 1508 1894 beatum
1535 1862 1710 1894 fecissent.

1006 1914 1203 1955 Respondet
1219 1914 1252 1945 id
1269 1914 1405 1955 quidem
1422 1919 1518 1945 certo
1541 1915 1708 1945 neminem

1006 1965 1211 2006 providere:
1236 1966 1263 1996 si
1292 1970 1407 1996 tamen
1436 1965 1520 1996 licet
1546 1974 1588 1995 ex
1615 1965 1709 1995 vobis

1007 2015 1169 2046 divitibus
1186 2016 1395 2055 conjectare,
1421 2015 1473 2046 leo
1495 2025 1614 2054 essem,
1631 2016 1710 2056 quia

1007 2076 1064 2097 vos
1081 2067 1165 2097 tales
1181 2067 1261 2097 estis
1277 2076 1285 2104 ;
1309 2070 1430 2097 tenues
1444 2065 1532 2096 enim
1546 2067 1709 2106 opprimi-

1008 2116 1051 2147 tis
1069 2121 1105 2148 et
1120 2116 1288 2147 devoratis
1303 2128 1310 2147 z
1336 2122 1455 2158 argute
1471 2122 1506 2148 et
1521 2118 1620 2147 salse.
1647 2117 1711 2147 Ra-

1007 2169 1110 2199 derus.
1156 2168 1268 2199 Multa
1296 2167 1388 2206 vitia,
1417 2177 1493 2209 quae
1518 2167 1658 2198 coercet
1674 2173 1710 2198 et

1008 2218 1193 2259 supprimit
1218 2219 1329 2250 tenuis
1352 2218 1502 2256 fortuna,
1526 2219 1649 2257 ampla,
1676 2224 1711 2250 et.

1007 2270 1159 2301 sublimis
1185 2269 1434 2301 manifestabit:
1472 2269 1711 2310 ‘magistratus

1009 2321 1175 2352 indicabit
1194 2321 1325 2352 virum!

1055 2373 1161 2404 Epic.
1191 2382 1289 2404 xcn'.
1338 2376 1352 2404 l
1381 2373 1450 2407 Qua
1468 2371 1712 2411 moechnmssscff

1011 2423 1138 2455 Eadem
1156 2424 1280 2454 techna
1296 2423 1403 2453 osculi
1419 2422 1510 2463 apud
1525 2421 1711 2453 Aristaene-

1012 2479 1092 2505 tum-
1111 2474 1221 2514 Epist.
1237 2476 1269 2505 3.
1287 2474 1372 2504 libro
1390 2476 1419 2504 l.

1054 2528 1072 2555 7
1099 2525 1234 2564 Quanto,
1245 2523 1315 2564 eya]
1331 2524 1398 2556 Qui
1412 2524 1472 2553 lioc
1484 2532 1550 2553 non
1563 2521 1710 2552 animad-

1011 2576 1136 2614 vertit3
1160 2575 1226 2614 vel,
1253 2576 1279 2605 si
1299 2574 1563 2612 animadvertat,
1581 2573 1637 2614 qui
1656 2582 1712 2613 pa-

1012 2626 1108 2657 titur.

1056 2677 1161 2708 Eme.
1194 2685 1275 2707 xcv.
1313 2676 1352 2707 In
1377 2674 1533 2707 aemulum
1553 2674 1713 2711 Tuccam,

1012 2727 1122 2759 omnia
1139 2726 1259 2759 Poetae
1274 2727 1386 2758 studia
1397 2726 1600 2763 imitantem,
1613 2734 1710 2765 quem
