1866 3131
255 155 369 196 1168
724 163 752 191 N
761 161 866 191 OTAE

253 262 317 292 lioc
328 260 407 292 milii
423 259 570 297 videtur,
583 257 638 289 ubi
651 257 834 298 apponitur
847 266 954 294 coena,

254 312 336 343 nihil
367 310 596 344 distribuitur,
619 308 678 339 ubi
706 307 862 348 ungimur
883 313 955 338 tan-

254 368 325 394 tum
349 362 443 392 velut
465 359 602 399 mortui,
628 368 771 400 quorum
787 358 955 389 cadavera

254 424 383 456 ungere
409 410 618 454 condireque
635 422 705 443 mos
720 415 807 442 erat.
853 409 956 441 Ludit

255 475 335 496 sane
352 464 471 496 eodem
489 464 587 494 modo
608 463 788 499 Lucienus,
804 461 891 492 libro
914 460 956 491 de

253 514 503 547 Merceuariis:
529 513 585 545 ubi
604 515 651 544 ait
670 513 810 544 miseros
826 513 957 542 littera-

254 572 359 607 tores,
378 570 437 597 aut
453 565 536 596 alios
554 563 588 594 id
612 573 728 604 genus,
753 562 810 603 qui
825 571 958 601 magna-

255 622 326 649 tum
355 625 487 648 mensas
506 614 678 653 colebant,
700 623 775 644 cum
808 613 880 643 aliis
906 621 958 642 ac·

254 668 415 700 cumbere
445 667 576 705 solitos,
604 670 782 695 coronatos
813 671 892 693 sane
924 669 958 692 et

253 723 430 759 unguento
454 717 648 753 delibutos;
673 715 733 746 sed
751 715 873 754 sat-pius
889 723 959 743 ma-

255 770 290 800 la
311 769 400 800 fame
426 772 461 799 et
489 768 545 798 siti
571 766 737 807 perditos,
772 774 847 795 cum
876 764 957 794 nihil

253 821 293 852 iis
307 819 571 851 ministraretur.
616 818 732 848 Quare
749 819 959 846 mortuorum

256 871 421 903 columnis
439 879 495 900 eos
508 878 574 899 non
587 877 661 898 esse
679 865 863 904 absimiles,
875 875 958 906 quas

254 923 289 954 in
303 919 538 963 parentalibus
550 921 725 958 unguento
739 916 875 957 quidem
887 925 961 956 per-

254 972 452 1009 funderent,
469 975 506 1001 et
529 969 662 1000 coronis
685 971 869 1005 ornarent3
892 966 960 1007 ipsi

255 1029 370 1056 autem
396 1022 553 1063 dapibus,
586 1030 660 1062 quae
687 1019 784 1050 simul
812 1028 961 1059 appone-

254 1075 390 1109 bantur,
404 1082 476 1104 sese
494 1071 718 1103 oblectarent.
755 1069 890 1100 Herald.

298 1125 405 1155 Eric.
422 1132 504 1154 xm.
529 1123 567 1153 1η
586 1120 746 1160 Nem-iam]
772 1120 858 1150 Erat
872 1119 960 1150 Poe-

256 1181 292 1208 ta
307 1176 473 1206 invitatus
503 1185 522 1205 a
537 1173 679 1211 Naevia3
704 1171 842 1212 dapsilis
865 1179 962 1202 coena

258 1226 418 1267 apposita
444 1230 538 1262 erat3
577 1223 637 1254 sed
657 1227 697 1254 ut
720 1222 832 1253 omnia
849 1231 961 1252 serva-

257 1282 387 1316 rentur,
416 1276 539 1308 Naevia
572 1273 723 1311 dicebat,
746 1272 858 1304 omnia
885 1281 960 1303 esse

257 1327 375 1358 cruda.
410 1325 521 1356 Poeta
536 1334 572 1355 se
596 1324 660 1354 hoc
678 1329 781 1364 pacto
804 1322 962 1363 jejunum

256 1379 329 1409 fore
346 1378 442 1413 dicit,
463 1382 498 1407 et
512 1385 682 1416 nunquam
705 1374 861 1413 crudum,
876 1373 903 1404 si
920 1373 962 1404 de

258 1429 343 1460 cibis
361 1428 442 1458 nibil
456 1427 618 1466 attingat.
642 1425 726 1455 Rad.

302 1482 318 1510 1
355 1477 506 1518 Carpere]
566 1477 710 1507 Scissum
755 1473 963 1505 distribuere

259 1530 423 1561 convivis.

302 1584 320 1612 3
355 1580 544 1620 Rumpisqne
569 1577 709 1618 coquum]
756 1576 892 1614 Caedis;
928 1580 964 1606 et

259 1633 380 1664 alludit
405 1631 446 1662 ad
476 1634 485 1647 ⁴
503 1629 639 1670 carpis.'
693 1629 864 1668 Tanquam,
890 1627 961 1668 ξω]

258 1685 409 1716 Causata
429 1681 646 1712 obsoniorum
677 1678 897 1716 cruditatem,
923 1682 962 1709 ut

257 1738 439 1765 serventur
453 1731 494 1762 ad
506 1732 588 1762 alias
600 1741 713 1762 coeuas
727 1729 959 1770 explicandas.

302 1786 322 1814 4
348 1784 525 1822 Nunquam,
540 1780 608 1821 ira]
635 1781 671 1812 Si
688 1781 787 1811 modo
805 1780 885 1810 nihil
899 1780 962 1811 esi-

261 1839 394 1871 tavcro,
421 1841 588 1872 nunquam
608 1841 650 1861 ex
676 1831 891 1861 obsoniorum
909 1840 963 1861 co-

259 1884 317 1924 pia
343 1882 468 1912 crudus
489 1882 554 1912 erit
581 1881 660 1911 mihi
676 1881 891 1911 stomachus:
927 1885 964 1910 ct

258 1934 347 1964 ludit
363 1933 396 1963 in
413 1932 636 1963 translatione
660 1931 717 1961 τοῦ
736 1931 834 1962 crudi.
881 1931 964 1962 Cru-

260 1984 351 2016 ditas
381 1983 472 2014 enim
503 1992 544 2013 ex
571 1982 747 2022 epularum
776 1982 888 2021 copia,
910 1981 964 2012 vel

258 2034 363 2065 nimio
394 2033 470 2064 cibo
500 2033 621 2072 oritur,
648 2041 746 2073 quem
773 2031 965 2062 stomachus

259 2095 327 2117 non
343 2084 515 2115 concoxit.

304 2137 410 2167 Eme.
430 2144 507 2166 mv.
546 2137 563 2165 1
590 2134 734 2173 Romam,
764 2133 832 2173 ἐγὼ]
876 2133 964 2164 Tuc-

263 2186 352 2217 cium
382 2185 469 2216 ridet
500 2191 534 2216 et
562 2185 761 2225 sportulam.
820 2184 965 2215 Tuccius

262 2238 351 2268 enim
369 2237 496 2268 ventris
523 2242 559 2268 et
575 2237 738 2277 sportulae
763 2245 880 2267 caussa
895 2235 964 2265 lou-

263 2289 427 2329 ginquum
450 2288 515 2318 iter
545 2292 758 2328 susceperat,
783 2287 965 2327 Romaeque

256 2340 331 2380 jam
347 2339 534 2379 proximus,
549 2338 589 2369 ad
601 2342 741 2379 pontem
756 2346 862 2377 usque
878 2336 966 2367 Mul-

262 2390 352 2420 vium
370 2394 584 2421 accesserat:
618 2390 652 2419 in
676 2398 742 2430 quo
756 2397 856 2430 quum
873 2386 967 2418 audi-

264 2446 319 2472 ret
349 2441 513 2481 sportulae
549 2441 767 2478 tenuitatem,
794 2438 897 2470 rediit
923 2438 965 2469 ab

262 2492 340 2533 ipso
357 2497 462 2532 ponte
475 2492 507 2522 in
525 2491 738 2531 Hispaniam.
764 2490 848 2520 Rad.

307 2546 326 2573 2
350 2542 518 2581 Profectus
539 2552 579 2572 ex
602 2539 778 2582 Hispania]
813 2540 968 2580 Cogente

265 2592 354 2623 fame
370 2598 406 2624 et
422 2598 638 2634 paupertate.

310 2646 328 2673 3
357 2644 516 2682 Occurrit,
537 2643 606 2683 Sym]
644 2642 810 2683 Exposita
839 2645 890 2672 est
920 2640 968 2671 illi

267 2693 416 2723 tenuitas
439 2694 614 2734 sportulae,
640 2694 831 2734 miseraque
859 2690 968 2723 officia

268 2744 343 2783 ejus
360 2744 562 2775 emesenum.

320 2798 330 2825 l
358 2795 456 2826 Ponte
484 2796 575 2826 rediit
605 2795 742 2834 Mulvio]
782 2795 847 2826 Qui
877 2795 968 2825 milli·r

900 159 1121 192 VARIORU
1133 161 1164 190 M
1203 160 1251 190 IN

1006 266 1123 296 passus
1140 255 1182 287 ab
1199 255 1284 286 urbe
1302 254 1429 293 distat;
1464 255 1497 285 in
1522 254 1576 285 via
1592 254 1716 286 Flami·

1007 307 1073 338 nia.

1049 359 1155 388 Epm.
1173 365 1237 388 xv.
1276 359 1292 387 1
1315 357 1389 387 Plus
1409 355 1508 386 credit
1522 364 1621 394 nemo,
1644 354 1714 395 asa]

1007 408 1154 439 Codrum
1181 417 1311 438 caecum
1338 406 1472 444 irridet,
1496 405 1554 447 qui
1582 406 1718 436 amabat

1008 460 1167 500 puellam,
1207 468 1307 499 quam
1344 457 1500 488 audierat
1534 455 1716 487 formosam

1008 519 1094 541 esse.
1120 509 1225 540 Ludit
1242 510 1275 539 in
1289 508 1447 547 ambigua
1462 506 1716 547 significatione

1007 561 1064 590 τοῦ
1079 563 1086 576 ‘
1104 559 1244 591 credit.’
1291 569 1368 590 nam
1385 564 1421 590 et
1445 558 1629 597 significat,
1646 568 1717 588 mu-

1010 616 1069 641 tuo
1085 610 1167 641 dare
1190 610 1384 650 pecuniam,
1397 613 1433 640 et
1456 608 1559 639 fidem
1575 607 1716 639 babere:

1010 662 1104 702 quasi
1127 661 1234 700 dicat,
1261 662 1382 691 mirum
1411 663 1463 690 est
1489 659 1638 690 Codrum
1659 667 1716 698 pe-

1010 713 1126 743 cunias
1157 713 1312 751 credere,
1349 711 1405 753 qui
1433 711 1506 750 ipse
1531 709 1717 740 miserrime

1011 772 1141 802 pauper
1166 763 1222 793 sit.
1250 771 1339 803 resp.
1361 761 1466 802 poeta
1492 769 1595 800 supra
1615 758 1718 790 fidem

1011 813 1162 844 Codrum
1178 813 1321 844 credere
1337 824 1345 842 :
1381 811 1494 843 credit
1521 810 1609 841 enim
1627 810 1719 840 illam

1010 872 1084 894 esse
1098 867 1226 894 castam
1238 863 1292 894 vel
1304 861 1484 893 formosam
1494 861 1590 900 cujus
1605 869 1719 890 amore

1011 924 1122 945 caecus
1149 918 1215 954 est,
1240 913 1346 955 idque
1373 916 1494 944 contra
1509 910 1636 942 famam
1664 919 1722 950 po-

1011 965 1094 1006 puli.

1054 1016 1251 1046 EP1G.XV1.
1280 1017 1297 1045 1
1323 1015 1393 1045 Das
1414 1011 1624 1053 gladiatores]
1648 1012 1720 1043 No-

1011 1073 1105 1100 tatur
1120 1069 1176 1100 hic
1192 1068 1336 1099 hominis
1349 1065 1538 1098 νεοπλούτου
1552 1064 1720 1105 ἀλαζονεία

1011 1124 1046 1150 et
1061 1120 1178 1150 insana
1195 1119 1393 1159 arrogantia
1409 1128 1417 1156 3
1449 1118 1507 1158 qui
1524 1127 1600 1148 cum
1617 1121 1721 1147 antea

1010 1171 1113 1201 miser
1140 1176 1238 1202 sutor
1264 1175 1371 1207 esset,
1398 1168 1515 1199 nescio
1541 1178 1608 1209 quo
1639 1177 1722 1198 casu

1011 1222 1140 1261 amplas
1169 1221 1307 1252 divitias
1330 1220 1488 1260 adeptus,
1512 1229 1552 1250 eo
1578 1219 1720 1249 insaniae

1011 1271 1214 1312 devenerat,
1239 1276 1278 1303 ut
1305 1271 1531 1311 gladiatorum
1566 1279 1721 1309 munera,

1012 1332 1087 1363 quae
1105 1322 1176 1352 sine
1196 1331 1318 1363 magno
1343 1327 1481 1362 sumptu
1506 1320 1562 1351 edi
1579 1330 1645 1351 non
1663 1330 1722 1360 po-

1012 1374 1282 1413 terant,populo
1307 1372 1419 1411 daret,
1444 1378 1547 1413 atque
1572 1373 1618 1403 ita
1638 1381 1721 1412 opes

1013 1433 1091 1454 suas
1108 1428 1315 1462 ostentaret,
1342 1423 1432 1464 quod
1454 1423 1584 1463 justam
1612 1422 1721 1462 indig-

1013 1475 1164 1506 nationis
1184 1485 1340 1506 caussam
1366 1474 1525 1506 Juvenali
1544 1475 1647 1505 etiam
1664 1476 1724 1505 tri-

1014 1525 1100 1556 buit.
1124 1526 1207 1557 Her.
1250 1525 1336 1566 Das]
1362 1525 1443 1556 Edis
1470 1535 1590 1555 munus
1614 1525 1722 1565 gladi-

1014 1576 1183 1613 atorium3
1218 1576 1309 1615 quod
1339 1575 1532 1616 principum
1559 1575 1725 1614 est‚divi-

1014 1633 1098 1666 tum,
1113 1627 1215 1668 idque
1226 1626 1261 1657 S.
1279 1626 1444 1657 Consulto
1460 1625 1600 1666 (Annai.
1612 1626 1722 1656 Tacit.

1013 1677 1076 1719 4.),
1093 1683 1129 1709 et
1142 1683 1377 1718 spectatarum
1390 1685 1624 1716 personarum.
1669 1676 1726 1707 In-

1014 1730 1177 1771 dignatur
1200 1735 1312 1760 autem
1331 1729 1441 1760 Poeta
1461 1729 1524 1759 boc
1542 1728 1722 1759 vilissimos

1012 1780 1164 1811 homines
1181 1781 1273 1811 dare.
1319 1779 1466 1810 Satorum
1489 1780 1596 1818 regule
1619 1778 1724 1819 cerdo]

1013 1832 1175 1861 Sutorum
1200 1831 1324 1870 Alphe,
1340 1831 1512 1871 princeps.
1560 1829 1723 1869 Anglice:

1014 1880 1100 1918 chief
1109 1890 1144 1910 or
1156 1881 1282 1910 Master
1296 1880 1333 1916 of
1343 1880 1398 1920 thy
1415 1881 1585 1921 Company.
1624 1880 1724 1911 Anti-

1016 1932 1218 1972 phrastich,
1246 1930 1344 1972 quasi
1369 1940 1388 1961 e
1415 1940 1540 1971 genere
1569 1934 1723 1961 sutorum

1018 1981 1259 2022 abjectissime.

1059 2035 1079 2063 2
1102 2031 1234 2072 Subula]
1260 2031 1432 2063 Sutorium
1457 2031 1721 2064 instrumentum

1017 2088 1053 2114 et
1070 2082 1230 2114 officium.
1277 2084 1352 2114 Sica
1377 2082 1480 2123 rapit]
1513 2083 1722 2114 Gladiatoris

1019 2136 1152 2177 gladius
1169 2135 1303 2174 brevis3
1327 2135 1361 2165 id
1378 2140 1442 2174 est,
1459 2144 1578 2165 munus
1595 2134 1722 2174 gladia-

1018 2187 1153 2219 torium.

1060 2240 1079 2268 4
1106 2237 1199 2268 Corio
1216 2237 1333 2274 ludere,
1349 2235 1418 2276 &ej
1442 2237 1537 2266 Dare
1555 2236 1723 2276 gladiato-

1018 2297 1072 2318 res
1088 2297 1130 2318 ex
1144 2292 1200 2318 tna
1214 2297 1262 2318 re.
1287 2286 1418 2317 Allndit
1434 2286 1476 2317 ad
1494 2286 1724 2326 proverbium,

1018 2339 1100 2370 ‘De
1130 2339 1240 2369 alieno
1270 2338 1362 2369 corio
1385 2336 1559 2368 liberalis!
1614 2337 1721 2368 Simul

1018 2390 1105 2421 ludit
1121 2390 1155 2420 in
1172 2389 1326 2420 terminis
1343 2388 1492 2428 sutoriis,
1504 2387 1723 2427 ‘subula,co·

1018 2441 1114 2478 rium,
1132 2440 1315 2480 pellicula!

1060 2494 1081 2522 6
1107 2491 1145 2521 In
1159 2490 1313 2530 pellicula,
1327 2489 1395 2530 dja]
1421 2490 1518 2520 Intra
1534 2487 1673 2520 artificii
1687 2492 1723 2519 et

1018 2539 1221 2575 conditionis
1249 2545 1316 2571 tuae
1349 2540 1524 2571 terminos.
1570 2538 1724 2578 Respicit

1018 2591 1211 2632 Apologum
1241 2589 1283 2620 de
1317 2591 1408 2621 asino
1440 2590 1605 2628 Cumano,
1633 2588 1721 2628 pelle

1018 2641 1123 2673 leonis
1140 2639 1271 2671 induto.

1062 2693 1168 2723 Eme.
1197 2700 1292 2721 xvii.
1349 2691 1386 2721 In
1415 2688 1595 2727 Subc'dimn]
1636 2687 1722 2718 Nar-

1020 2742 1211 2774 ratiuncula
1253 2740 1400 2781 quadam
1432 2739 1549 2770 faceta
1589 2738 1721 2768 Sabidii

1021 2793 1197 2833 cujusdam
1226 2793 1291 2823 oris
1320 2791 1509 2822 flmliiatmu
1539 2794 1648 2828 notat,
1668 2790 1719 2819 rui
