1866 3131
384 181 431 210 M.
467 181 576 211 VAL.
610 179 888 210 MARTlALlS
925 179 1082 210 Epicu.
1117 181 1210 210 Liss.
1245 181 1308 210 Vl.

130 276 209 306 Nat.
241 276 455 315 Animalinin‚
481 286 556 316 cap.
583 278 633 307 13.
651 275 774 315 Papin.
792 277 823 305 2.

126 327 215 366 Sylv.
255 326 476 367 ‘Phariaeqne
505 326 661 366 exempla
697 324 824 355 volucri

127 376 313 407 Ciminum!
335 376 422 407 Vide
437 376 583 407 Turneb.
600 375 744 406 Advers.
766 375 824 406 lib.

128 428 181 456 26.
197 436 273 465 cap.
292 429 343 457 27.

171 480 188 505 5
215 477 314 514 Malo,
333 477 402 517 dyc-,J
432 476 519 506 Vide
537 476 742 516 Epigramm.
774 478 823 506 12.

130 527 189 556 lib.
208 531 238 557 2.

170 577 273 606 Eric.
291 586 377 607 ωἰι.
390 576 551 607 Phoebum
571 586 688 607 canum
707 582 741 607 et
758 576 824 606 cal-

133 636 220 658 vum.
235 626 374 657 tictitios
390 627 451 657 sibi
465 627 607 668 capillos
624 637 821 668 comparan-

130 683 197 707 tem
215 676 343 708 irridet.
369 678 434 710 Qui
447 678 524 708 olim
539 678 626 708 enim
643 682 715 709 toto
728 682 824 709 erant

131 727 246 766 capite
273 727 372 765 calvi,
397 727 460 758 sibi
477 727 633 759 solebant
650 733 823 768 unguento

129 777 258 818 perfusi
276 779 369 810 velut
386 780 441 810 fila
457 780 655 819 capillorum
674 780 809 811 imitari.

173 832 185 859 l
213 829 363 860 Mentiris
380 829 477 871 fictos
504 830 675 870 ung-uento]
714 832 825 863 Calvi-

129 879 208 910 tien·
226 879 436 911 dissimulare
460 881 509 911 vis
524 888 696 920 unguento
713 882 824 922 perfu-

129 940 196 963 snS.
225 930 314 969 quod
342 931 398 961 fila
427 932 627 971 capillorum
663 933 826 965 imitetur.

130 981 214 1010 vide
227 981 374 1013 Turneb.
395 982 535 1014 Advers.
550 983 605 1014 lib.
617 986 670 1015 25.
682 993 755 1024 cap.
771 987 825 1016 27.

130 1035 164 1061 et
179 1031 296 1070 Epigr.
315 1035 366 1062 74.
383 1031 480 1063 infra.

172 1084 190 1111 4
216 1081 367 1123 Spongia]
390 1083 474 1115 Quae
502 1084 611 1123 pictos
640 1087 751 1115 crines
768 1085 824 1116 ab·

129 1137 267 1171 stergat.

172 1184 275 1214 Eric.
290 1192 390 1215 Lvni.
418 1184 507 1216 Aulo
521 1187 683 1225 Pudenti,
699 1188 731 1217 in
748 1188 825 1218 Sar-

127 1234 253 1264 matico
270 1234 357 1265 bello
385 1244 564 1276 occupato,
582 1238 722 1277 exponit
740 1248 824 1268 mor-

129 1284 205 1314 bum
232 1294 339 1324 suum,
364 1295 430 1326 quo
447 1296 482 1316 se
502 1297 606 1328 prope
623 1288 671 1319 ait
697 1288 825 1318 extinc-

130 1339 198 1365 tum
214 1346 221 1366 :
246 1335 303 1366 sed
320 1346 407 1367 nunc
434 1339 657 1378 revalescere,
672 1349 823 1379 sperare-

130 1393 194 1423 que
210 1394 287 1415 mox
303 1385 466 1424 futurum,
484 1393 520 1418 ut
537 1390 648 1419 salvus
665 1390 737 1429 ipse
760 1391 824 1420 sal-

127 1443 203 1464 vum
220 1444 261 1465 ex
276 1436 394 1467 militia
411 1438 602 1469 venientem
619 1439 824 1477 Pudentem,

129 1489 165 1514 et
185 1486 406 1525 primipilatu‚
422 1488 485 1518 hoc
511 1494 574 1527 est,
593 1491 742 1531 equestri
768 1491 824 1521 ho-

129 1543 208 1564 nore
226 1533 399 1576 affectum,
414 1538 552 1569 salutet.
578 1540 660 1570 Rad.

176 1587 189 1615 l
230 1586 362 1616 Cernere
400 1588 599 1627 Parrhasios,
627 1591 693 1631 [you]
734 1592 825 1621 Dum

130 1640 165 1665 tu
180 1637 386 1667 centurionis
403 1639 575 1678 stipendia
588 1641 725 1670 mereris
737 1640 825 1680 apud

130 1687 238 1717 Getas
256 1687 287 1717 in
313 1688 487 1727 Sarmatis,
513 1700 588 1730 qnae
612 1691 653 1722 ad
683 1692 826 1731 Septen-

132 1737 287 1768 trionem.
335 1739 388 1769 De
422 1740 610 1771 Parrhasiis
638 1742 721 1772 ursis
750 1742 826 1772 vide

131 1796 205 1826 quae
236 1788 276 1818 ad
307 1789 422 1829 Epigr.
450 1793 500 1820 ll.
519 1791 576 1822 lib.
590 1794 621 1822 4.
639 1802 726 1822 vers.
743 1795 772 1823 3.
793 1798 827 1822 et

132 1837 249 1877 Epigr.
266 1842 318 1869 25.
333 1849 434 1879 supra
446 1850 531 1872 vers,
545 1845 576 1872 2.

172 1890 192 1917 2
216 1890 325 1919 Sidera
352 1891 460 1931 pigra]
495 1892 597 1923 Ursas
628 1894 723 1924 tarde
756 1903 824 1923 mo-

131 1945 262 1977 ventes,
280 1941 355 1980 quia
373 1942 449 1981 polo
464 1943 602 1973 vicinas.

172 1992 190 2020 3
225 1991 253 2021 Ο
281 2001 370 2031 quam
399 2003 487 2032 poene
515 1994 585 2031 tihi,
613 1995 684 2035 δῖα]
716 1996 824 2027 Quam

95 2076 101 2084 .
132 2051 230 2081 paene
246 2048 398 2073 mortuus
422 2054 494 2074 suin
511 2055 518 2074 ε
543 2045 592 2075 sic
611 2045 730 2077 Horat.
748 2045 825 2076 Ode

131 2095 182 2123 13.
197 2092 254 2124 lib.
271 2096 303 2123 2.
336 2094 345 2110 ‘
362 2094 471 2126 Quam
489 2105 585 2135 paene
598 2095 704 2127 furvae
723 2105 828 2136 regna

130 2143 374 2184 Proserpinae‚'
390 2150 451 2175 &c-

173 2196 192 2223 5
230 2194 378 2229 Quamvis
407 2197 500 2234 tussa,
527 2196 593 2236 &ej
630 2196 729 2227 Oculi
760 2198 824 2227 inei

132 2244 228 2283 quasi
244 2244 277 2274 in
291 2251 399 2275 morte
413 2255 531 2286 graves
548 2253 582 2277 et
596 2252 754 2278 natantes
770 2246 828 2277 de-

130 2292 327 2325 siderabant
342 2300 434 2325 tuum
451 2302 684 2336 conspectum.

174 2347 192 2374 7
211 2345 249 2375 Si
263 2345 339 2375 mz'ln'
354 2346 496 2386 lanificoe,
508 2348 576 2387 ἔξω]
593 2348 627 2378 Si
647 2348 766 2378 Parcae
780 2348 827 2378 vi-

132 2401 201 2425 tam
230 2396 308 2426 mihi
336 2396 580 2429 diuturniorem
612 2398 826 2430 indulserint.

132 2445 220 2476 Vide
232 2453 346 2477 notam
364 2447 405 2476 ad
424 2448 538 2488 Epigr.
553 2451 605 2478 73.
622 2448 680 2480 lib.
697 2452 727 2480 4.

175 2499 195 2526 8
220 2497 287 2527 Nec
302 2498 421 2534 surdos,
434 2498 501 2538 &exj
525 2497 728 2530 Audientes.

178 2549 216 2576 10
242 2546 368 2584 Referes
382 2547 451 2587 pili,
469 2548 538 2588 esa]
561 2548 700 2579 Redibis
716 2548 828 2588 primi-

134 2596 194 2636 pili
210 2606 268 2627 seu
294 2596 391 2636 primi
416 2598 624 2629 centurionis
647 2598 774 2630 honore
795 2603 829 2629 et

133 2647 340 2676 ornamentis
356 2648 567 2687 equestribus
581 2655 731 2680 ornatus.

174 2697 280 2728 EPiG.
296 2706 368 2728 Lxx.
395 2698 442 2729 Ut
469 2699 584 2731 Zoilus
608 2700 761 2731 morbum
786 2701 828 2730 si-

134 2747 297 2786 mulabat,
332 2759 397 2788 quo
427 2754 615 2780 ostentaret
645 2751 827 2789 stragulam

223 2801 331 2840 Delpli.
348 2806 376 2831 et
395 2803 466 2832 Virr-
480 2804 561 2834 Clu-3.

781 2805 929 2836 Murtinl.

1460 171 1574 213 1265

876 278 1017 312 vestem,
1029 279 1064 304 ut
1076 275 1192 305 videre
1205 275 1338 314 est,lib.
1351 278 1381 307 2.
1398 276 1572 317 Epigram.

877 327 926 355 16.
942 324 990 354 ita
1007 325 1159 356 Baccara
1174 327 1236 357 iste
1253 327 1407 367 hyemem
1420 329 1574 368 optabat,

875 384 939 414 qua
955 373 1086 405 ferendi
1105 376 1305 415 gamapinas
1322 383 1413 408 esset
1428 379 1573 409 occasio.

875 425 983 455 Poeta
1009 425 1213 464 indignatur,
1237 431 1271 456 et
1293 437 1359 458 non
1384 427 1498 459 haberi
1523 430 1573 459 sui

874 475 1040 507 rationem
1062 487 1081 506 a
1105 477 1270 517 Baccara,
1293 478 1350 518 qui
1372 477 1500 517 frigora
1515 479 1574 509 de-

873 523 1014 556 fendere
1032 525 1146 556 multis
1168 527 1362 566 gausapinis
1388 528 1514 568 possit3
1541 530 1573 559 iu

873 576 1016 615 gratiam
1034 576 1224 607 tenuiorum
1250 578 1363 617 potius
1387 578 1574 619 optandam

874 635 946 657 esse
964 631 1119 657 aestatem
1136 637 1145 665 ;
1170 628 1223 657 vel
1240 633 1333 658 certo
1350 629 1468 660 mediis
1486 631 1574 661 calo-

874 677 964 707 ribus
980 677 1161 708 sumendas
1177 678 1392 718 gausapinas.

918 731 934 758 l
962 729 1005 759 Et
1019 729 1112 768 dolet,
1128 732 1157 759 et
1177 729 1330 768 queritur,
1352 728 1418 769 [yffi]
1440 730 1493 760 De
1518 741 1575 771 pc—

875 779 963 809 nulls
986 779 1047 809 viri
1072 779 1164 810 docti
1191 780 1483 819 interpretantur:
1510 791 1573 811 non

875 834 987 859 tamen
1006 829 1122 860 obstat
1136 829 1216 870 quin
1232 834 1268 860 et
1289 829 1436 860 lacernae
1457 839 1576 870 gausa-

875 880 963 921 pinae
980 879 1117 912 fuerint.
1135 883 1164 911 l.
1189 881 1267 921 quia
1284 886 1388 911 aetate
1407 880 1576 911 Martiali»-

876 930 1024 961 nondum
1040 931 1173 970 penulae
1190 931 1221 961 in
1239 931 1428 970 promiscuo
1444 940 1506 961 usu
1525 941 1576 961 nr-

877 980 964 1011 bano
991 980 1109 1020 fuere3
1141 981 1200 1012 sed
1234 986 1364 1012 tantum
1393 981 1426 1011 in
1454 981 1576 1012 itinere

875 1036 1043 1070 sumptae:
1068 1036 1104 1062 et
1130 1032 1326 1072 gausapina²
1348 1032 1483 1072 quidem
1500 1042 1575 1063 cuni

876 1082 995 1112 sudum
1023 1088 1109 1121 crat,
1135 1088 1279 1114 scorteae
1309 1083 1433 1123 pluviae
1465 1093 1576 1126 causa.

876 1131 1053 1162 Praeterea
1081 1134 1198 1174 jocose
1227 1134 1381 1174 queritur
1410 1134 1579 1165 Martialis

876 1185 1032 1215 lacernas
1047 1194 1124 1215 suas
1144 1190 1265 1216 tenues
1287 1196 1326 1216 ac
1350 1186 1493 1217 detritas
1510 1187 1577 1218 vel-

877 1235 925 1265 uti
952 1244 1015 1275 per
1042 1235 1194 1276 injuriam
1212 1246 1232 1266 a
1248 1237 1393 1268 lacernis
1421 1238 1578 1278 gausapi-

876 1284 926 1315 nis
950 1285 1091 1325 expelli,
1116 1285 1270 1317 dicturus
1291 1286 1414 1327 alioqui
1436 1287 1578 1326 penulas

875 1344 952 1366 suas
969 1336 1062 1367 leves
1085 1347 1106 1367 a
1127 1338 1323 1378 gausapinis
1340 1338 1503 1369 Baecarae
1521 1348 1579 1379 pe-

876 1385 964 1416 nulis
980 1386 1130 1418 extrudi.
1174 1388 1274 1420 Quod
1292 1388 1527 1429 comperiebat
1547 1399 1578 1419 a·

876 1435 938 1466 lias
963 1436 1118 1467 lacernas
1137 1437 1294 1468 hibernas
1321 1436 1438 1477 fuisse,
1461 1449 1579 1478 gausa-

877 1486 972 1526 piuas
995 1495 1117 1527 nempe
1141 1488 1276 1518 villosas
1298 1492 1334 1520 et
1357 1488 1504 1520 hirsutas
1527 1498 1579 1519 ar·

876 1536 984 1567 cendo
1001 1536 1132 1577 frigori,
1146 1547 1221 1578 quae
1234 1543 1323 1578 togae
1336 1542 1372 1570 et
1389 1539 1514 1570 tunicae
1528 1538 1576 1569 in-

870 1588 1082 1628 jicerentur;
1106 1590 1189 1620 alias
1211 1591 1357 1622 leviores
1382 1595 1417 1622 et
1433 1590 1579 1628 aestivas,

877 1647 952 1677 quae
970 1638 1031 1668 soli
1049 1639 1172 1669 tunicae
1191 1640 1265 1670 loco
1283 1645 1439 1680 togarum
1461 1640 1580 1670 induc-

879 1694 932 1718 tae.
959 1689 1112 1719 Baccara
1127 1690 1230 1729 igitur
1243 1694 1280 1720 ut
1296 1691 1408 1730 plures
1423 1690 1578 1721 lacernas

878 1739 1093 1779 gausapinaS,
1116 1749 1256 1780 quarum
1283 1749 1349 1770 non
1372 1740 1434 1770 nisi
1457 1740 1578 1780 hyeme

879 1799 955 1820 usus
982 1794 1184 1827 ostentaret,
1208 1789 1355 1830 optabat
1375 1789 1482 1830 frigus
1500 1799 1579 1821 ven·

878 1846 1000 1880 tosque
1027 1850 1066 1870 ac
1093 1841 1198 1871 nives.
1243 1842 1272 1871 A
1290 1841 1411 1880 Poeta,
1426 1842 1479 1872 cni
1498 1842 1577 1872 artis

876 1891 965 1921 malo
979 1892 1080 1931 genio
1093 1891 1229 1922 detritae
1247 1892 1409 1933 levesque
1431 1893 1578 1924 lacerna:

876 1948 989 1981 erant,
1013 1942 1200 1974 crudeliter
1223 1944 1315 1974 illum
1340 1943 1455 1975 facere
1482 1944 1579 1983 dicit,

877 1994 932 2034 qui
958 1994 1043 2024 male
1070 1994 1204 2024 vestitis
1228 1994 1384 2035 hyemem
1412 1994 1580 2034 imprece-

879 2050 959 2081 tur3
988 2044 1165 2075 humanius
1192 2054 1231 2075 ac
1258 2045 1444 2085 simplicius
1470 2043 1580 2076 factu-

879 2103 964 2133 rum,
981 2095 1007 2124 si
1031 2094 1104 2134 ipse
1129 2095 1182 2125 vel
1199 2095 1309 2125 media
1322 2099 1443 2126 aestate
1459 2105 1578 2135 gausa-

879 2144 976 2184 pinas
992 2150 1115 2182 sumat,
1142 2146 1324 2186 luxumque
1343 2146 1376 2176 in
1393 2146 1516 2176 nullius
1531 2146 1579 2176 in-

872 2195 996 2235 juriam
1012 2200 1176 2226 ostentet.
1222 2195 1419 2236 Legendum
1434 2205 1528 2236 ergo,
1543 2203 1581 2227 ut

879 2247 1004 2278 habent
1020 2252 1154 2277 veteres
1172 2246 1337 2278 editiones
1351 2259 1358 2277 :
1386 2247 1582 2285 Quidsecere

877 2298 952 2328 mati
968 2300 1078 2328 nostroe
1089 2297 1159 2336 tibi,
1169 2307 1257 2336 soeve,
1270 2297 1421 2328 lacernae?
1435 2298 1482 2328 Ut
1493 2299 1581 2329 Bac-

879 2358 959 2379 cara
975 2357 1093 2379 nomen
1112 2348 1172 2378 viri
1186 2348 1242 2386 sit,
1264 2358 1328 2378 non
1346 2347 1503 2379 feminae:
1532 2350 1579 2380 la-

878 2408 1055 2429 cernarum
1079 2398 1167 2428 enim
1193 2408 1270 2429 usus
1293 2399 1403 2429 nullus
1427 2400 1577 2431 mulieri-

879 2448 952 2480 bus.
982 2449 1155 2479 Ferrarius.
1211 2447 1280 2478 Sibi
1309 2459 1369 2478 mm
1398 2451 1576 2489 contingere

868 2498 994 2538 frigus]
1018 2498 1065 2529 Ut
1088 2498 1187 2529 detur
1210 2497 1257 2527 illi
1283 2499 1418 2529 occasio
1440 2498 1574 2531 ferendi

879 2547 1144 2588 ostentandique
1181 2548 1397 2588 gausapinas,
1435 2551 1578 2589 penulas

881 2599 1018 2631 crebras
1043 2603 1078 2629 et
1099 2598 1234 2628 villosas
1251 2597 1437 2636 (manttes).
1487 2599 1576 2631 Vide

882 2649 1088 2689 Epigramm.
1115 2650 1166 2678 16.
1190 2648 1247 2678 lib.
1270 2650 1301 2679 2.
1347 2648 1480 2679 Zoilum
1505 2650 1579 2689 pari

881 2700 996 2730 inorbo
1012 2699 1239 2737 laborantem,
1261 2704 1402 2739 propter
1416 2701 1578 2741 stragula.

925 2754 943 2782 :3
971 2750 1124 2781 Obscurus
1139 2751 1231 2789 luce-3,
1246 2748 1315 2789 cisa]
1336 2751 1384 2782 Ut
1399 2751 1520 2781 coelum
1534 2752 1576 2782 sit

1425 2808 1443 2835 :l
1469 2806 1493 2835 L
