1866 3131
346 181 397 213 M.
430 180 545 212 VAL.
576 180 848 211 MAR'HAMS
880 181 1039 212 EPIGR.
1071 184 1166 216 LIB.
1199 185 1305 217 vlu.

110 284 187 316 cap.
204 278 256 307 17.
303 275 488 307 Atlienaeus
507 276 593 308 libro
610 280 642 308 4.
656 286 731 318 cap.
747 278 801 308 2-1.

109 326 265 366 Φώτιγγες
292 326 530 358 Alexandrinis
556 327 670 359 dictae.
713 327 802 359 Vide

110 377 249 408 Brodaei
263 378 409 409 Miscell.
420 380 472 409 25.
489 378 544 408 lib.
558 381 588 409 2.

153 430 190 458 15
208 429 431 469 Methymnam]
455 428 494 459 In
508 429 717 469 Methymna,
730 438 802 468 quae

109 479 189 509 urbs
208 479 307 509 Lesbi
326 483 391 517 cst,
403 483 494 509 nato.
532 480 650 509 Arione
663 478 804 519 delphin]

110 528 196 558 Vide
223 528 335 559 Strab.
362 529 421 560 lib.
440 532 491 560 16.
515 538 544 559 c.
569 530 630 559 ult.
656 529 698 560 A.
715 529 804 561 Gell.

107 578 165 610 lib.
185 581 235 609 16.
248 589 321 619 cap.
338 581 389 610 19.
411 578 542 610 Herod.
561 582 589 610 1.
605 582 668 610 δερ.

154 634 194 661 16
218 632 290 662 Non
307 632 448 668 tacitum,
463 631 532 671 ἐγω]
567 632 742 671 Vocalem,
759 632 807 672 ly·

111 692 148 714 ra
164 690 340 714 canentem
357 682 497 714 Ariona.

154 735 194 764 17
219 734 353 772 Imbuat,
377 733 446 774 ἂι]
481 734 559 764 Non
578 734 685 775 quivis
700 744 719 765 e
735 735 807 765 vili-

110 782 170 814 bus
186 786 293 815 servis
310 785 386 815 mihi
401 785 531 816 imbuat
544 785 664 826 (Angl.
685 785 808 826 season)

110 836 197 867 hanc
225 837 369 877 phialam
393 838 542 878 pretioso
573 838 648 868 vino
676 843 712 868 et
738 842 806 868 tam

111 886 216 917 nobili
234 887 343 926 phiala
360 886 473 927 digno.

154 939 194 968 19
209 936 334 978 Setina]
349 938 437 968 Vina
453 948 471 969 e
483 937 590 977 Setia,
607 937 691 969 urbe
708 936 806 968 Cam-

113 996 237 1027 pam-⁴1¹.

155 1038 198 1066 20
221 1037 307 1067 Puer
321 1036 422 1076 nobis]
459 1037 605 1078 Cupido,
628 1037 687 1079 qui
713 1036 806 1068 effin-

115 1086 208 1127 gitur
221 1087 254 1117 in
268 1088 378 1128 phiala
394 1098 499 1129 capro
512 1094 641 1120 vectus.
690 1089 808 1131 Caper]

113 1136 318 1178 Cupidinem
349 1144 508 1179 gestans;
532 1149 635 1181 supra
663 1150 751 1172 vers,
777 1143 806 1172 9.

113 1191 150 1218 et
163 1190 213 1218 ll.

155 1242 192 1270 21
222 1240 396 1271 Numerum
408 1241 543 1281 cyathis]
569 1241 626 1272 De
641 1240 705 1271 hoc
717 1250 810 1272 more

113 1288 251 1320 bibendi
269 1290 311 1320 ad
328 1300 503 1322 numerum
513 1292 690 1322 literarum
706 1291 812 1322 nomi-

113 1340 178 1378 nis,
196 1340 271 1372 vide
288 1342 350 1382 Ep.
366 1344 418 1373 72.
435 1342 492 1373 lib.
510 1346 539 1374 1.
551 1347 587 1374 et
603 1343 811 1383 Opsopoeum

116 1391 159 1422 ad
181 1392 246 1433 Ep.
261 1392 376 1431 Ἐ’γχεῖ
395 1392 554 1430 Λυσιδίκης
579 1392 706 1424 κυάθους
730 1392 813 1433 δέκα,

115 1441 175 1474 lib.
188 1445 219 1474 7.
236 1442 376 1474 Anthol.

157 1496 200 1524 22
222 1495 350 1534 Auctor,
364 1494 431 1534 Esau]
463 1494 530 1525 Ille
546 1494 634 1525 enim
648 1494 727 1524 mihi
744 1504 814 1524 mu-

117 1544 190 1575 neri
203 1544 296 1575 misit
310 1544 394 1574 hanc
413 1545 569 1584 phialam.

160 1596 202 1625 23
227 1594 265 1625 Si
289 1594 451 1625 Telethusa
473 1595 568 1634 venit,
591 1595 662 1635 ἔγω]
697 1596 733 1626 Si
757 1605 813 1626 ex-

119 1646 289 1687 pectanda
315 1646 357 1676 sit
381 1646 501 1682 amica,
533 1647 668 1686 parcius
695 1646 814 1676 biben-

119 1698 262 1736 dum‚ut
279 1698 420 1737 Ep.107.
437 1696 494 1727 lib.
508 1699 538 1728 1.
552 1701 734 1727 contentus
750 1697 814 1727 ita-

121 1757 187 1789 que
204 1757 260 1778 ero
278 1747 490 1788 quincunce:
516 1747 615 1787 Epig.
631 1750 684 1778 28.
708 1748 765 1778 lib.
784 1751 814 1780 1.

120 1807 210 1829 vers.
231 1800 260 1828 2.
292 1798 440 1838 quinque
469 1798 611 1838 cyathiS‚
626 1798 683 1839 qui
711 1799 816 1829 triens

122 1854 176 1880 est
211 1854 301 1888 tum,
327 1848 391 1879 hoc
419 1853 484 1886 est,
514 1858 670 1879 numerus
704 1849 816 1880 tertiae

122 1899 230 1940 partis
254 1899 397 1929 nominis
432 1898 492 1937 tui,
513 1900 522 1914 ‘
537 1898 726 1930 Instantius
751 1899 816 1929 Ru-

122 1950 200 1991 fus,'
216 1951 305 1992 quod
319 1952 494 1982 literarum
511 1956 562 1982 est
574 1960 634 1983 xv.

164 2005 204 2034 25
222 2003 375 2042 Septunce
388 2002 511 2042 trahar]
526 2002 715 2034 Dimidium
733 2012 819 2043 prae-

124 2059 179 2086 ter
193 2058 332 2094 propter
349 2053 522 2084 literarum
537 2053 680 2084 nominis
698 2053 760 2084 tui.

136 2114 139 2125 ¹
165 2106 208 2134 26
235 2103 279 2134 Ut
285 2103 427 2142 jugulem
441 2102 543 2142 curas]
581 2103 729 2144 Elegans
746 2103 820 2134 Me-

125 2155 220 2195 taph.
266 2155 317 2186 Ut
338 2154 513 2186 conficiam
538 2165 647 2193 cnraS,
664 2154 820 2194 affectus,

125 2209 162 2236 et
179 2215 318 2243 amores,
331 2214 405 2245 quae
419 2214 511 2244 saepe
527 2206 693 2245 cruciant,
713 2209 820 2236 stran-

129 2256 257 2296 gulant,
273 2260 307 2286 et
327 2255 488 2296 jugulant
503 2255 674 2286 homines:
701 2260 737 2287 et
759 2256 821 2286 hoc

129 2316 172 2337 ex
198 2310 374 2346 praecepto
391 2304 508 2337 Ovidii
534 2305 574 2336 de
587 2305 728 2336 Remed.
746 2305 821 2337 Am.

130 2359 205 2387 809.
220 2358 229 2374 ‘
242 2356 400 2387 Ebrietas
416 2361 510 2387 tanta
527 2357 631 2392 sit‚nt
649 2356 709 2387 tibi
723 2366 822 2387 curas

132 2407 287 2448 Eripiat.'
330 2406 417 2437 Vide
454 2407 518 2447 Ep.
555 2405 678 2446 Βάκχου
711 2405 825 2447 μέτρον

132 2459 267 2499 ἄριστον,
281 2457 298 2488 ὃ
313 2456 354 2495 μὴ
368 2456 461 2496 πολὺ,
477 2457 546 2495 μηδ’
563 2456 744 2498 ἐλάχιστον,
760 2462 825 2491 ἃς.

131 2510 272 2542 Anthol.
286 2519 361 2549 cap.
375 2511 426 2540 47.
472 2510 592 2540 Nomen
607 2513 768 2550 utrumque
780 2511 825 2541 bi-

131 2559 216 2600 bam]
254 2560 441 2591 Numerum
464 2560 638 2601 utriusque
662 2561 825 2599 nominis;

133 2617 187 2644 tot
201 2612 354 2643 nimirum
372 2610 509 2650 calices,
532 2616 613 2652 quot
634 2611 735 2642 habet
753 2612 827 2641 lite-

132 2671 189 2694 ras
204 2667 384 2702 utrumque
401 2670 521 2691 nornen
537 2662 545 2678 ‘
557 2662 742 2693 Instantius
756 2662 825 2692 Ru-

135 2712 188 2744 fus
202 2712 224 2744 :’
243 2712 433 2753 quindecim
451 2713 582 2744 scilicet
593 2713 746 2753 cyathos.
772 2711 828 2742 In-

136 2773 244 2804 genua
258 2764 344 2803 haze,
359 2769 394 2793 ut
409 2763 567 2802 arbitror,
583 2769 686 2805 atque
702 2763 828 2804 ingeni·

222 2818 335 2857 Delph.
351 2822 379 2848 et
402 2817 473 2848 Var.
492 2819 576 2848 Clas.

787 2817 931 2847 Martini.

1438 179 1551 222 1313

852 285 909 308 osa
925 279 1056 309 numeri
1073 280 1207 317 incerti,
1223 281 1368 314 nominis
1386 282 1551 324 ambigui,

852 329 1058 370 rationisque
1073 331 1162 370 apud
1181 333 1265 364 alios
1282 333 1550 374 impeditissimae

851 379 1036 419 explicatio
1058 388 1198 422 accepta
1222 382 1353 414 feratur
1375 384 1551 425 sagacissi-

851 439 906 460 mo
923 431 1019 471 Viro,
1034 432 1140 463 Petro
1155 434 1336 465 Scriveriu-

895 481 998 512 Eme.
1015 490 1077 513 Lu.
1102 485 1122 512 2
1142 483 1304 515 Thalamus
1311 484 1380 522 suit
1398 485 1550 525 Neronis]

852 531 985 562 Tonsor
1008 533 1154 563 Neronis
1171 543 1213 565 ex
1240 535 1353 575 lapide
1379 537 1495 567 Romae
1517 537 1551 567 in

855 581 927 612 aede
946 582 1078 621 Mariae,
1094 583 1187 623 Lips.
1204 584 1226 614 1.
1240 586 1269 614 1.
1287 585 1398 626 Epist.
1415 588 1552 618 Quaest.

855 635 887 663 5.

898 685 916 713 3
940 683 1130 724 Drusorum]
1153 684 1305 715 Familiae
1324 684 1483 725 Neronis,
1500 687 1553 717 cui

856 742 1043 773 cognomen
1081 734 1272 765 addebatur
1306 734 1492 766 AEnobarbi
1536 748 1554 767 a

856 784 1022 814 Domitio.
1068 784 1156 815 Vide
1183 786 1346 815 rationem
1366 786 1454 825 apud
1474 787 1555 817 Plu-

856 835 1009 865 tarchum
1036 835 1069 864 in
1086 834 1252 875 AEmylioz
1277 836 1380 866 Dion.
1396 839 1426 867 6.
1474 840 1555 868 Cou-

855 885 956 924 tigere
991 884 1108 926 barbae]
1142 886 1351 927 Tondendae,
1382 887 1554 928 radendae,

854 937 1043 978 aequandae.
1121 973 1126 978 ,

897 991 918 1019 6
942 988 1028 1018 Dum
1042 988 1162 1028 jussus,
1175 989 1244 1030 Qu]
1267 989 1358 1020 Dum
1374 989 1556 1021 immodico

856 1039 1033 1079 elegantiae
1056 1039 1170 1071 studio
1187 1049 1335 1080 curaque
1359 1040 1400 1070 ad
1426 1040 1556 1080 speculi

856 1098 1033 1119 censuram
1049 1099 1182 1120 omnem
1199 1090 1303 1130 pilum
1317 1090 1437 1120 iterum
1454 1095 1558 1131 atque

857 1139 978 1169 iterum
994 1139 1153 1179 castigari
1173 1139 1257 1177 vult,
1273 1142 1336 1170 ἀεὶ.

900 1192 920 1219 9
946 1189 1195 1229 Epaphaeresim]
1235 1190 1314 1220 Non
1341 1189 1453 1228 simul,
1499 1190 1558 1220 seu

860 1238 952 1269 lenta
968 1239 1179 1279 detonsione,
1189 1240 1230 1270 ab
1243 1240 1424 1281 ἐπαφαιρέω,
1434 1241 1560 1280 insuper

860 1289 1000 1320 detraho.

906 1342 946 1370 10
970 1339 1130 1370 Barbatus
1159 1340 1247 1380 mihi,
1277 1340 1349 1381 istu]
1385 1341 1558 1373 Detentus

863 1396 916 1422 est
932 1392 1060 1422 tamdiu
1076 1392 1110 1422 in
1133 1401 1251 1432 opere,
1279 1393 1489 1434 Epigramm.
1508 1398 1561 1425 82.

864 1443 923 1474 lib.
936 1446 967 1474 7.
986 1448 1022 1475 ut
1043 1444 1184 1484 jocetur
1200 1444 1310 1475 Pei-ita
1327 1445 1466 1476 rediisse
1486 1446 1560 1476 bar-

864 1494 980 1525 batum
996 1494 1006 1524 ?
1052 1494 1107 1525 An
1123 1493 1212 1525 forte
1226 1495 1358 1534 longam
1376 1505 1495 1535 passus
1509 1500 1562 1526 est

866 1544 949 1584 Hyli
961 1551 1095 1575 noctem
1109 1546 1121 1576 ἓ
1133 1544 1174 1576 de
1185 1555 1250 1586 qua
1265 1546 1341 1577 vide
1354 1546 1563 1586 Epigramm.

865 1598 896 1626 7.
913 1594 970 1624 lib.
984 1597 1014 1625 4.

909 1645 1016 1675 EPJG.
1033 1653 1111 1675 L111.
1136 1645 1225 1675 Rara
1241 1650 1294 1676 est
1306 1646 1488 1677 concordia
1499 1645 1566 1676 for-

867 1704 928 1724 mae
943 1699 1045 1735 atque
1063 1695 1252 1734 pudicitiae:
1278 1695 1355 1726 hinc
1372 1696 1483 1727 Poeta
1500 1697 1563 1726 Ca-

868 1745 985 1775 tullam
997 1750 1094 1785 optat
1109 1745 1162 1775 vel
1179 1745 1287 1775 minus
1298 1745 1494 1787 formosam,
1511 1747 1565 1777 vel

868 1797 972 1835 magis
1003 1796 1184 1836 pudicam:
1216 1797 1294 1836 hoc,
1320 1806 1362 1827 ne
1391 1802 1460 1827 tam
1488 1798 1561 1828 vilis

868 1847 1051 1878 habeatur:
1070 1846 1163 1886 illud,
1179 1857 1219 1877 ne
1232 1852 1302 1878 tam
1319 1848 1427 1888 turpis
1443 1848 1486 1879 ob
1499 1848 1568 1878 for-

869 1908 958 1929 mam
988 1899 1141 1930 omnibus
1170 1899 1393 1940 prostitutam
1428 1900 1567 1931 existat.

870 1950 1025 1980 Raderus.

913 2004 927 2032 1
960 2001 1205 2041 Formosissima,
1220 2000 1288 2040 Esou]
1312 2001 1553 2032 Foeminarum.

912 2054 932 2082 2
960 2051 1128 2092 Vilissimu,
1153 2051 1223 2092 ᾅτ]
1261 2051 1353 2084 Quia
1381 2052 1567 2092 prostituta

871 2103 1038 2135 omnibus.

914 2155 1019 2186 Epio.
1035 2163 1106 2185 mv.
1132 2153 1266 2184 Laudat
1276 2153 1484 2194 congiarium
1499 2153 1570 2184 Do-

871 2205 1016 2244 mitiaui,
1033 2203 1122 2246 quod
1141 2204 1266 2244 populo
1283 2207 1336 2234 ter
1349 2202 1455 2234 dedit.
1481 2203 1569 2234 Poe-

872 2261 909 2286 ta
939 2256 1027 2286 enim
1052 2259 1185 2294 argute,
1210 2264 1313 2295 quum
1338 2254 1570 2294 Imperatores

872 2305 1058 2346 largiendis
1075 2304 1171 2335 donis
1197 2303 1394 2334 studuerint
1421 2303 1485 2334 sibi
1511 2313 1569 2344 po-

875 2359 989 2399 pulmn
1005 2355 1204 2394 conciliare,
1227 2355 1288 2395 ait,
1312 2364 1452 2386 munera
1467 2355 1572 2386 amari

875 2412 1018 2448 propter
1042 2405 1292 2443 Domitianum
1316 2414 1382 2435 non
1406 2405 1572 2436 Domitia-

877 2467 953 2488 num
970 2460 1112 2496 propter
1127 2464 1279 2485 munera.
1304 2454 1456 2486 Raderus.

920 2511 939 2538 2
963 2506 1071 2545 Dona]
1107 2505 1326 2546 Spectacula,
1350 2506 1480 2546 epulas,
1504 2516 1575 2537 rnn-

878 2568 970 2596 nera,
988 2556 1173 2596 congiaria,
1188 2558 1252 2587 διε.
1284 2556 1425 2587 Sueton.
1439 2557 1573 2588 Domit.

878 2610 1000 2640 Ducum
1025 2606 1139 2646 victor]
1175 2607 1303 2646 Regum
1334 2607 1575 2648 Sarmatarum,

880 2660 1066 2695 Dacorum,
1083 2660 1146 2687 διε.
1195 2656 1302 2687 Victor
1317 2660 1346 2687 et
1363 2656 1429 2697 ipse
1443 2658 1506 2698 tui]
1529 2658 1574 2688 Et

880 2709 934 2750 qni
954 2708 1096 2747 teipsum
1120 2706 1228 2738 indies
1247 2707 1372 2739 virtute
1399 2712 1434 2739 et
1459 2708 1574 2749 benig-

882 2761 988 2790 nitate
1005 2767 1156 2798 superas.

1413 2816 1431 2843 τί
1458 2813 1487 2842 0
