1866 3131
278 185 299 225 1
307 184 390 226 284

278 291 332 321 De
350 289 434 321 foetu
452 289 593 329 abrepto
612 287 816 328 quiritantis.

321 344 341 372 4
365 341 434 371 Nec
453 339 536 379 jum,
562 338 631 379 Sym]
653 339 794 371 Gelatas
812 344 848 370 et
865 348 979 370 corru-

279 398 375 434 gatas
390 391 525 432 frigore,
540 391 593 421 cui
608 400 673 421 non
692 395 769 421 sunt
786 389 938 420 ferendo.

322 448 340 474 5
368 444 488 474 Canum
517 442 597 483 olus]
641 444 694 474 Ex
723 444 820 475 horto
847 444 980 484 rigente

278 494 380 527 modo
397 494 538 533 lectum,
555 499 588 524 et
605 493 735 534 pruinis
752 494 909 525 obsitum.

320 548 340 577 7
367 545 481 584 Quam,
499 543 714 584 Regale,25·c.]
738 545 846 578 Quam
865 543 983 575 dedita

279 605 387 637 opera
414 605 507 626 erras
533 601 569 627 et
591 596 781 627 dissimulas
799 601 834 626 te
850 595 981 626 nescire

280 647 499 678 sterilitatem
516 647 617 685 agelli
633 647 711 677 mei.

323 700 343 728 8
363 697 439 727 Nisi
451 707 508 736 me,
517 696 646 737 ferunt]
662 696 755 727 Nihil
771 694 900 734 ferunt,
916 694 981 725 nisi

279 758 333 779 me
363 753 506 786 tantum,
529 753 565 778 et
593 747 651 777 vix
677 756 731 777 me
759 747 854 777 alunt
881 746 981 786 agelli

279 800 353 830 mei.

322 845 343 874 9
368 840 528 881 Quidquid
555 840 678 871 villicus
710 838 838 879 Umber]
879 838 981 871 Quic-

280 893 361 935 quid
378 893 440 924 tibi
454 897 531 923 tuus
544 891 679 922 villicus
696 891 750 921 vel
769 900 811 921 ex
830 889 983 928 Umbria,

279 945 333 975 vel
365 944 475 975 coloni
493 953 535 973 ex
559 942 762 973 Tusculanis
789 941 878 982 agris
906 942 981 971 mit-

279 1000 370 1033 tunt,
384 994 417 1025 id
432 994 513 1024 mihi
529 993 711 1025 emendum
726 993 759 1024 iu
776 992 849 1023 foro
872 992 980 1023 Subu-

281 1056 375 1078 rano,
400 1047 517 1077 Rader.

319 1101 359 1128 10
384 1098 451 1128 Rus
468 1096 714 1136 ηιανηιοι·ε,8)·ε.]
737 1095 981 1127 Suburbanum

281 1154 389 1188 tuum,
404 1147 445 1179 ad
462 1149 598 1179 tertium
611 1147 654 1178 al)
672 1146 765 1178 Urbe
777 1146 940 1187 lapidem.

324 1202 364 1230 12
391 1200 429 1230 Id
441 1202 507 1230 tota
524 1199 613 1237 mihi,
627 1197 696 1237 δικ]
720 1197 760 1228 Id
779 1207 841 1237 ego
857 1207 931 1228 emo
946 1197 979 1227 in

279 1248 355 1280 foro
370 1250 505 1280 olitorio
527 1249 560 1280 in
578 1248 686 1285 Urbe,
704 1247 793 1288 quod
810 1253 923 1278 tamen
948 1248 982 1277 in

281 1300 414 1331 Subura
435 1310 499 1331 non
530 1305 626 1330 erat:
668 1299 711 1330 de
741 1299 875 1330 Subura
906 1298 982 1328 virle

282 1351 465 1392 Epigr.35.
484 1350 542 1381 lib.
558 1353 588 1382 1.
606 1353 732 1381 vem-5.
748 1355 782 1380 et
800 1348 918 1389 Epigr.
930 1350 982 1386 57,

282 1401 339 1432 lib,
357 1404 388 1432 3.

322 1453 427 1483 Epio.
444 1460 566 1482 xxxn.
595 1449 727 1481 Laudat
751 1449 910 1480 currendi
927 1458 984 1479 ex·

280 1502 518 1534 ercitationem
534 1502 567 1532 iu
582 1500 716 1532 Attico.

325 1559 338 1585 1
368 1555 522 1585 Facunda>
552 1563 691 1591 renovas,
717 1551 786 1592 Qu]
810 1552 877 1583 Qui
904 1550 983 1581 doc-

281 1605 401 1636 tissimi
421 1615 461 1636 ac
486 1604 700 1634 disertissimi
725 1603 802 1641 viri,
824 1603 862 1633 T.
880 1601 984 1632 Pom-

281 1658 389 1699 ponii,
428 1666 539 1688 mores
576 1660 611 1686 et
642 1655 833 1686 doctrinam
869 1655 983 1695 expri-

279 1708 355 1739 mis.

323 1761 343 1789 2
368 1759 435 1789 Nec
449 1759 526 1789 sinis
548 1758 716 1796 ingentem,
740 1756 809 1796 ἐγὼ]
833 1757 908 1788 Nec
925 1756 983 1788 de-

279 1819 385 1851 gener
401 1809 542 1850 pateris,
558 1815 594 1839 ut
609 1810 820 1839 conticescat
844 1806 982 1838 familiae

282 1867 350 1891 tuae
368 1864 404 1890 et
419 1865 513 1889 ortus
532 1859 648 1898 gloria.

325 1913 343 1941 3
371 1911 414 1942 Te
439 1909 492 1949 pia
519 1909 689 1948 Cecropia’,
711 1907 780 1947 Spa]
804 1908 852 1937 Tu
879 1907 982 1939 habes

279 1970 414 2001 semper
438 1960 636 1991 comitatum
659 1958 858 1989 Graecorum
877 1958 982 1998 pliilo-

281 2012 475 2052 sophorum.

323 2065 343 2093 4
369 2062 411 2092 Te
424 2063 541 2091 secreta
555 2057 656 2100 quies]
678 2058 838 2089 Secessus
856 2057 897 2088 ab
914 2067 981 2088 am-

280 2111 367 2151 bitu,
385 2111 600 2151 magistratu,
630 2115 667 2140 et
691 2109 804 2140 turba.
848 2107 981 2149 Sophus]

280 2164 437 2205 Sapiens.

325 2220 343 2247 5
369 2215 564 2254 Atjuveues,
587 2211 658 2252 cisa]
682 2211 730 2242 At
757 2211 814 2242 alii
835 2211 982 2251 juvenes

280 2271 406 2297 vacant
424 2263 615 2306 pugillatui‚
631 2271 729 2303 quem
754 2262 855 2292 docet
877 2261 981 2301 Gym-

282 2320 410 2356 nastes,
437 2315 534 2355 cujus
561 2323 671 2350 aures,
708 2319 746 2344 ut
778 2321 815 2344 et
842 2313 981 2344 aliorum

282 2367 501 2404 athletarum,
517 2371 668 2396 contusae
697 2364 887 2404 plerunque
902 2368 982 2393 sunt

281 2429 301 2449 a
315 2419 424 2459 plagis
437 2420 719 2448 concertatorum.
753 2415 841 2446 Vide
855 2415 981 2445 Turne-

284 2469 364 2500 bum
389 2468 445 2499 lib.
462 2470 516 2499 24.
532 2478 602 2507 cap.
620 2470 671 2497 25.
688 2472 723 2497 et
739 2465 981 2497 Mercurialem

283 2520 342 2551 lib.
359 2523 390 2550 5.
408 2518 450 2549 de
466 2519 516 2549 Re
533 2518 713 2558 Gymnast.
733 2526 808 2557 cap.
823 2520 855 2547 5.

327 2573 347 2600 6
369 2570 413 2600 Et
433 2568 529 2609 rapit,
543 2567 612 2609 8502]
636 2568 682 2598 Et
693 2568 828 2607 aliptes,
843 2576 907 2597 uon
925 2576 982 2596 ne-

285 2620 431 2652 cessario
448 2618 596 2658 ungendi
610 2617 797 2648 ministerio
815 2617 981 2658 praestito,

285 2670 612 2710 emungitjuvennm
629 2668 811 2708 marsupia.

327 2725 345 2751 7
374 2720 525 2760 Thermis]
550 2720 640 2750 Ante
668 2729 796 2749 coenam
825 2718 983 2749 lavabant

286 2772 417 2807 laist-'13
444 2777 523 2802 ante
547 2771 749 2801 lavationem
778 2779 899 2810 corpus
928 2778 983 2800 ex-

743 192 883 222 NOTAE
918 189 1139 220 VARloRU
1152 190 1181 218 M
1220 189 1268 218 IN

1032 284 1208 317 ercebant.

1075 340 1094 368 8
1119 333 1303 376 Praeparat]
1326 333 1381 365 Ad
1410 334 1569 374 thanim,
1597 332 1637 363 ad
1666 333 1736 364 bal-

1034 396 1126 418 neas.
1173 385 1304 426 stipitis
1331 382 1429 422 ictus]
1460 383 1669 414 Exercitatio
1694 384 1736 415 ad

1033 439 1161 479 palum,
1178 442 1297 469 contra
1312 446 1410 477 quem
1429 436 1463 466 in
1480 441 1574 467 terra
1591 435 1739 466 defixum

1033 493 1192 529 tanquam
1206 486 1436 518 adversarium
1451 486 1576 517 tirones
1588 495 1623 516 se
1640 495 1738 516 exer-

1033 539 1169 570 cebant.
1215 538 1303 569 vide
1316 547 1391 578 quae
1416 547 1478 568 nos
1501 537 1543 568 ad
1561 546 1648 568 verS.
1664 539 1737 568 248.

1032 594 1103 625 Sat.
1118 596 1149 624 6.
1165 592 1353 625 Juvenalis.
1392 590 1479 621 Vide
1497 595 1531 621 et
1546 590 1739 630 Vegetium,

1032 644 1275 682 Stewechium‚
1303 641 1561 679 Mercurialem,
1595 646 1630 671 et
1661 640 1738 680 Lip-

1034 695 1134 725 sium.
1182 695 1271 725 Ictus
1286 692 1389 732 hebes]
1415 692 1570 723 Hebetes
1587 700 1668 731 ergo
1694 691 1739 722 ic·

1034 750 1101 784 tus,
1130 755 1199 776 non
1229 744 1334 782 acuti,
1366 743 1445 784 quia
1483 742 1590 782 lignei
1620 741 1737 782 gladii.

1032 795 1129 826 Ictus
1146 805 1226 834 ergo
1243 805 1262 825 a
1276 793 1416 825 sudibus
1434 793 1489 824 vel
1511 792 1661 831 rudibus,
1676 791 1738 832 lig-

1032 846 1103 877 neis
1122 846 1255 886 gladiis,
1270 850 1307 877 et
1322 845 1438 876 clavis.

1077 899 1114 927 11
1140 896 1202 927 Sed
1217 895 1332 934 curris]
1359 895 1427 926 Sed
1446 903 1587 924 exerces
1605 896 1737 923 tantum

1034 950 1067 977 te
1083 956 1184 977 cursu
1201 946 1242 977 ad
1273 955 1394 987 aquam
1410 944 1602 985 Virginem,
1619 944 1672 974 vel
1694 943 1736 973 ad

1034 997 1204 1037 porticum
1236 997 1397 1037 Europae.
1442 995 1532 1026 Vide
1549 995 1667 1035 Epigr.
1683 997 1737 1026 21.

1032 1046 1093 1078 lib.
1110 1051 1140 1078 5.
1158 1057 1245 1078 vers.
1264 1050 1297 1078 9.

1077 1100 1117 1128 12
1146 1098 1206 1129 Ubi
1222 1101 1339 1136 taurus,
1355 1096 1425 1138 Sym]
1441 1097 1574 1128 Taurus
1585 1095 1738 1136 Jupiter,

1032 1149 1089 1190 qui
1105 1150 1280 1190 Europen,
1297 1148 1466 1189 Agenorss
1485 1147 1567 1188 Tyri
1590 1152 1625 1178 et
1639 1146 1738 1177 Sido-

1032 1199 1084 1229 nis
1107 1200 1294 1230 conditoris
1322 1200 1437 1238 filiam,
1477 1208 1540 1238 per
1577 1207 1672 1228 mare
1703 1197 1736 1227 in

1034 1249 1170 1280 Cretam
1199 1251 1302 1280 vexit.
1348 1249 1404 1280 Ad
1428 1250 1601 1290 porticum
1629 1249 1737 1279 Euro-

1033 1309 1108 1340 pae;
1134 1300 1254 1340 Epigr.
1284 1302 1335 1331 14.
1359 1300 1417 1330 lib.
1434 1303 1466 1330 2.
1485 1302 1619 1331 vers.3.

1077 1352 1116 1381 13
1142 1351 1207 1381 Per
1232 1352 1349 1391 varias,
1374 1349 1444 1390 Issa]
1481 1350 1639 1381 Literato
1662 1349 1736 1380 viro

1033 1402 1242 1432 conveniunt
1263 1402 1371 1442 magis
1399 1400 1668 1432 exercitationes
1685 1399 1736 1430 fa-

1034 1452 1117 1483 ciles
1135 1457 1170 1483 et
1184 1452 1318 1492 breves,
1334 1461 1410 1493 quae
1434 1461 1559 1492 corpus
1576 1451 1649 1481 sine
1665 1460 1736 1481 mo-

1033 1513 1069 1534 ra
1082 1504 1201 1535 laxent
1217 1509 1252 1535 et
1264 1503 1409 1543 tempori
1425 1507 1582 1544 parcant,
1594 1512 1735 1543 quarum

1033 1555 1204 1594 praecipua
1222 1558 1275 1585 est
1298 1563 1429 1592 cursus,
1449 1563 1548 1595 quam
1573 1552 1663 1594 pigri
1681 1552 1737 1584 isti

1033 1603 1116 1643 ludi,
1145 1604 1265 1646 quibus
1290 1605 1438 1645 Campus
1466 1609 1502 1635 et
1527 1604 1735 1644 gymnasium

1035 1655 1152 1686 servit.

1075 1706 1181 1737 Eric.
1200 1715 1342 1738 xxxm.
1367 1706 1564 1747 Scopticum
1595 1707 1630 1738 in
1656 1706 1735 1738 Cin-

1033 1766 1123 1796 nam,
1137 1759 1224 1798 quod
1241 1758 1373 1789 mundis
1390 1762 1426 1788 et
1440 1757 1594 1789 candidis
1611 1757 1736 1788 calceis

1034 1812 1172 1846 utatur3
1210 1808 1349 1840 sordida
1379 1818 1460 1839 vero
1487 1813 1524 1840 et
1557 1808 1738 1849 inquinata

1033 1862 1124 1897 toga.

1077 1912 1090 1938 1
1119 1908 1285 1940 Sordidior
1311 1919 1406 1948 coeno,
1439 1910 1510 1950 elya]
1551 1909 1738 1949 Vituperat

1033 1957 1187 1997 Cinnam,
1202 1959 1256 1990 vel
1273 1959 1351 2000 quia
1365 1959 1522 1990 sordidus
1539 1964 1628 1998 erat,
1648 1960 1734 1990 luto-

1033 2018 1098 2049 que
1115 2009 1212 2040 albos
1236 2008 1372 2040 ferebat
1398 2009 1552 2040 calceos:
1584 2009 1638 2039 vel
1654 2010 1734 2050 quia

1032 2068 1106 2089 cum
1122 2058 1267 2090 faeminis
1285 2069 1478 2091 communes
1498 2058 1654 2100 gerebat,
1670 2059 1734 2090 hoc

1032 2114 1096 2149 est,
1112 2110 1218 2141 albos.
1246 2110 1465 2150 Dempsterus.

1074 2163 1094 2191 2
1122 2160 1304 2200 Candidior,
1332 2161 1402 2201 Esau]
1427 2161 1543 2192 Calcei
1568 2160 1636 2191 albi
1668 2161 1733 2191 Ro-

1031 2211 1138 2241 manis
1155 2210 1423 2251 elegantioribus
1439 2211 1473 2242 in
1488 2221 1561 2242 usu.
1604 2211 1682 2250 Vel,
1698 2215 1736 2242 ut

1033 2261 1204 2292 Heraldus
1219 2266 1351 2300 censet,
1374 2261 1584 2293 mulieribus.
1631 2261 1735 2293 Ovid.

1031 2311 1117 2341 ‘Pes
1141 2312 1248 2342 malus
1275 2312 1309 2342 iu
1336 2312 1437 2342 nivea
1453 2321 1589 2352 semper
1601 2311 1734 2343 celetur

1032 2361 1149 2391 aluta.'

1073 2416 1093 2443 4
1120 2413 1252 2452 Collige,
1279 2412 1350 2453 ἐγὼ]
1380 2412 1487 2452 Tolle,
1508 2421 1550 2443 ne
1578 2411 1733 2453 inquinet

1033 2462 1146 2493 album
1173 2464 1340 2503 calceum,
1370 2464 1425 2495 cui
1452 2464 1541 2494 male
1575 2463 1734 2494 convenit

1032 2523 1107 2544 cum
1124 2514 1258 2545 sordida
1276 2520 1365 2555 toga.
1404 2515 1521 2545 Docet
1536 2514 1627 2545 enim
1644 2513 1733 2545 Poe'-

1032 2569 1080 2603 ta,
1097 2564 1251 2595 insanum
1276 2575 1351 2597 esse
1367 2565 1522 2604 Cinnam,
1552 2565 1608 2606 qui
1627 2565 1731 2605 majo-

1032 2624 1102 2646 rem
1119 2616 1238 2654 calcei,
1260 2626 1359 2658 quam
1377 2622 1468 2657 togae
1489 2615 1657 2647 rationem
1674 2616 1734 2646 ha-

1032 2666 1129 2697 beat:
1155 2668 1359 2698 contrarium
1386 2667 1579 2698 faciendum
1604 2665 1733 2705 fuisse;

1034 2722 1144 2755 togam
1173 2717 1398 2757 colligendam
1427 2726 1517 2754 esse,
1548 2725 1589 2746 ne
1607 2716 1732 2747 calceis

1033 2768 1176 2799 sordidis
1203 2769 1422 2809 inquinetur:
1446 2776 1511 2798 non
1548 2772 1585 2797 ut
1614 2766 1733 2806 calcei,
