1866 3131
396 175 446 204 M.
478 175 589 205 VAt..
623 172 898 204 MAR'riALIS
931 175 1089 205 EPIGR.
1124 175 1215 205 [ΑΒ.
1249 175 1352 206 xlv.

149 268 219 298 lina
233 267 380 308 ardenti,
396 268 430 299 id
447 274 512 308 est,
527 268 636 300 calida
651 277 736 309 aqna
751 267 844 298 vitia-

148 318 284 358 bantur‚
307 328 371 350 non
395 319 476 350 item
500 320 620 350 vitrea.
647 318 768 350 Strabo
785 318 843 349 lib.

149 371 201 399 16.
229 370 362 408 scribit,
399 369 516 401 Romae
548 370 703 400 vitrarios
739 369 844 399 multa

147 426 354 451 commentos
369 430 455 460 esse,
471 426 506 451 et
522 420 564 451 ad
582 420 765 451 vitreorum
788 428 842 449 co-

146 469 248 508 lores,
272 474 306 500 et
330 470 370 500 ad
395 470 578 501 eorundem
603 469 842 501 tornandorum

146 518 370 559 facilitatem3
403 525 598 561 tantamque
629 529 672 551 ex
702 529 743 550 eo
770 518 841 549 vili-

147 575 251 601 tatem
278 580 393 601 eorum
417 569 532 610 fuisse,
554 574 592 600 ut
618 570 716 610 vulgo
741 577 841 609 pocu-

143 621 214 651 lum
247 620 389 651 vitreum
424 630 496 651 asse
530 629 651 650 venum
688 619 839 650 daretur.

144 670 275 702 Calices
298 670 464 711 ejusmodi
493 670 593 701 vitrei
616 679 697 711 quos
718 669 840 700 Strabo

143 720 324 760 intellexit,
341 721 464 762 quique
479 721 594 751 Romae
612 726 680 751 tam
693 719 751 750 vili
765 729 839 760 pre-

143 771 191 802 tio
209 781 328 803 venum
345 772 450 807 ibant,
466 771 614 802 audaces
631 770 730 810 vulgo
748 770 838 801 dice-

143 820 279 852 bantur.
317 821 425 863 Atqui
441 822 562 853 vitrum
577 830 642 852 non
659 820 839 852 dicebatur

142 871 264 911 audax,
279 873 339 902 sed
363 873 485 903 calices
508 883 550 902 ex
574 871 660 902 vitro
683 870 838 902 audaces.

142 920 302 952 Audaces
314 932 395 962 ergo
412 923 535 962 plebeii
551 926 646 952 erant
658 921 838 960 calices‚et

142 980 247 1010 parvo
266 972 444 1010 venibant;
469 977 566 1003 torno
583 971 836 1002 formabantur:

140 1020 219 1051 hinc
237 1027 428 1053 toreumata
446 1022 599 1052 Martiali
616 1021 725 1052 dicta:
752 1026 787 1052 at
802 1021 836 1052 in

140 1072 334 1112 sculpendis
375 1072 604 1112 caelandisquc
647 1071 835 1111 periculum

136 1131 203 1152 non
230 1131 387 1162 parvum:
421 1133 495 1154 nain
526 1132 617 1163 saepe
639 1122 728 1152 iuter
751 1123 836 1152 scul-

137 1171 286 1212 pendum
325 1172 581 1213 frangebantur.
643 1171 736 1202 Hinc
772 1178 836 1210 cst,

137 1222 226 1262 quod
263 1223 342 1253 alibi
376 1223 544 1253 Martialis
579 1222 648 1253 ait:
686 1222 746 1252 lib.
784 1224 834 1253 14.

134 1272 252 1313 Epigr.
272 1275 344 1304 115.
388 1274 396 1289 ‘
414 1272 550 1313 Aspicis
567 1270 736 1312 ingenium
755 1271 834 1310 Nili,

135 1323 256 1364 quibus
282 1323 407 1354 addere
431 1324 528 1364 plura
545 1324 636 1354 Dum
661 1322 768 1362 cupit,
793 1321 833 1352 ab

135 1374 267 1413 quoties
281 1373 431 1414 perdidit
445 1377 564 1404 auctor
580 1381 662 1412 opus
676 1371 694 1401 1’
718 1370 832 1411 Atque

135 1422 170 1453 hi
199 1428 276 1454 sunt
299 1423 432 1454 omnino
457 1423 591 1462 calices,
612 1422 665 1463 qui
695 1421 832 1452 diatreti

135 1473 347 1506 dicebantur.
391 1475 496 1505 Mart.
525 1474 583 1505 lib.
611 1477 662 1505 12.
690 1474 754 1513 Ep.
777 1475 829 1504 70.

133 1524 142 1541 ‘
161 1525 192 1556 Ο
209 1530 370 1566 quantum
387 1524 535 1555 diatreta
549 1524 674 1561 valent,
689 1527 723 1554 et
735 1523 829 1564 quiu-

134 1584 199 1616 que
216 1575 341 1605 comati
355 1574 375 1604 !’
419 1575 572 1606 Diatreti
596 1574 717 1605 calices
733 1578 830 1604 erant

134 1627 246 1662 vitrei,
271 1627 395 1665 cavati,
419 1625 662 1666 perforatique‚
684 1624 748 1654 hoc
765 1629 830 1662 est,

133 1678 271 1717 sculpti.
294 1678 462 1718 Διειτρῆσαι
474 1677 561 1707 enim
576 1680 639 1714 est,
655 1674 828 1716 perforare

133 1728 188 1758 vel
211 1738 344 1766 cavare,
368 1727 456 1768 quod
485 1727 598 1758 Latini
620 1729 628 1743 ‘
655 1725 826 1766 sculpere'

132 1778 262 1809 dicunt.
311 1778 377 1810 Qui
392 1778 479 1808 enim
497 1787 644 1818 gemmas
658 1777 827 1816 scalpunt,

131 1828 224 1868 quasi
252 1827 413 1868 quosdam
438 1828 548 1858 sulcos
570 1827 603 1858 in
626 1826 664 1856 iis
689 1831 827 1865 cavant,

131 1884 169 1909 ct
198 1877 361 1908 foramina
385 1879 468 1908 caelo
494 1878 702 1918 imprimunt.
742 1876 827 1907 Inde

131 1933 306 1959 cavatores
316 1928 400 1959 dicti
410 1937 615 1968 gemmarum
624 1927 827 1967 sculptores.

131 1977 261 2009 Salmas.

174 2031 189 2059 1
215 2029 286 2058 Non
302 2037 404 2058 sumus
419 2025 561 2066 audacis]
589 2027 670 2066 Nos,
694 2027 826 2067 plebeia

129 2082 332 2116 toreumata,
358 2086 423 2107 non
450 2087 563 2107 sumus
593 2085 634 2107 ex
666 2086 706 2107 eo
738 2078 825 2108 vitro

129 2127 218 2158 unde
235 2128 381 2158 audaces
396 2127 483 2158 fiunt
498 2127 635 2165 calices,
654 2128 710 2168 qui
725 2128 824 2169 Crys-

129 2179 321 2209 tallinorum
349 2179 461 2209 aemuli
493 2188 528 2209 se
562 2179 731 2219 AEgyptiis
760 2179 824 2209 illis

129 2228 284 2260 conferre
307 2229 444 2261 audent.
469 2229 588 2270 Epigr.
610 2232 662 2261 74.
687 2229 746 2260 lib.
773 2233 823 2261 12.

129 2279 297 2311 Gruterus
335 2280 401 2319 leg.
438 2280 504 2310 Nos
540 2288 643 2309 sumus
681 2281 821 2311 audaces.

128 2330 254 2360 Plebeia
276 2333 447 2360 toreumata
468 2330 560 2369 vitri]
594 2331 726 2361 Clarius
742 2331 822 2362 alibi

126 2380 229 2410 etiam
245 2379 396 2409 ostendit
412 2385 562 2410 toreuma
584 2390 763 2420 usurpasse
779 2381 821 2412 de

129 2429 279 2471 quolibet
323 2429 456 2468 poculo,
490 2429 546 2458 ubi
581 2429 704 2461 fictiles
742 2432 820 2462 cali-

127 2490 184 2511 ces
212 2480 258 2510 sic
285 2479 492 2519 appellavit:
527 2478 583 2509 lib.
616 2482 665 2510 12.
703 2481 818 2521 Epigr.

128 2534 199 2562 102.
243 2532 251 2547 ‘
279 2530 409 2570 Accipe
439 2539 505 2560 non
537 2529 592 2560 vili
624 2531 746 2561 calices
775 2531 817 2563 de

125 2583 263 2622 pulvere
286 2586 395 2619 natos,
421 2579 479 2610 sed
509 2580 714 2612 Surrentiuae
742 2582 818 2613 leve

123 2637 276 2664 toreuma
293 2631 401 2662 rotae.’
427 2631 517 2662 Nihil
534 2636 646 2662 tamen
661 2637 728 2663 tam
740 2643 818 2665 con-

125 2685 263 2714 trariiun
290 2683 345 2712 τοῦ
366 2681 547 2722 τορεύματος
572 2682 819 2723 significationi,

127 2743 225 2773 quam
256 2733 343 2774 quod
380 2733 452 2763 leve
487 2737 551 2771 cst,
580 2742 616 2763 ac
649 2733 719 2763 sinc
751 2735 816 2764 ulla

1479 166 1497 206 ]
1507 167 1590 207 447

894 267 1141 307 inaequalitate,
1157 278 1256 309 quam
1268 267 1423 308 τορευτικὴ
1441 273 1590 308 praestat.

895 317 1031 349 Fictilia
1048 318 1182 359 quidem
1207 329 1285 350 vasa
1301 319 1402 350 etiam
1417 317 1591 358 τορεύματα

894 367 998 407 dicta,
1015 368 1075 399 sed
1088 378 1126 399 ea
1139 374 1269 400 tantum
1287 378 1361 410 quae
1374 369 1477 409 siguis
1493 370 1587 400 caela-

893 418 936 449 tis
965 424 1064 450 erant
1086 429 1216 460 aspera.
1261 419 1309 450 At
1334 419 1422 450 levia
1448 424 1484 450 et
1509 429 1592 460 pura

893 469 983 500 nullo
1010 469 1111 500 modo
1141 469 1311 510 τορεύματα
1340 470 1406 501 dici
1437 476 1588 510 possunt.

893 518 1022 551 Salmas.
1049 520 1230 551 Toreumata
1239 522 1329 562 vitri]
1347 521 1482 552 Fictilia
1493 526 1590 552 torno

892 568 997 607 facta,
1024 570 1083 601 sed
1109 575 1144 602 et
1169 571 1255 602 vitra
1279 577 1375 603 torno
1399 572 1506 604 etiam
1532 572 1590 604 fie-

892 618 986 650 baut.

933 672 953 701 2
978 670 1109 709 Nostra,
1130 669 1198 710 ἇς]
1222 670 1344 711 Neque
1360 681 1430 711 1103,
1443 678 1482 703 ut
1497 682 1589 713 crys-

892 721 1010 752 tallina
1038 721 1107 759 illa,
1134 721 1320 761 rumpimur
1347 722 1457 753 calida
1488 732 1588 764 aqua.

892 772 1011 812 Epigr.
1025 775 1078 803 74.
1094 771 1151 803 lib.
1169 774 1220 802 12.
1239 781 1325 803 vers.
1346 775 1376 803 6.

932 822 1037 854 Epic.
1054 829 1134 852 xcv.
1152 824 1167 852 l
1189 822 1336 861 Callaico,
1349 822 1416 862 &cd
1434 823 1588 864 Hispano

889 882 979 905 auro.
1002 873 1209 913 Epigramni.
1223 874 1281 905 lib.
1296 877 1348 904 10.
1365 884 1453 905 vers.
1470 878 1502 906 3.

931 927 950 954 2
975 925 1067 964 Myos
1082 925 1142 954 iste
1159 924 1257 964 labor]
1286 924 1419 955 Nobilis
1433 924 1588 963 artificis,

888 980 925 1005 ut
938 974 998 1006 lib.
1014 979 1044 1006 8.
1060 976 1178 1015 Epigr.
1199 978 1250 1006 15.

933 1025 1041 1055 Eme.
1058 1034 1157 1056 xcvi.
1174 1028 1188 1055 l
1211 1025 1359 1065 Calicem,
1373 1025 1444 1066 ξω]
1459 1025 1525 1056 Alii
1537 1035 1586 1056 ca-

887 1075 971 1113 lices,
990 1084 1108 1105 nomen
1134 1075 1295 1106 habentes
1319 1086 1338 1106 a
1361 1076 1511 1115 Vatinio,
1532 1086 1585 1106 su-

887 1129 960 1154 tore
994 1124 1250 1164 Beneventano,
1283 1126 1378 1166 cujus
1410 1125 1584 1157 inventurn

885 1174 1002 1213 fuere3
1026 1175 1092 1212 vel,
1110 1175 1164 1216 (ut
1189 1176 1243 1206 alii
1263 1176 1407 1217 volunt,)
1423 1176 1464 1207 ad
1487 1177 1584 1216 cujus

886 1224 1110 1263 prominentis
1126 1225 1196 1255 nasi
1221 1224 1474 1256 similitudinem
1492 1225 1585 1256 effin-

885 1275 1052 1315 gebantur
1079 1275 1132 1306 isti
1158 1276 1282 1306 calices
1306 1277 1419 1316 vitrei,
1440 1283 1586 1318 quatuor

884 1335 981 1355 nasos
991 1325 1163 1358 habentes.
1186 1325 1240 1356 An
1253 1326 1370 1367 itaque
1383 1327 1586 1368 simpliciter

885 1375 978 1415 dicit,
1007 1376 1179 1407 Vatinium
1209 1376 1366 1408 habuisse
1395 1378 1582 1418 longiorem

884 1426 1024 1456 nasum?
1061 1435 1104 1456 an
1141 1426 1277 1466 ingenio
1310 1425 1414 1457 fuisse
1449 1428 1585 1468 acriori,

886 1474 974 1514 quod
1009 1475 1069 1506 hos
1101 1475 1290 1506 invenerit?
1321 1486 1364 1508 an
1394 1476 1582 1509 derisorem

882 1524 1039 1556 deridet?
1084 1525 1140 1555 An
1170 1525 1328 1566 denique,
1354 1528 1443 1568 quod
1477 1538 1580 1569 sagax

880 1574 946 1607 fuit
977 1576 1156 1617 inquisitor
1182 1577 1459 1620 criminatorque,
1489 1585 1580 1620 post-

880 1636 980 1667 quam
997 1626 1040 1657 ad
1059 1631 1172 1657 tantas
1188 1636 1269 1667 opes
1296 1630 1518 1668 pervenisset,
1541 1635 1579 1661 ut

881 1685 1000 1707 munus
1015 1675 1159 1707 ederet?
1190 1677 1356 1717 Xiphiliu.
1369 1678 1402 1708 in
1418 1679 1565 1711 Nerone.

922 1727 1029 1758 Eme.
1047 1735 1162 1759 xcvu.
1186 1730 1203 1758 l
1229 1728 1385 1767 Grandia,
1398 1728 1468 1768 iffa]
1491 1730 1577 1760 Lau-

879 1781 930 1807 tas
943 1777 1058 1808 lances
1080 1787 1139 1808 seu
1162 1777 1293 1817 patinas
1317 1788 1385 1809 non
1408 1779 1472 1810 nisi
1494 1780 1578 1811 lauti

880 1827 1002 1858 decent
1017 1828 1136 1868 pisces.
1159 1828 1306 1859 Turneb.
1322 1829 1380 1860 lib.
1399 1832 1577 1871 13.cap.3.

920 1879 1028 1910 Epic.
1068 1887 1199 1910 xcvui.
1243 1881 1262 1910 3
1300 1879 1456 1921 Porsena]
1502 1882 1576 1912 Rex

879 1929 1111 1968 Etruscorum,
1132 1934 1167 1959 ut
1189 1933 1224 1960 et
1247 1939 1345 1969 reges
1367 1930 1465 1962 Rom.
1479 1937 1577 1963 erant

880 1988 974 2020 aeque
1011 1979 1094 2009 lauti
1129 1978 1350 2019 capedinibus
1384 1984 1419 2010 et
1449 1982 1576 2012 urnulis

877 2029 1048 2069 fictilibus,
1063 2034 1165 2071 atque
1190 2030 1295 2061 nostri
1317 2030 1416 2061 hodie
1440 2030 1574 2063 filicatis

877 2080 1017 2120 pateris.

919 2131 1025 2160 EPJG.
1039 2138 1139 2160 xoix.
1164 2132 1180 2160 1
1202 2129 1376 2169 Bascauda]
1400 2131 1469 2160 Vas
1482 2140 1573 2162 esca-

876 2181 971 2219 rium,
994 2180 1138 2220 primum
1163 2190 1181 2210 e
1212 2180 1390 2210 Britannia
1419 2180 1573 2220 allatum,

875 2240 952 2261 mox
969 2236 1004 2261 et
1020 2229 1136 2260 Romae
1153 2228 1291 2261 factum.

919 2281 1025 2312 Eme.
1041 2289 1073 2311 c.
1097 2279 1238 2319 Panaca]
1269 2279 1375 2310 Testa
1397 2280 1531 2312 scilicet
1553 2292 1572 2312 a

875 2331 1031 2370 Pan-acis,
1045 2339 1121 2370 pop.
1139 2330 1293 2360 Rhaetiae.

918 2385 932 2412 l
959 2381 994 2411 St
1009 2390 1067 2411 non
1083 2381 1201 2418 ignota,
1216 2379 1287 2419 Sym]
1318 2380 1352 2411 Si
1369 2380 1503 2421 quando
1520 2381 1570 2412 fu-

871 2432 925 2463 isti
939 2432 1094 2461 Veronae.
1117 2430 1234 2470 Epigr.
1251 2433 1282 2461 8.
1308 2431 1367 2462 lib.
1386 2434 1414 2462 1.
1432 2441 1519 2464 vers.
1535 2436 1567 2464 2.

912 2485 931 2513 2
956 2480 1114 2520 Rhoetz'ca]
1153 2480 1287 2511 Rhaetia
1301 2490 1382 2512 vero
1399 2482 1567 2514 Veronam

872 2541 976 2572 usque
992 2530 1199 2571 pertinebat.

911 2583 1017 2613 Epio.
1040 2590 1088 2613 ci.
1113 2581 1289 2622 Boletaria]
1323 2582 1439 2614 Genus
1462 2584 1567 2615 lancis

869 2638 927 2664 aut
941 2633 1040 2663 disci.

913 2686 925 2713 l
950 2683 1023 2712 'Pam
1038 2681 1269 2722 nobilenomen]
1291 2683 1428 2724 Quippe
1444 2693 1563 2715 nomen

870 2733 974 2764 liabeo
1003 2743 1020 2763 a
1039 2733 1169 2764 boletis.
1209 2734 1326 2774 Epigr.
1353 2736 1402 2765 48.
1427 2734 1485 2766 lib.
1513 2739 1561 2767 13.
