1866 3131
245 170 356 211 1:312

290 277 392 309 Emc.
409 286 539 308 xnvm.
573 278 696 308 Furem
714 277 882 315 hortatur,
904 281 942 307 ut

246 327 393 358 ablatam
411 327 570 367 Crispino
589 327 734 358 abollam
751 326 892 365 reddat3
908 332 944 357 et

247 384 359 418 togam
376 377 489 417 potius
512 376 702 415 subducat3
730 377 858 418 alioqui
885 375 944 408 de-

248 429 449 471 prehensum
467 427 519 459 iri.

293 483 309 510 l
346 478 494 518 Dederit]
538 478 743 511 Tenendam.
803 476 947 517 Tyriam]

248 531 408 571 Purpura
423 539 442 561 e
456 530 548 570 Tyro
571 529 747 561 imbutam.
791 528 949 568 Abollam]

250 582 399 613 Pallium
426 581 659 622 duplicatum:
696 581 951 622 Epigrammate

248 636 301 664 53.
318 634 339 664 l.
357 636 390 664 4.

295 687 314 714 2
341 682 466 723 Cultus]
489 682 642 722 Vestem,
658 681 815 713 abollam.

294 737 313 765 4
337 734 449 765 Abolla
463 735 570 774 rogat]
602 735 687 765 Qnae
708 733 769 763 tibi
785 741 851 762 non
875 740 952 762 con-

250 785 356 823 venit,
370 784 546 825 furemque
565 783 699 824 prodet.

294 839 314 867 6
340 835 485 875 Deliciis,
499 834 567 875 ἔξω]
594 832 811 865 Lautioribus
823 836 858 864 et
874 831 956 863 deli-

253 887 354 918 eatis.

295 941 315 969 8
343 937 459 968 Melius
477 935 607 976 fallere]
657 936 795 973 Latere,
824 933 955 965 furtum

253 989 381 1028 celare,
394 986 566 1018 λανθάνειν.
615 985 747 1026 Togam]
771 985 848 1016 Hac
861 984 957 1015 meli-

257 1051 293 1071 ns
316 1040 461 1079 latebis3
485 1049 602 1070 omnes
625 1039 715 1069 enim
741 1037 851 1078 togati
866 1037 957 1067 iuce-

255 1093 352 1122 dunt.

300 1143 405 1172 Epm.
421 1149 518 1172 xmx.
542 1143 558 1171 1
577 1140 687 1173 Quam
705 1144 818 1170 tamen
835 1147 900 1168 non
912 1137 957 1168 vi-

258 1192 331 1223 det.
371 1194 380 1209 ‘
398 1193 466 1224 Qui
489 1201 660 1232 nunquam
688 1191 768 1222 visae
790 1189 958 1230 flagrabat

259 1252 375 1274 amore
400 1241 557 1282 pnellaez'
581 1242 742 1274 Juvenal.
765 1241 807 1272 de
823 1241 958 1272 Catullo

259 1293 465 1324 Messalino.

304 1344 408 1374 EmG.
426 1351 456 1374 L.
480 1343 628 1382 Epulum
641 1341 739 1372 dedit
754 1341 879 1381 populo
888 1341 960 1371 Do-

261 1395 434 1430 initiamus,
460 1399 539 1434 post
570 1394 721 1423 lauream
755 1403 775 1423 a
799 1391 962 1422 Sarmatis

260 1445 339 1477 „lovi
356 1444 498 1481 illatam,
514 1442 603 1484 quod
618 1443 681 1473 hoc
701 1442 859 1473 Carmine
875 1442 962 1471 cele-

261 1495 339 1526 brat
355 1494 541 1534 Martialis,
566 1498 601 1524 et
618 1492 753 1524 confert
768 1503 844 1524 eum
861 1492 964 1532 epulo

262 1545 372 1577 JoviS.

308 1599 324 1626 l
352 1596 490 1633 Quanta,
505 1594 575 1635 Isau]
613 1595 787 1627 Quantum
816 1592 965 1624 convivi-

266 1656 319 1677 um
337 1646 476 1686 Jupiter
502 1645 653 1685 praebuit
678 1645 769 1684 Diis,
794 1644 903 1674 relata
924 1643 967 1673 de

267 1696 462 1737 gigantibus
478 1695 637 1733 victoria,
648 1697 711 1725 δερ.

310 1750 328 1776 3
353 1746 446 1777 Plebe
458 1745 611 1785 Deorum]
628 1747 636 1761 ‘
652 1746 712 1775 Est
727 1753 858 1786 quoque
872 1743 968 1784 plebs

267 1798 450 1836 Superum,
480 1796 600 1832 Fauni,
626 1796 822 1837 Satyrique,
848 1796 968 1825 Lares-

269 1858 347 1888 qne,
365 1846 602 1886 fluminaque,
625 1851 660 1876 et
679 1846 860 1885 Nymphae,
875 1844 971 1874 semi-

273 1900 442 1938 deumque
457 1897 594 1939 genus?
621 1897 725 1928 ovid.
739 1898 771 1927 in
786 1897 876 1927 Ibin.

313 1954 330 1980 5
360 1950 463 1979 Tanta
480 1952 561 1985 tuus,
579 1949 700 1986 Caemr,
714 1947 783 1987 ὅπη]
797 1947 906 1977 Tanta
918 1950 972 1976 est

269 2001 406 2031 lautitia
419 2000 493 2040 ejus
506 1999 665 2037 convivii,
681 1998 772 2039 qnod
796 2002 846 2036 tu,
871 2008 889 2027 ο
903 1998 973 2028 Do-

272 2051 427 2088 mitiane,
454 2048 581 2079 dedisti
611 2049 764 2085 Senatui,
789 2047 975 2088 equitibus,

276 2100 381 2141 plebi,
399 2104 476 2139 post
503 2100 652 2130 lauream
678 2109 696 2129 a
717 2099 880 2129 Sarmatis
895 2097 975 2129 Jovi

274 2153 412 2182 illatam.
456 2151 566 2190 Supra
585 2150 702 2190 Epigr.
722 2153 772 2180 15.
789 2152 918 2180 versu.

319 2205 338 2232 8
360 2200 551 2237 Ambrosias,
567 2201 636 2240 ssa]
660 2199 712 2230 Ab
728 2200 816 2239 Imp.
832 2198 977 2230 Domiti-

277 2262 341 2283 ano
360 2253 434 2282 Deo
452 2251 573 2281 datas:
593 2250 709 2289 Epigr.
727 2252 757 2280 S.
775 2250 833 2280 lib.
849 2254 879 2280 5.

322 2305 360 2332 10
384 2301 547 2341 Sportula,
568 2305 653 2331 recta
669 2303 743 2331 datu
759 2300 820 2341 est]
859 2301 978 2340 Epigr.

280 2357 312 2384 7.
329 2353 384 2384 lib.
400 2356 431 2383 3.

327 2405 429 2434 limo.
447 2412 494 2434 m.
512 2402 643 2433 Laudat
656 2411 778 2432 munus
791 2401 854 2432 sibi
870 2401 913 2432 ab
923 2401 979 2432 In-

284 2455 409 2485 stantio
428 2453 513 2484 Rufo
530 2454 674 2484 missum.

327 2509 341 2536 l
371 2506 449 2540 Quis
478 2504 575 2542 labor,
597 2504 666 2544 ξω]
706 2503 813 2543 Cujus
841 2501 980 2533 artificis

285 2566 369 2595 opus
387 2560 439 2585 est
453 2554 528 2584 baec
547 2555 659 2594 phiala
675 2554 753 2584 mihi
770 2564 789 2584 a
802 2553 892 2584 Rufo
905 2555 981 2584 mis-

286 2606 344 2636 sa?
392 2605 548 2644 Myosne,
566 2604 729 2644 MyroniS,
746 2604 928 2642 Mentoris,
941 2613 982 2634 au

286 2656 456 2696 Polycleti
472 2656 481 2685 ἓ
496 2655 707 2692 caplatorum,
722 2655 765 2685 de
781 2654 903 2695 quibus
915 2654 983 2685 Pli-

287 2708 360 2736 nius
386 2708 407 2737 l.
436 2710 489 2737 33.
519 2705 635 2746 Epigr.
663 2708 713 2737 12.
757 2705 874 2746 Labor]
903 2705 983 2736 Pro-

709 180 850 210 NOTAE
884 180 1148 211 VARtoRUM
1184 181 1233 211 IN

992 276 1067 316 prie
1085 276 1127 307 de
1144 277 1309 307 caelatura
1325 277 1334 294 ‘
1350 276 1468 308 labor!
1516 278 1607 309 Hinc
1622 278 1631 295 ‘
1647 278 1694 309 la-

994 326 1118 356 boriosi
1133 325 1140 338 '
1157 327 1334 357 caelatores
1352 328 1452 366 vulgo
1470 327 1565 358 dicti.

1037 379 1055 406 3
1080 376 1230 414 Livescit,
1245 377 1314 417 gyon]
1344 377 1435 407 Pura
1459 377 1560 414 nitet,
1587 387 1696 418 neque

994 425 1099 456 habet
1114 426 1279 457 maculam
1292 431 1350 457 aut
1360 427 1461 458 situm
1474 433 1700 468 contractum,

997 476 1087 507 unde
1113 477 1186 516 quis
1210 477 1402 517 suspicetur
1427 488 1501 509 eam
1532 487 1597 510 non
1625 489 1698 510 esse

1000 527 1076 567 puri
1092 527 1244 559 metalli:
1269 528 1336 559 imo
1353 538 1416 560 nec
1433 529 1556 561 metuit
1572 530 1605 560 in
1622 530 1699 570 igne

1001 577 1184 617 explorari.

1045 632 1062 659 5
1094 628 1175 660 Vera
1189 629 1303 669 minus,
1318 628 1386 670 85⁶]
1424 629 1546 660 Phiala
1570 629 1642 661 baec
1659 640 1699 662 ex

1003 680 1134 711 electro
1163 679 1301 719 fictitio,
1329 681 1429 711 mista
1457 681 1591 712 scilicet
1621 691 1703 712 auro

1003 731 1121 771 quinta
1135 731 1269 771 argenti
1288 731 1459 771 portione,
1484 735 1624 772 superat
1647 742 1702 763 co-

1005 781 1076 811 lore
1090 791 1206 812 verum
1221 782 1408 821 succinum,
1423 783 1474 813 vel
1489 783 1653 814 electrum
1667 784 1705 813 il-

1005 830 1062 860 lud
1079 832 1287 862 metallicum
1304 832 1338 863 in
1356 832 1436 873 ipsis
1453 834 1547 864 venis
1565 838 1601 865 et
1617 832 1704 864 fodi-

1005 881 1056 912 nis
1073 881 1222 913 mistum.

1049 935 1069 963 6
1093 932 1187 963 Felix
1199 933 1339 974 pustula]
1370 933 1532 965 Feliciter
1554 936 1590 964 et
1614 933 1708 974 inge-

1007 982 1102 1013 niose
1127 982 1243 1014 facta:
1269 984 1320 1014 vel
1348 994 1423 1025 quae
1453 994 1507 1015 me
1527 983 1613 1015 facit
1632 983 1707 1015 feli-

1007 1042 1101 1064 cem:
1130 1034 1184 1064 vel
1212 1034 1292 1075 quia
1315 1044 1418 1066 aurea
1447 1044 1505 1066 seu
1536 1041 1707 1073 argentea.

1008 1083 1197 1123 Argentum
1209 1095 1329 1125 purum
1343 1089 1476 1126 putum,
1488 1086 1711 1126 pustulatun1;

1008 1135 1127 1175 Epigr.
1143 1139 1196 1167 85.
1213 1136 1274 1167 lib.
1290 1139 1322 1167 7.
1340 1146 1426 1167 verS.
1441 1140 1472 1168 7.

1052 1189 1070 1218 7
1096 1187 1245 1218 Materiae
1269 1198 1329 1219 non
1345 1188 1427 1219 cedit
1451 1187 1542 1228 opus]
1566 1188 1576 1206 ‘
1594 1188 1710 1219 Mate-

1010 1238 1093 1268 riam
1112 1238 1297 1278 superabat
1309 1249 1394 1280 opus
1405 1239 1426 1270 ·.'
1453 1240 1557 1271 Ovid.
1577 1243 1609 1272 2.
1625 1241 1712 1271 Met.

1011 1289 1066 1320 Sic
1077 1289 1193 1328 alligat
1209 1289 1326 1329 orbem]
1342 1290 1467 1321 Forma
1480 1295 1516 1321 et
1532 1290 1644 1321 nitore
1662 1300 1711 1320 re-

1010 1338 1078 1369 fert
1095 1339 1229 1379 plenam
1246 1339 1371 1371 lunam.
1417 1340 1482 1371 Vel
1503 1341 1634 1372 claudit
1661 1351 1714 1372 or-

1012 1391 1088 1422 bem
1106 1391 1226 1431 phialae
1254 1392 1381 1423 circulo
1406 1393 1623 1434 elegantique
1647 1403 1716 1423 em-

1013 1442 1179 1473 blemate:
1198 1452 1240 1472 an
1258 1442 1380 1483 implet
1393 1448 1426 1474 et
1439 1444 1608 1474 circinat?
1632 1443 1714 1473 Rzul.

1057 1496 1078 1523 9
1102 1492 1175 1523 Stat
1190 1493 1296 1533 caper]
1332 1493 1510 1524 Prominet
1526 1494 1665 1524 caelatus
1682 1494 1714 1523 in

1016 1542 1128 1582 phiala
1149 1552 1264 1583 caper,
1289 1553 1355 1584 quo
1378 1545 1497 1574 mallet
1514 1544 1588 1574 vehi
1606 1544 1720 1582 Helle,

1017 1603 1115 1633 qnam
1134 1593 1192 1624 illo
1204 1593 1260 1634 qui
1277 1594 1464 1633 Phryxum,
1487 1593 1592 1624 filium
1612 1593 1717 1624 Atha-

1017 1643 1154 1682 mantis,
1170 1643 1260 1683 regis
1281 1643 1532 1682 Thebanorum,
1560 1644 1615 1674 cui
1641 1643 1719 1674 AEo-

1018 1694 1070 1724 lus
1088 1698 1202 1733 pater,
1220 1698 1360 1732 pontum
1377 1692 1627 1725 transfretavit.
1662 1695 1718 1724 ΧΕ-

1018 1745 1078 1775 olio
1091 1743 1217 1783 fellere]
1241 1745 1353 1784 Caper
1370 1754 1473 1775 aureo
1489 1745 1612 1775 vellere
1625 1753 1720 1774 orna-

1020 1800 1087 1833 tus,
1100 1796 1156 1836 qui
1173 1795 1347 1835 Phryxum
1366 1799 1401 1825 et
1417 1795 1541 1825 Hellen
1560 1804 1622 1835 per
1637 1804 1720 1834 pon-

1021 1850 1104 1884 tum,
1144 1845 1282 1886 dejecta
1311 1851 1423 1876 tamen
1462 1846 1578 1885 Helle,
1614 1851 1720 1877 trans-

978 1924 985 1932 ,
1023 1896 1129 1927 vexit.

1068 1949 1106 1977 lO
1131 1946 1244 1986 Soror]
1270 1945 1382 1986 Helle,
1397 1946 1528 1987 Phryxi
1544 1956 1638 1977 soror
1655 1957 1662 1977 :
1680 1946 1721 1976 ab

1023 1998 1085 2027 hoc
1103 1997 1192 2028 enim
1221 2006 1325 2036 capro
1350 1996 1377 2027 si
1403 2002 1508 2027 vecta
1531 1996 1667 2035 fuisset,
1690 1997 1722 2027 in

1024 2058 1118 2079 mare
1138 2057 1203 2078 non
1222 2046 1344 2078 fnisset
1356 2057 1511 2078 excussa.

1078 2101 1115 2129 11
1143 2098 1328 2137 Cinyphius,
1357 2097 1426 2137 &1-2]
1471 2098 1725 2138 Epigrammate

1026 2152 1079 2180 95.
1095 2148 1152 2179 lib.
1165 2149 1195 2178 7.
1213 2158 1300 2179 vers.
1315 2151 1366 2178 13.

1072 2201 1111 2229 12
1135 2198 1205 2238 Ipse
1220 2202 1287 2235 tua,
1303 2197 1372 2238 ssa]
1398 2198 1501 2237 Capri
1517 2197 1728 2229 caelabantur

1029 2249 1062 2279 in
1081 2248 1304 2288 calicibus,et
1321 2249 1469 2280 victimae
1487 2248 1728 2279 statuebantur

1032 2299 1182 2338 Baccho,
1199 2299 1288 2339 quod
1312 2299 1422 2330 vineis
1444 2299 1628 2338 nocebant,
1652 2300 1728 2330 hnic

1031 2355 1144 2381 tamen
1159 2355 1227 2381 tam
1245 2350 1373 2382 affabre
1390 2350 1537 2381 formato
1553 2350 1625 2390 ipse
1643 2350 1728 2380 Bac-

1030 2401 1112 2431 chus
1129 2406 1301 2441 parceret,
1326 2411 1471 2442 eumque
1496 2404 1655 2441 pasceret
1672 2410 1730 2430 sua

1031 2451 1113 2482 vite.
1158 2452 1275 2492 Epigr.
1292 2455 1345 2483 93.
1364 2452 1420 2483 lib.
1435 2455 1486 2483 13.

1078 2504 1114 2532 13
1139 2502 1237 2532 Amor
1252 2512 1362 2533 aureus
1376 2502 1450 2542 alis]
1477 2502 1624 2543 Cupido.

1077 2555 1116 2582 14
1140 2552 1233 2582 Lotos
1248 2553 1285 2583 ab
1301 2563 1353 2583 ore
1367 2553 1469 2592 sonat]
1503 2553 1605 2583 Tibiae
1629 2561 1732 2592 genus

1033 2612 1051 2633 e
1075 2603 1145 2633 loto
1163 2604 1294 2641 arbore,
1311 2613 1385 2644 quae
1401 2603 1552 2634 nascitur
1569 2603 1601 2632 in
1625 2602 1733 2642 Libya

1028 2654 1129 2694 juxta
1153 2654 1301 2683 Palladis
1331 2655 1450 2685 lacum.
1495 2653 1548 2683 Ad
1574 2653 1731 2683 tibiarum

1037 2708 1155 2735 cantus
1182 2705 1372 2745 expetitur.
1433 2704 1562 2735 Plinius
1588 2703 1646 2734 lib.
1682 2706 1731 2734 13.
