1866 3131
244 164 355 205 1250

242 271 379 310 thyrsus
405 269 477 309 ipse
494 267 535 298 >it
563 265 724 304 brassica,
740 264 846 295 caulis
862 264 943 295 coli-

243 323 349 353 culus.
372 319 459 350 Vide
478 319 536 349 lib.
551 320 601 349 13.
615 317 734 358 Epigr.
754 319 802 348 17.
843 316 941 355 Saepc

242 372 391 403 brassica
419 375 455 400 et
481 368 644 400 cauliculi
666 377 726 409 pro
751 367 871 398 eodem
890 375 944 396 su-

240 429 390 455 muntur.
415 422 499 453 Rad.

284 477 305 505 9
332 474 456 504 Pultem
469 472 601 510 niveam,
615 470 682 511 Syna]
715 470 810 502 Pulti
824 479 868 501 ex
883 469 943 500 ali-

242 535 294 556 cae
306 524 415 556 farina
432 523 610 564 impositus
626 521 849 561 botellus‚qui
864 529 943 551 con-

239 575 425 606 ficiebatur
451 583 493 604 ex
518 573 572 604 ovi
589 571 714 603 vitellis
739 570 859 610 coctis,
881 579 941 600 nu-

241 626 325 657 cleis
342 624 451 665 pineis
468 623 623 661 concisis,
634 631 730 662 cepa,
744 631 856 661 porro,
870 621 944 651 thu-

241 686 290 716 re,
308 676 437 716 pipere,
451 673 647 715 liquamine,
662 677 697 703 et
709 672 802 711 vin0;
820 671 942 712 quibus

238 727 435 758 intestinum
459 725 689 756 farciebatur:
714 734 731 753 α
751 724 893 764 padding
908 732 944 753 or·

239 787 381 817 sausage.
409 777 510 817 Apic.
535 776 597 806 lib.
621 778 652 806 2.
681 784 757 814 cap.
780 778 813 805 5.
859 774 943 805 Erat

239 834 275 860 et
291 827 387 868 χορδὴ
404 825 587 865 αἱματιάτις·
615 825 799 855 Athenaeus
817 825 840 855 l.
863 826 894 855 3.
914 834 942 856 c.

239 882 291 910 36.
331 879 479 919 Niveam]
498 877 631 915 Nempe
643 885 684 905 ex
700 875 785 905 alica
796 880 941 906 sectam:

243 931 339 961 alicae
381 934 493 960 autem
537 927 648 958 farina
691 926 942 958 candidissima.

238 981 395 1011 Botellus
417 989 498 1019 ergo
525 988 630 1019 genus
655 976 841 1008 farciminis
868 975 944 1016 fuit,

237 1031 310 1060 sine
328 1029 486 1060 carnibus
514 1033 639 1059 tamen.
685 1027 753 1058 Alii
779 1027 942 1066 sauguine

238 1080 362 1111 fartum
379 1079 486 1110 fuisse
499 1078 630 1110 dicunt.
662 1078 758 1118 Belg.
788 1078 852 1108 Een
870 1077 944 1108 Blo-

241 1134 397 1162 et-n·orst.

284 1184 323 1211 10
348 1179 489 1211 Rubente
527 1178 630 1218 lardo]
683 1178 843 1217 Fumoso,
890 1178 942 1209 vel

241 1231 431 1262 rancidulo.

282 1286 322 1314 12
340 1284 531 1320 Marcentes,
542 1281 612 1323 ἐξα]
636 1281 798 1317 Maturae,
815 1279 868 1310 vel
881 1279 941 1310 (lu-

237 1335 374 1366 racinae.
402 1334 520 1374 Epigr.
545 1337 598 1364 44.
622 1332 680 1363 lib.
698 1335 726 1362 1.
773 1330 941 1361 Brodaeus

237 1386 311 1416 vult
334 1385 407 1416 aliis
422 1384 504 1421 dici,
532 1386 709 1422 ‘tempore
732 1386 909 1421 corruptas
923 1381 942 1411 :'

239 1436 439 1477 quibusdam
457 1436 611 1475 ‘liquore
626 1432 764 1473 pleuas.’

283 1489 323 1517 13
348 1487 469 1516 Nomen
484 1495 574 1526 pyra,
588 1483 656 1524 Cym]
681 1483 774 1524 Pyra
788 1483 883 1523 Syra,
900 1492 942 1514 ex

241 1536 339 1576 Syria
357 1537 471 1567 allata.

283 1590 323 1617 14
347 1587 451 1618 Docta
479 1586 627 1627 Neapolis
649 1585 781 1624 crearit]
813 1584 942 1615 Studiis

236 1638 415 1668 literarum
429 1642 463 1668 et
477 1636 664 1677 gymnasiis
675 1635 833 1667 celebris.
853 1635 942 1666 Nea-

238 1689 398 1728 politanre
430 1693 544 1718 autem
577 1691 749 1717 castaneae
780 1685 942 1725 laudatae,

237 1749 313 1781 quae
327 1745 363 1770 et
382 1743 555 1770 torrentur
571 1742 606 1768 et
624 1737 803 1768 elixantur.

284 1794 323 1823 16
345 1791 458 1822 Vinum
470 1789 625 1826 titfocieS‚
639 1787 709 1827 ἐγὼ]
726 1788 850 1817 Vinum
864 1797 944 1828 qua-

239 1843 410 1882 lecunque
437 1840 550 1880 sapiet
567 1839 628 1869 tibi
655 1847 720 1867 non
749 1843 828 1867 ante
850 1838 944 1868 sitim

238 1892 380 1923 bibenti.
426 1891 482 1921 Ita
512 1888 645 1920 Socrati
679 1887 772 1918 ποτὸν
798 1888 860 1918 πᾶν
889 1887 944 1925 ἡδὺ

239 1942 288 1982 ἦν,
311 1941 359 1972 διὰ
374 1941 410 1971 τὸ
426 1941 468 1979 μὴ
489 1939 597 1977 πίνειν,
621 1938 701 1976 εἰμὴ
725 1937 828 1979 διψῶῃ.
876 1938 943 1969 Xe-

237 1993 341 2032 noph.
360 1992 563 2032 Apomnem.
589 1988 626 2019 α’.
671 1988 749 2024 Vel,
771 1988 943 2019 liberalius

238 2042 388 2074 bibendo
419 2041 587 2071 videberis
612 2038 804 2079 approbare
829 2038 942 2069 vinum

238 2104 350 2125 meum
369 2094 620 2134 qualecunque.

284 2147 323 2175 17
349 2145 425 2174 Post
457 2144 521 2173 hoec
543 2142 656 2180 omnia,
683 2140 751 2180 δῖα]
790 2140 888 2173 Quod
915 2141 942 2171 si

239 2194 353 2224 vinum
372 2193 433 2224 tibi
446 2192 589 2223 moverit
603 2192 794 2231 appetitum
807 2201 942 2229 novum,

238 2245 387 2276 naturali
414 2245 528 2275 calore
559 2252 723 2280 accenso;
756 2242 809 2272 vel
839 2242 941 2272 etiam

240 2296 382 2326 vomitu.
419 2294 496 2325 Hoc
510 2299 622 2325 autem
638 2298 716 2324 ante
734 2292 786 2323 vel
799 2292 832 2322 in
846 2301 942 2322 coena

239 2345 448 2377 factitabant
480 2345 624 2375 Veteres
651 2343 694 2374 ad
729 2342 941 2383 purgandum

240 2396 451 2428 stomachum
473 2401 506 2426 et
534 2393 782 2435 provocandum
807 2393 942 2433 appeti·

241 2452 325 2478 tum.
347 2447 471 2479 Juven.
487 2448 517 2476 6.
537 2453 624 2474 vers.
642 2445 717 2474 428.
743 2441 866 2473 Athen.
880 2441 939 2472 lib.

243 2501 294 2528 15.
322 2507 351 2528 c.
372 2499 400 2527 l.
424 2501 458 2527 et
479 2495 609 2526 Seneca
626 2493 734 2534 Epist.
749 2496 802 2524 95.
847 2493 856 2509 ‘
872 2493 940 2523 Vo-

241 2551 338 2578 munt
363 2551 400 2577 ut
429 2545 557 2584 edant3
582 2544 688 2576 edunt
712 2548 751 2575 ut
782 2546 942 2575 vomant.'

243 2598 340 2637 Mox,
363 2597 372 2614 ⁶
386 2597 432 2628 Et
447 2597 560 2627 viuum
577 2605 676 2626 omne
695 2595 821 2626 vomitu
834 2604 940 2626 reme-

244 2646 401 2678 tiuntur.'

287 2700 326 2729 21
353 2698 488 2728 Fer-rens
503 2698 595 2736 cicer,
607 2697 677 2738 “g-a]
701 2696 755 2728 Ab
771 2697 850 2737 igne
867 2706 942 2728 coc-

244 2751 314 2780 tum
331 2759 337 2778 :
363 2748 428 2788 vel,
442 2753 574 2779 naturas
591 2747 752 2786 fervidae3
777 2747 943 2779 comburit

702 170 842 200 No'rAE
880 169 1139 199 VARiosst'n
1178 170 1223 199 lh

996 264 1098 301 enim,
1115 264 1244 294 urinam
1262 266 1388 299 movet,
1403 264 1465 293 ἃς.
1511 261 1699 294 Athenaeus

997 314 1052 344 lii).
1069 317 1098 344 2.
1115 324 1190 353 cap.
1210 316 1260 344 14.
1303 313 1418 353 Tepens
1435 312 1574 353 lupinus]
1599 313 1699 354 Aqua

995 369 1184 394 maceratus
1202 365 1346 404 tepenti.

1037 418 1077 445 23
1103 415 1167 446 Sed
1185 414 1306 458 finges]
1331 413 1399 445 Sed
1425 423 1531 444 coenae
1553 415 1700 445 tenuita-

995 471 1065 498 tem
1082 465 1318 506 compensabit
1346 465 1486 496 libertas
1511 469 1546 495 et
1563 464 1700 495 sinceri-

995 523 1059 556 tas,
1083 517 1140 549 ubi
1157 527 1223 548 nou
1242 517 1308 547 erit
1324 526 1409 556 opus
1427 515 1645 546 simulatione
1665 522 1701 548 et

995 568 1278 606 dissimulatione,
1297 572 1335 597 ut
1351 567 1385 596 in
1402 565 1526 596 mensis
1541 565 1697 596 divitum.

1036 622 1078 650 24
1105 619 1170 649 Tuo
1180 617 1351 657 recumbes]
1376 617 1455 648 Non
1468 615 1561 655 ficto,
1577 625 1643 647 uon
1656 616 1699 647 ad

995 670 1134 702 alterius
1153 671 1297 711 gratiam
1316 668 1517 709 composito.

1038 724 1077 752 25
1106 721 1174 752 Nec
1195 730 1346 759 crassum,
1362 719 1432 759 effen]
1460 720 1535 750 Nec
1551 728 1614 759 ego
1631 728 1700 750 mo-

995 770 1100 801 lestus
1117 771 1177 801 ubi
1195 781 1264 809 ero,
1283 771 1384 810 longo
1400 770 1571 800 volumine
1589 770 1703 810 legen-

995 821 1038 852 do
1063 822 1152 852 inter
1180 831 1343 852 mensam.
1375 822 1493 861 Epigr.
1518 824 1571 852 52.
1599 821 1620 852 l.
1650 824 1701 852 11.

995 882 1080 903 vers.
1100 875 1150 904 19.
1196 872 1241 902 Οὐ
1253 871 1416 910 μελοποιὸς
1440 871 1502 911 ἐρεῖ
1522 871 1702 911 κατακείμε-

995 935 1057 960 νος,
1084 923 1267 964 Antholog.
1282 923 1341 954 lib.
1355 926 1386 954 2.
1405 933 1482 962 cap.
1496 925 1550 954 47.

1037 977 1079 1005 ’26
1106 973 1248 1005 Gadibus
1260 973 1417 1013 improbis,
1427 972 1498 1013 ξω]
1522 973 1609 1003 Vide
1623 973 1704 1013 Epi-

996 1035 1134 1066 gramm.
1151 1028 1204 1055 42.
1223 1024 1281 1056 lib.
1307 1028 1336 1055 2.
1353 1035 1443 1057 vers,
1462 1027 1513 1056 11.
1535 1030 1570 1055 et
1594 1025 1701 1056 Juve-

995 1078 1061 1109 nal.
1075 1078 1189 1118 Satyr.
1209 1080 1260 1108 ll.
1278 1087 1365 1108 vers.
1381 1079 1455 1108 162.

1037 1131 1078 1158 30
1101 1127 1384 1168 Par-1·itihia,35c.]
1410 1126 1514 1157 Parvi
1527 1125 1701 1157 foraminis

996 1181 1081 1212 tibia
1097 1181 1206 1211 instar
1229 1179 1381 1220 condyli,
1403 1179 1460 1219 qui
1489 1189 1566 1220 pars
1584 1184 1637 1210 est
1653 1179 1702 1209 di-

995 1232 1056 1272 giti
1087 1232 1238 1262 eminens
1269 1231 1303 1261 in
1336 1231 1556 1261 commissura
1581 1230 1701 1271 pugni.

994 1283 1080 1313 Sunt
1108 1281 1177 1323 qui,
1204 1291 1268 1323 per
1294 1281 1498 1321 Condylum,
1523 1281 1699 1312 tibicinem

994 1334 1209 1371 intelligant;
1233 1337 1270 1363 ut
1287 1331 1365 1363 tibia
1382 1331 1527 1372 Condyli.

1036 1387 1074 1415 31
1104 1384 1269 1415 Claudium
1303 1381 1455 1423 sequeris]
1501 1381 1625 1413 Aderit
1664 1387 1700 1412 et

995 1436 1139 1468 Claudia
1163 1434 1298 1466 deliciae
1327 1439 1409 1471 tuae,
1434 1443 1534 1473 quam
1563 1433 1633 1465 scio
1665 1440 1700 1464 te

993 1486 1142 1517 libenter
1168 1490 1376 1516 secuturum.
1422 1484 1494 1514 Imo
1519 1484 1637 1524 cupies
1665 1490 1701 1515 te

994 1536 1141 1576 priorem
1155 1534 1252 1566 nobis
1263 1543 1337 1564 esse
1346 1538 1489 1574 propter
1502 1543 1589 1571 eam,
1601 1542 1700 1574 quam

995 1587 1048 1618 vel
1062 1586 1159 1618 nobis
1175 1585 1282 1626 magis
1295 1585 1412 1615 adesse
1429 1583 1520 1614 velis.
1553 1584 1562 1600 ‘
1577 1583 1624 1614 Et
1637 1583 1702 1614 nisi

995 1647 1093 1668 coena
1123 1637 1215 1677 prior
1253 1635 1436 1677 potiorque
1471 1633 1609 1674 puella‚'
1638 1635 1701 1666 sac.

995 1690 1118 1721 Horat.
1140 1690 1252 1730 Epist.
1277 1693 1307 1719 5.
1329 1687 1388 1719 lib.
1414 1690 1443 1718 1.
1483 1685 1700 1717 Commodius

994 1751 1075 1781 ergo
1111 1740 1340 1771 scriberetur:
1378 1739 1453 1769 Jam
1492 1736 1578 1768 nobis
1614 1738 1701 1777 cupis

994 1801 1056 1822 esse
1072 1795 1102 1821 te
1118 1791 1266 1831 priorem.

1038 1842 1146 1871 Epm.
1168 1848 1299 1870 Lxmx.
1337 1838 1470 1868 Zoilum
1487 1836 1634 1868 vestium
1650 1847 1701 1868 os-

995 1895 1201 1921 tentatorem
1220 1889 1388 1928 exagitat.

1037 1943 1053 1970 1
1079 1939 1245 1979 Surreoeti]
1274 1937 1450 1969 Mutandae
1465 1938 1571 1969 vestis
1585 1948 1699 1979 causa,

995 2000 1096 2031 quum
1110 1995 1144 2021 te
1157 1990 1279 2021 sudore
1297 1988 1470 2029 perfusum
1485 1988 1655 2028 fingeresr

1036 2045 1055 2072 2
1079 2042 1244 2082 Synthesis
1258 2039 1417 2079 undecies]
1454 2040 1570 2071 Vestis
1588 2050 1700 2071 ccena-

994 2092 1091 2123 toria.
1127 2091 1215 2122 Vide
1234 2091 1351 2131 Epigr.
1369 2092 1421 2121 46.
1438 2089 1497 2120 lib.
1513 2093 1544 2121 2.
1563 2100 1650 2121 vers.
1669 2094 1699 2122 3.

1035 2146 1055 2173 4
1078 2141 1201 2172 Laxam
1229 2141 1344 2179 tenuis,
1373 2140 1442 2180 δῖα]
1497 2141 1548 2171 Ex
1577 2141 1700 2172 sudore

993 2201 1160 2232 poi-osam.
1206 2191 1269 2221 Vel
1287 2193 1295 2208 ‘
1309 2190 1443 2230 laxam,’
1461 2190 1646 2222 distentam
1664 2196 1700 2222 et

994 2246 1210 2280 turgentem:
1246 2250 1368 2281 corpus
1396 2240 1469 2272 scil.
1493 2245 1587 2271 tuum
1612 2250 1700 2282 prae·

992 2292 1117 2332 pingue
1129 2297 1164 2322 et
1181 2291 1331 2322 obesum.
1356 2291 1439 2322 Rad.

1034 2345 1055 2373 6
1078 2342 1198 2381 Frigus
1209 2342 1304 2380 euim,
1320 2341 1390 2381 ⁴5⁴⁸]
1429 2341 1517 2374 Quia
1533 2341 1613 2372 mihi
1629 2351 1696 2372 non

992 2402 1033 2423 ea
1046 2392 1190 2422 vestium
1208 2393 1306 2431 copia
1322 2402 1395 2432 quae
1412 2391 1489 2431 tibi,
1504 2392 1561 2432 qui
1577 2392 1699 2424 sudare

993 2447 1025 2473 te
1041 2441 1152 2481 fingis,
1170 2446 1208 2472 ut
1227 2442 1405 2482 syntheses
1429 2447 1595 2474 ostentes.
1638 2442 1697 2474 Sic

993 2493 1111 2533 Epigr.
1128 2495 1177 2523 16.
1194 2492 1254 2522 lib.
1270 2495 1301 2523 2.
1321 2501 1410 2523 vers.
1427 2495 1458 2524 6.

1034 2546 1140 2575 Eme.
1157 2553 1269 2575 Lxxx.
1298 2544 1437 2576 Librum
1465 2544 1593 2575 Severo
1618 2554 1697 2575 cen-

991 2595 1132 2626 sendum
1149 2595 1269 2633 mittit,
1285 2604 1384 2635 quem
1401 2594 1626 2625 immortalem
1643 2594 1695 2624 fu-

993 2650 1103 2676 turum
1121 2645 1217 2684 dicit,
1233 2655 1253 2675 a
1269 2645 1387 2675 Severi
1405 2650 1439 2675 et
1457 2644 1604 2676 Secundi
1623 2654 1693 2675 cas-

993 2696 1155 2736 tigatione
1172 2695 1410 2735 prodeuntem.
1457 2694 1553 2725 Ordo
1571 2695 1691 2725 verbo-

993 2756 1066 2778 rum
1085 2751 1161 2778 est:
1186 2746 1326 2784 Severe,
1350 2746 1377 2777 si
1403 2745 1539 2777 vacabis
1566 2744 1695 2787 (malim
