1866 3131
229 172 342 218 1098

275 285 295 313 2
317 281 377 312 Bis
391 280 500 320 decies,
516 279 586 320 ἔγω]
609 279 738 319 Vicies,
761 278 812 309 bis
830 277 925 308 denis

231 332 374 364 vicibus.

273 385 291 413 3
319 382 417 413 Calda
439 379 612 420 ministros]
638 378 738 420 Aqua
758 378 869 409 calida
885 377 926 408 ad

231 432 344 462 vinum
363 431 630 471 temperandum.
655 431 748 470 Lips.
767 430 877 460 Elect.
897 432 925 459 l.

231 491 305 522 cap.
326 484 357 512 4.
383 480 471 511 Vide
488 486 523 512 et
544 480 586 511 H.
603 480 756 511 Salmuth
778 479 818 510 ad
839 479 927 509 Pau-

230 531 369 562 cirolum
387 541 463 572 cap.
486 531 539 562 De
555 531 621 561 cibi
643 529 802 570 capiendi
827 529 926 559 niodo

231 586 399 617 veterum,
417 592 448 621 p.
464 584 539 612 538.

272 635 292 662 4
317 632 456 672 Merum]
507 631 630 662 Vinum
667 641 733 662 non
771 631 928 661 dilutum.

230 682 308 713 vide
324 683 434 722 epigr.
452 685 504 712 27.
521 681 619 712 iufra.

275 732 376 763 Eme..
391 740 473 762 xiii.
498 735 513 762 l
532 732 693 771 Herculei,
710 731 778 771 effa]
797 731 928 762 Hercu-

230 781 295 812 lem
325 782 424 812 tleum
453 782 629 812 tutelarem
661 782 813 812 colentis.
872 781 926 811 De

230 832 371 863 Hercul.
395 831 565 861 Tiburtini
578 831 783 861 bibliotheca
795 830 835 861 A.
849 830 926 861 Gel.

231 886 282 914 19.
301 887 331 914 5.
380 882 502 913 Tiburis
525 882 624 922 arces]
651 880 781 922 Oppid.
806 880 847 911 ad
874 883 925 912 17.

233 933 382 974 lapidem
397 933 439 963 ab
457 933 537 963 urbe
554 934 671 963 Roma.

272 988 292 1016 2
317 986 469 1024 Canaque,
484 982 550 1024 ἔξω]
567 983 620 1013 Ad
638 983 814 1024 planiciem
828 982 928 1012 Tibu-

231 1035 258 1065 ri
275 1034 460 1074 subjectam
477 1034 668 1064 scaturiunt
684 1043 781 1074 aquae
796 1033 928 1072 gelidae,

231 1094 305 1125 quae
321 1094 340 1115 a
355 1085 467 1115 colore
482 1085 605 1118 lacteo,
621 1094 718 1124 quem
732 1093 751 1112 a
764 1084 856 1113 venis
872 1083 927 1112 ba-

230 1135 312 1165 bent
351 1135 550 1174 sulphureis,
586 1134 720 1164 Albulae
757 1133 927 1164 dicuutur.

228 1185 406 1216 ‘Vitruvius
423 1185 445 1216 l.
461 1188 491 1216 8.
508 1195 538 1215 c.
554 1187 585 1215 2.
603 1185 693 1215 Plin.
710 1184 730 1214 l.
747 1186 778 1216 3.
803 1194 832 1215 c.
845 1188 875 1215 5.
893 1190 928 1214 et

226 1236 248 1267 l'
264 1239 413 1317 {I‘Rurffi
428 1279 495 1319 su]
518 1279 641 1309 villam
659 1277 795 1318 Reguli.
819 1278 927 1308 Dilec-

228 1333 329 1370 taqne,
354 1330 422 1370 ξω]
457 1329 580 1370 Reguli
609 1329 742 1360 scilicet
768 1329 925 1359 oratoris.

230 1381 324 1414 docti
340 1383 455 1424 itaque
472 1384 643 1413 Musarum
661 1382 805 1413 clientis.

272 1436 292 1464 4
317 1433 454 1468 Quartus
468 1432 579 1473 Lapis]
604 1432 732 1471 Σημείου
747 1432 925 1464 miliarium

230 1483 388 1514 totidem.
431 1484 580 1514 Videtur
605 1490 718 1515 autem
746 1495 788 1515 ex
805 1493 855 1524 ep.
874 1486 926 1514 30.

229 1534 252 1564 l.
270 1537 301 1565 7.
318 1533 422 1564 fuisse
451 1534 540 1565 inter
556 1536 585 1565 3.
603 1540 638 1565 et
661 1537 693 1564 4.
720 1535 787 1574 lap.
815 1534 924 1574 Lapis,

227 1584 387 1616 itinerum
405 1584 508 1614 index
523 1589 559 1615 et
572 1584 736 1624 signator,
749 1585 838 1615 mille
851 1594 925 1624 pas-

229 1644 285 1666 sus
301 1635 457 1674 notabat,
477 1644 535 1665 seu
552 1635 695 1674 miliare,
712 1636 772 1667 Gr.
789 1637 924 1674 σημεῖον.

270 1688 288 1715 5
318 1685 416 1715 Rudis
439 1685 574 1721 oestiras,
598 1685 669 1725 Era]
694 1687 842 1726 Inculta,
868 1688 926 1717 im-

226 1740 369 1766 morata.
394 1736 522 1766 Pathos.
568 1736 762 1777 Eademque
779 1738 924 1769 ruinosa.

230 1785 370 1816 AEstiras
383 1786 550 1825 praeslabat
565 1787 700 1825 porticus
720 1787 857 1828 umbras]
881 1789 927 1818 A·

230 1836 456 1872 rondeHzmus,
476 1846 580 1867 auras.
625 1838 755 1868 Plinius
778 1839 799 1869 l.
823 1841 852 1869 2.
869 1848 926 1879 ep.

232 1888 282 1916 17.
313 1886 413 1926 ‘Ipsa
441 1896 520 1917 vero
547 1889 820 1928 cryptoporticus
845 1895 925 1921 tunc

230 1935 374 1966 maxime
397 1941 490 1967 caret
508 1938 592 1975 sole,
615 1948 716 1978 quum
734 1939 926 1971 ardentissi-

230 1996 303 2017 mus
317 1986 453 2017 culmini
470 1987 542 2027 ejus
557 1988 703 2020 insistit:
730 1991 771 2020 acl
788 1991 850 2021 hoc
868 2001 926 2031 pa-

230 2035 380 2067 tentibus
408 2035 566 2068 fenestris
603 2039 768 2070 Favonios
799 2041 926 2082 accipit

231 2087 526 2128 transmittitque!
581 2088 677 2120 Idem
706 2091 727 2120 l.
754 2095 785 2121 5.
812 2101 867 2131 ep.
893 2095 925 2123 6.

230 2137 373 2168 ‘Subest
398 2139 676 2178 cryptoporticus
700 2141 924 2173 subterraneo

228 2187 364 2218 similis:
392 2193 512 2218 aestate
528 2190 656 2220 incluso
672 2190 796 2230 frigore
814 2193 901 2232 riget
916 2204 924 2223 :

231 2243 460 2279 contentaque
487 2239 565 2270 aere
590 2250 648 2270 suo
675 2251 736 2272 nec
755 2243 926 2275 desiderat

231 2298 328 2319 auras
346 2298 408 2319 nec
426 2289 596 2320 admittit)
622 2292 804 2325 Gronovius.

275 2342 294 2370 8
319 2340 481 2378 Gestatus,
510 2340 578 2379 δμκ]
614 2341 652 2371 In
682 2344 801 2381 gelidis
831 2345 925 2377 hisce

232 2390 417 2429 porticibus
443 2392 571 2431 gestari
597 2398 728 2425 veteres
756 2397 845 2427 soliti
875 2407 925 2427 es-

231 2440 454 2480 sedojiunctis
470 2442 577 2472 mulis.
620 2443 745 2475 Juvcu.
761 2446 832 2476 Sat.
848 2449 878 2477 4.
894 2451 925 2478 5.

232 2497 267 2521 et
283 2492 355 2521 Sal.
372 2494 402 2522 7.
421 2495 492 2522 los.
509 2493 558 2522 vel
576 2495 672 2524 animi
693 2496 741 2525 vel
760 2498 924 2528 valetudi-

233 2542 284 2572 nis
309 2551 421 2573 causa.
468 2543 624 2583 Regulus]
656 2545 721 2576 Hic
748 2546 812 2577 fuit
838 2549 923 2588 Reg.

231 2591 289 2621 ille
307 2601 405 2631 quem
424 2591 513 2621 Plin.
532 2594 632 2632 epist.
649 2598 680 2624 5.
697 2597 717 2626 l.
735 2599 765 2626 2.
794 2597 923 2637 Regem

228 2639 456 2680 improborum
468 2646 502 2671 ct
516 2641 672 2681 bipedum
686 2647 924 2686 nequissimum

231 2690 432 2730 appellavit,
445 2700 543 2730 quem
559 2697 669 2723 tamen
685 2695 784 2734 poe'ta
797 2699 925 2738 palpat.

233 2740 324 2787 Esset
336 2740 433 2780 equis]
455 2741 597 2782 Jamque
614 2747 825 2778 excessisset.

274 2792 295 2820 9
329 2789 505 2830 Nimirum]
538 2792 693 2826 Querens
725 2805 805 2837 ergo
836 2798 924 2831 Deos

699 182 840 212 NOTAE
873 180 1138 211 VARIORUM
1172 180 1223 210 IN

978 276 1166 307 onerabant
1194 280 1230 307 et
1255 274 1445 306 maledictis
1473 275 1576 316 impie
1601 285 1680 307 vex-

977 327 1080 358 abant
1108 327 1233 367 siquos
1262 336 1305 357 ex
1335 325 1447 357 charis
1478 326 1678 365 amiserant,

977 383 1035 407 aut
1060 378 1085 407 si
1110 376 1190 418 quid
1216 386 1312 407 secus
1337 376 1543 417 contigerat.
1588 377 1681 408 Hinc

986 427 1067 457 illud
1084 426 1255 467 frequens,
1270 428 1279 442 ‘
1290 427 1453 458 Incusare
1467 426 1585 458 Deos!
1612 426 1679 457 Sed

978 482 1012 508 et
1028 486 1141 507 eorum
1159 487 1234 507 aras
1256 486 1295 507 ac
1324 477 1452 517 templa
1471 476 1682 516 lapidabant,

978 531 1108 557 statuas
1144 526 1369 566 dejiciebant,
1408 532 1444 557 et
1483 526 1561 568 quid
1593 526 1682 557 non?

978 576 1111 607 Herald.

1022 629 1060 657 10
1087 626 1164 661 Quae
1178 636 1237 666 par
1253 629 1328 665 tum,
1340 626 1409 666 ἔξω]
1433 627 1480 658 Ut
1498 636 1571 667 quae
1589 635 1681 656 com-

976 686 1111 707 munem
1143 677 1412 708 desiderantium
1445 677 1680 718 querentium·

977 736 1055 766 que,
1071 727 1097 756 si
1117 727 1282 766 Regulum
1300 728 1541 768 oppressisset,
1561 726 1677 757 invidi-

977 786 1028 807 am
1042 777 1148 807 diram
1167 776 1309 808 ferendo
1327 788 1389 809 nou
1407 784 1509 810 esset.

1021 829 1059 856 ll
1085 827 1178 857 Nunc
1204 831 1233 857 et
1255 829 1378 865 damna,
1393 828 1460 868 δῖα]
1496 828 1581 859 Haec
1608 828 1680 869 qui-

977 876 1052 906 dem
1071 876 1192 907 damna
1210 876 1336 908 fructui
1350 879 1446 909 nobis
1464 883 1498 909 et
1514 878 1681 918 voluptati

980 932 1122 965 sunt‚et
1145 927 1374 967 jucunditatis
1406 928 1503 968 hujus
1534 928 1680 958 fructum

978 982 1172 1018 permutare
1205 979 1328 1009 nollem
1357 980 1493 1019 porticu
1517 984 1628 1010 stante
1646 984 1681 1010 et

978 1029 1158 1067 incolumi;
1192 1029 1265 1060 haec
1294 1030 1446 1069 pericula
1477 1031 1530 1061 vel
1557 1039 1679 1070 magno

979 1080 1094 1119 precio
1111 1080 1297 1116 subeunda,
1311 1091 1386 1121 quae
1400 1086 1600 1121 argumento
1614 1081 1681 1112 sint

978 1139 1037 1160 nos
1054 1130 1116 1160 diis
1133 1139 1223 1161 curae
1249 1141 1333 1170 esse,
1350 1131 1437 1162 utin
1458 1132 1594 1171 Regulo
1609 1141 1682 1162 ser·

979 1185 1057 1210 vato
1075 1180 1214 1211 deorum
1240 1181 1492 1221 providentiam
1517 1191 1680 1222 agnosca-

977 1239 1064 1260 mus.
1087 1230 1096 1246 ‘
1110 1230 1253 1261 Scilicet
1267 1231 1294 1261 is
1305 1232 1436 1272 superis
1453 1233 1549 1264 labor
1564 1238 1628 1273 est,
1639 1242 1682 1264 ea

977 1290 1059 1311 cura
1075 1281 1207 1321 quietos
1222 1282 1399 1313 Solicitat.’

1023 1333 1060 1361 12
1084 1330 1212 1362 Stantia
1241 1342 1313 1372 non,
1342 1332 1409 1373 ὅγε]
1447 1334 1513 1364 Sed
1544 1334 1680 1365 ruentia

977 1391 1055 1412 mox
1072 1387 1109 1412 ut
1126 1383 1278 1423 Regulus
1306 1384 1434 1423 gestari
1457 1384 1571 1422 desiit,
1598 1384 1677 1415 deo-

977 1442 1047 1462 rum
1074 1433 1321 1473 providentiam
1348 1441 1383 1465 et
1410 1435 1596 1466 bonitatem
1628 1445 1680 1466 ar·

977 1488 1106 1523 guunt:
1133 1483 1209 1514 vide
1224 1486 1331 1525 epigr.
1345 1485 1680 1525 83.inf1·a,⁷mrn?›‹rac,

976 1534 1010 1564 id
1040 1541 1108 1574 est,
1147 1541 1272 1566 eventu
1304 1536 1484 1568 affirmare.
1539 1537 1679 1568 Probare

975 1584 1075 1624 Deos]
1115 1585 1206 1618 Quid
1238 1586 1282 1616 sit
1319 1588 1480 1627 ‘patrem
1513 1587 1681 1627 probare‚’

975 1635 1080 1666 docet
1096 1635 1275 1667 claudian.
1299 1636 1334 1667 in
1361 1637 1521 1668 Herculis
1538 1637 1680 1667 laudati-

976 1695 1062 1716 one:
1086 1685 1246 1726 ‘Inclyte
1271 1686 1465 1727 principiis,
1496 1687 1594 1717 tardo
1621 1687 1678 1717 vix

975 1737 1088 1769 editus
1107 1743 1183 1768 ortu
1211 1738 1337 1768 Fecisti
1364 1738 1405 1769 de
1432 1745 1528 1779 patre
1555 1738 1681 1770 fidem.'

976 1787 1016 1818 Id
1034 1792 1099 1827 est,
1116 1793 1249 1828 patrem
1263 1788 1423 1828 probasti,
1439 1795 1474 1820 et
1488 1788 1586 1821 Jovis
1603 1798 1679 1820 esse

976 1844 1010 1869 te
1026 1838 1130 1869 filium
1148 1837 1261 1869 fecisti
1277 1838 1390 1869 fidem.
1416 1839 1550 1870 Heruld.

1018 1891 1124 1921 Epm.
1149 1898 1226 1920 xtv.
1266 1892 1282 1920 1
1307 1890 1402 1920 Casta
1439 1900 1491 1920 suo
1523 1890 1677 1930 gladium,

974 1940 1041 1980 Esau]
1064 1940 1201 1971 Illustre
1217 1944 1252 1970 et
1268 1940 1363 1970 virile
1378 1940 1411 1970 in
1429 1939 1589 1971 foemineo
1605 1950 1678 1971 cor-

975 1999 1059 2030 pore
1088 1994 1295 2030 contemptae
1321 1990 1439 2020 mortis
1470 1991 1677 2030 exemplum,

974 2044 1090 2083 Arria,
1121 2044 1270 2084 inquam,
1301 2042 1358 2073 illa
1388 2043 1527 2073 heroiua
1560 2042 1678 2073 docuit

975 2095 1109 2125 Paetum
1137 2094 1240 2124 virum
1265 2103 1360 2123 suum
1387 2092 1482 2124 mori.
1530 2092 1676 2123 Caecinae

976 2145 1087 2184 Paeto,
1118 2144 1173 2184 qui
1203 2144 1236 2174 in
1266 2143 1419 2184 partibus
1445 2143 1676 2174 Scribonianis

977 2200 1096 2226 contra
1121 2194 1300 2226 Claudiurn
1324 2193 1456 2230 fuisset,
1473 2193 1514 2223 ad
1531 2198 1676 2224 mortem

976 2247 1112 2285 adacto,
1131 2255 1213 2276 uxor
1232 2244 1333 2275 Arria
1356 2250 1549 2275 extractum
1574 2254 1593 2275 e
1617 2254 1676 2275 suo

976 2297 1115 2328 vulnere
1145 2295 1327 2336 pugionem
1365 2295 1485 2326 marito
1517 2295 1678 2336 porrexit,

977 2358 1052 2379 cum
1071 2356 1171 2378 voce:
1198 2348 1206 2362 ‘
1222 2346 1300 2376 Non
1318 2345 1434 2377 dolet.’
1479 2346 1592 2377 Tacit.
1608 2345 1676 2378 An.

978 2405 1028 2432 16.
1046 2401 1113 2431 Dio
1136 2399 1194 2430 lib.
1219 2402 1272 2430 60.
1291 2399 1382 2430 Plin.
1408 2399 1430 2430 l.
1447 2402 1477 2431 3.
1502 2400 1604 2440 epist.
1623 2402 1674 2431 16.

975 2452 1125 2492 egregie.

1017 2505 1036 2532 4
1060 2501 1121 2532 Sed
1134 2499 1308 2541 quod‚85c.]
1334 2500 1385 2530 Tu
1411 2501 1499 2530 enim
1517 2500 1585 2531 vita
1600 2510 1675 2531 mea

976 2553 1055 2582 mihi
1083 2552 1232 2582 charior:
1257 2561 1321 2592 quo
1351 2552 1444 2581 salvo
1476 2551 1588 2590 perire
1618 2562 1675 2583 ne-

978 2613 1080 2643 queo;
1106 2612 1170 2642 quo
1197 2606 1377 2641 pereunte,
1399 2602 1494 2632 salva
1517 2612 1591 2633 esse
1607 2613 1675 2634 non

976 2662 1120 2692 possum.
1147 2651 1255 2690 Dolet]
1272 2653 1450 2688 Ποιητικῶς.
1464 2662 1540 2683 uam
1554 2655 1672 2685 vulnus

975 2713 1040 2733 non
1058 2702 1163 2740 dolet,
1181 2701 1239 2731 sed
1257 2700 1340 2731 facit
1357 2702 1520 2734 dolorem.
1546 2704 1627 2735 Rad.

1017 2754 1121 2783 Eme.
1138 2761 1197 2782 xv.
1243 2752 1294 2782 Ad
1321 2753 1490 2792 Coesarem]
1528 2754 1673 2784 Domiti-

974 2813 1071 2834 anum
1087 2813 1121 2834 se
1139 2802 1322 2834 Dominum
1337 2812 1375 2833 ac
1394 2803 1503 2834 Deum
1521 2809 1671 2838 nostrum
