1866 3131
286 193 397 236 1346

290 300 458 342 equitibus
474 307 658 330 sermonem
682 308 767 339 esse,
790 309 872 340 quos
892 299 978 340 prio-

290 361 342 382 res
359 351 532 390 Principes
543 350 583 380 ad
598 359 714 390 operas
732 350 880 381 scenicas
901 350 977 380 ade-

287 405 417 441 gerant,
441 400 653 431 Domitianus
674 400 818 440 minime,
846 410 888 431 ne
911 401 978 431 cla-

287 451 432 481 rissimus
446 450 528 481 ordo
544 450 765 482 sordesceret.
791 452 906 482 Rader.

330 503 348 531 3
373 501 509 531 Multum
522 500 615 540 oculi]
640 501 788 541 Propter
801 506 977 541 spectacu-

288 551 320 581 la
336 550 676 591 magnificentissima.
736 550 796 582 Sed
810 553 889 591 plus,
909 551 977 590 ἐγὼ]

287 600 438 640 Propter
473 599 634 638 edictum,
671 609 734 641 quo
776 601 979 631 interdixisti

289 650 779 692 histrionibusscenam,neque
790 651 979 692 enimequi·

287 704 338 730 tes
365 699 419 740 (ut
445 700 506 730 sub
535 701 670 731 Nerone
696 700 834 740 aliisque
851 700 980 740 Impp.)

286 750 494 781 histrioniam
514 754 689 789 exercent,
716 750 774 780 sed
798 761 839 780 ex
856 752 978 781 recita-

289 801 415 832 toribus
442 800 524 832 facti
549 806 625 832 sunt
659 800 841 832 auditores.
886 802 980 832 Suet.

287 861 362 892 cap.
376 855 407 884 7.
418 851 548 883 Domit.

330 902 432 934 Epio.
460 910 596 932 Lxxxv.
641 901 764 932 Lectos
791 902 868 932 olim
891 902 978 933 Nor-

286 952 372 982 bauo
399 952 535 982 seorsim
561 951 707 991 singulos
727 951 870 991 libellos,
891 961 979 983 nunc

286 1011 351 1032 uno
377 1002 545 1032 volumine
563 1001 712 1041 digestos
729 1002 835 1033 mittit
850 1003 882 1033 in
900 1003 979 1033 Vin-

285 1050 451 1082 deliciam.

329 1103 344 1131 1
371 1100 545 1139 Sacrilegos
558 1103 675 1139 contra,
690 1101 757 1141 Suu]
790 1101 916 1132 Contra
932 1111 979 1132 sa-

286 1159 376 1181 cram
426 1151 568 1181 Caesaris
606 1151 818 1191 majestatem
858 1156 978 1183 motos.

286 1199 371 1230 Cum
397 1201 433 1231 L.
460 1199 625 1231 Antonius
649 1201 859 1239 SaturninuS,
880 1211 977 1241 supe*

286 1250 381 1280 rioris
399 1249 587 1281 Germaniae
605 1260 742 1291 praeses,
765 1255 883 1281 contra
909 1251 976 1281 Do-

285 1300 460 1330 mitianum
487 1299 610 1330 bellum
631 1302 847 1341 suscepisset.
891 1300 977 1332 Vide

286 1349 406 1390 Epigr.
425 1352 476 1380 ll.
496 1349 554 1381 lib.
568 1352 599 1381 4.

330 1402 348 1430 3
373 1400 483 1430 Pieria
507 1400 629 1440 umbra]
660 1401 802 1432 Secessu
817 1401 977 1432 suburba-

286 1459 341 1489 no,
359 1451 412 1480 vel
428 1451 504 1490 alio,
521 1450 561 1480 ad
578 1451 698 1482 studia.

334 1503 351 1530 5
377 1500 431 1530 Me
448 1500 505 1530 tibi
536 1500 714 1540 Vindelicis,
730 1501 798 1541 Era]
832 1503 929 1533 Fama
944 1503 977 1534 ln

284 1551 524 1591 Vindeliciam,
547 1563 621 1593 quae
641 1553 681 1583 ad
703 1554 976 1594 Septentrionem

280 1603 388 1643 jacet,
417 1614 545 1644 sparsa,
576 1605 635 1635 tibi
663 1607 820 1637 narrabat
847 1617 898 1638 nie
922 1609 977 1638 de-

284 1652 436 1685 functum
465 1664 536 1685 esse
562 1665 602 1684 ex
626 1656 754 1695 morbo,
769 1666 832 1697 quo
848 1657 976 1689 labora-

286 1705 372 1737 bam.
418 1706 536 1746 Epigr.
557 1709 609 1738 47.
625 1707 684 1738 lib.
702 1709 732 1738 6.
751 1712 786 1738 et
797 1709 912 1748 Epigr.
925 1712 976 1739 26.

282 1758 338 1788 lib.
351 1760 381 1788 8.
429 1757 521 1788 Nihil
535 1757 654 1794 minim,
671 1757 779 1797 inquit
794 1758 870 1789 Jan.
892 1759 975 1789 Rut-

284 1808 421 1847 gersius.
459 1807 581 1846 Neque
595 1806 681 1835 enim
695 1806 812 1836 mortis
827 1808 975 1845 suae,sed

283 1856 477 1888 Carminum
492 1865 624 1886 suorum
649 1855 770 1886 famam
793 1866 832 1887 eo
858 1867 976 1897 perve-

284 1905 375 1936 nisse
388 1905 482 1935 dicit.

331 1958 350 1985 6
383 1954 511 1994 Arctos]
550 1955 617 1985 Pro
647 1955 896 1995 septentrione,
922 1957 975 1987 cui

284 2004 435 2044 subjecta
454 2004 655 2043 Vindelicia,
676 2005 724 2035 uti
743 2010 777 2035 et
803 2011 874 2037 tota
891 2007 975 2038 Ger-

284 2054 408 2093 mania,
424 2054 602 2094 accipitur.

326 2106 346 2134 9
372 2104 467 2134 Omne
481 2104 538 2134 tibi
553 2107 699 2143 nostrum,
713 2106 780 2146 ὅρα]
815 2106 914 2136 Nunc
934 2107 974 2137 ti-

284 2153 317 2184 bi
334 2163 395 2194 ego
420 2159 528 2194 autor,
543 2155 640 2186 mitto
665 2155 761 2186 libros
784 2166 848 2186 una
864 2156 973 2196 diges-

284 2208 355 2234 tos:
375 2213 458 2243 quos
473 2214 492 2234 a
507 2213 559 2234 me
573 2205 731 2235 sexennio
745 2205 900 2245 scriptos,
913 2206 975 2236 tibi

284 2255 443 2294 singulos,
474 2255 529 2285 alii
553 2254 749 2288 afferebant.
771 2257 780 2274 ‘
794 2257 976 2288 Trieteris’

285 2305 373 2335 enim
391 2305 572 2336 triennium
589 2306 753 2337 continet.

326 2355 429 2385 EP1G.
447 2364 599 2387 Lxxxw.
644 2355 779 2396 AEgrum
802 2366 834 2387 se
851 2356 974 2388 Atilius

284 2404 475 2445 simulabat,
501 2416 543 2436 ne
572 2412 752 2447 cogeretur
778 2407 892 2438 amicis
915 2408 973 2438 im-

285 2453 402 2494 pertiri
420 2456 603 2495 sportulam
619 2466 626 2486 :
649 2455 737 2486 hunc
750 2455 898 2487 morbum
908 2466 973 2487 non

284 2503 403 2541 Atilio,
428 2504 487 2535 sed
511 2514 578 2536 suae
606 2505 765 2545 sportulae
798 2506 845 2536 ait
868 2506 974 2537 letha-

283 2554 361 2585 lem.
390 2555 538 2586 Raderus.

329 2607 345 2634 l
371 2604 567 2643 Languidior
599 2606 709 2645 nostri,
738 2606 804 2646 lya]
852 2606 896 2637 Et
925 2606 972 2636 sic

284 2653 371 2683 hunc
389 2663 521 2684 versum
546 2664 621 2685 cum
639 2655 752 2695 Lipsio
770 2656 867 2695 lege:
893 2656 973 2687 Lan-

284 2703 407 2740 guidior
431 2706 531 2734 noster
557 2705 583 2734 si
611 2706 727 2745 quando
756 2709 801 2735 est
833 2705 971 2744 Paullus,

740 204 878 235 NOTAE

914 204 1171 236 vARloRUM
1203 204 1253 234 IN

1027 299 1121 329 Atili.
1168 299 1308 329 Frustra
1332 298 1517 329 Scriverius
1541 305 1718 339 repugnat.

1029 349 1118 381 Quid
1135 350 1221 379 enim
1239 354 1311 380 est:
1337 352 1345 367 ‘
1358 350 1494 380 Paullus
1515 349 1643 380 Atilii?’
1660 351 1717 381 Af-

1027 397 1095 429 fert
1121 408 1161 429 ex
1186 399 1241 430 lib.
1257 403 1285 430 7.
1314 400 1378 440 Ep.
1396 402 1446 430 38.
1472 400 1481 417 ¹
1497 401 1600 431 nostri
1620 401 1719 442 Poly-

1028 450 1147 491 pheme
1163 451 1301 482 Severi?
1344 451 1432 483 Quid
1448 451 1576 481 simile?
1624 452 1721 492 Poly-

1028 500 1166 540 phemus
1190 501 1265 540 iste,
1288 501 1417 542 signum
1443 506 1517 532 erat
1532 503 1585 532 vel
1600 500 1722 540 imago,

1028 562 1125 592 quam
1147 552 1340 593 possidebat
1361 553 1526 584 Severus:
1561 553 1719 594 numquid

1029 607 1064 633 et
1082 603 1218 633 Paullus
1234 608 1306 634 erat
1322 603 1444 644 imago,
1458 613 1555 644 quam
1572 602 1721 634 habebat

1029 652 1175 684 Atilius?
1214 654 1349 684 Gronov.
1391 654 1584 692 Languidior
1612 652 1723 691 nostri,

1027 703 1094 743 Ara]
1117 704 1253 734 Paullus
1270 704 1322 734 vel
1339 703 1453 734 morbo
1470 704 1628 743 languens
1641 711 1720 732 con-

1028 754 1121 784 vivas
1152 758 1272 785 vocat:
1298 759 1334 785 tu
1364 763 1405 784 ne
1429 754 1551 784 invites
1579 758 1615 783 et
1639 753 1720 783 alios

1029 803 1191 834 conviviis
1207 803 1369 843 excipias,
1395 803 1545 834 morbum
1565 803 1698 833 simulas
1715 813 1723 833 :

1028 854 1141 884 nescio
1167 853 1301 893 quidem
1333 863 1373 884 an
1401 859 1436 884 tu
1461 858 1618 893 aegrotes,
1640 853 1719 883 mihi

1028 908 1122 934 certe
1150 905 1293 934 moritur
1319 903 1475 944 peritque
1506 903 1657 943 sportula
1687 907 1721 934 et

1029 963 1133 984 coenae
1150 957 1216 984 tnae
1233 963 1319 993 spes.

1070 1007 1088 1034 4
1113 1004 1264 1035 Perrexit
1277 1005 1379 1044 pedes,
1393 1003 1462 1043 esa]
1502 1002 1719 1034 Translatum

1029 1063 1047 1083 a
1063 1062 1155 1084 more
1171 1054 1393 1094 componendi
1420 1058 1582 1091 mortuos,
1605 1059 1718 1084 exten-

1027 1103 1070 1134 sis
1098 1104 1329 1144 porrectisque
1355 1105 1388 1134 in
1406 1104 1542 1143 januam
1566 1102 1719 1142 pedibus.

1070 1153 1175 1183 Epm.
1194 1161 1358 1184 Lxxxvn.
1396 1153 1551 1184 Funebre
1567 1153 1720 1188 Carmen,

1028 1211 1092 1241 quo
1111 1200 1214 1232 deflet
1230 1202 1391 1233 minorem
1417 1207 1496 1233 natu
1519 1202 1620 1233 filium
1636 1203 1720 1233 Silii.

1028 1253 1081 1282 De
1098 1261 1161 1292 quo
1178 1252 1307 1282 Plinius
1323 1252 1378 1284 lib.
1396 1255 1426 1283 3.
1443 1254 1505 1293 Ep.
1521 1256 1550 1283 7.

1069 1305 1085 1332 1
1111 1302 1284 1340 Festinata,
1306 1302 1373 1342 lym]
1397 1303 1659 1343 Praeproperam
1683 1308 1718 1334 et

1026 1352 1234 1383 immaturam
1250 1352 1309 1383 filii
1325 1353 1374 1383 sui
1390 1353 1507 1384 Severi
1524 1359 1676 1384 mortem.

1069 1405 1088 1432 2
1112 1402 1183 1433 Non
1194 1404 1285 1432 semel
1300 1413 1349 1432 ore
1359 1402 1479 1442 potens]
1496 1403 1568 1433 Non
1581 1413 1645 1433 uno
1662 1413 1718 1442 ge-

1028 1461 1132 1482 nere:
1157 1457 1230 1482 erat
1257 1452 1345 1482 euim
1368 1456 1403 1483 et
1426 1458 1540 1483 orator
1556 1459 1590 1483 et
1607 1453 1718 1492 poeta.

1029 1502 1143 1541 Epigr.
1157 1504 1208 1532 62.
1225 1501 1280 1532 lib.
1297 1505 1328 1533 7.

1071 1555 1089 1582 3
1116 1553 1194 1583 Cum
1213 1562 1322 1592 grege,
1349 1552 1418 1592 ἔξω]
1451 1555 1523 1594 Ego
1545 1554 1628 1585 Silio
1644 1564 1721 1585 con-

1029 1601 1130 1642 dolui,
1147 1608 1182 1634 et
1196 1613 1326 1634 mecum
1339 1603 1460 1644 Apollo
1471 1610 1572 1646 atque
1587 1605 1693 1636 Musae
1710 1618 1717 1635 :

1030 1655 1095 1689 vel,
1119 1655 1206 1695 apud
1233 1654 1425 1695 Apollinem
1442 1662 1476 1687 et
1493 1657 1607 1687 Musas
1621 1665 1717 1698 ques-

1030 1709 1082 1735 tus
1099 1714 1169 1735 sum
1184 1705 1224 1736 de
1238 1705 1309 1736 fato
1324 1706 1452 1738 Severi.

1068 1756 1088 1782 4
1113 1755 1181 1792 Ipse
1204 1765 1300 1785 meum
1317 1755 1406 1794 fleri,
1426 1756 1495 1797 ἔξω]
1521 1757 1718 1797 Respondet

1027 1800 1172 1842 Apollo:
1198 1803 1242 1833 Et
1270 1803 1363 1834 nobis
1381 1804 1456 1835 Diis
1481 1807 1609 1845 periere
1636 1806 1716 1845 filii3

1027 1852 1106 1882 mihi
1129 1853 1242 1890 Linus,
1258 1854 1420 1894 Calliope,
1443 1854 1618 1895 0rp11eus;
1638 1857 1717 1888 Jovi

1025 1902 1217 1942 Sarpedon3
1241 1904 1436 1935 Domitiano
1452 1905 1538 1936 filius
1554 1916 1630 1938 suus
1647 1907 1717 1938 Do-

1026 1953 1098 1983 mit.
1115 1953 1157 1983 de
1175 1963 1238 1994 quo
1251 1954 1307 1984 lib.
1321 1957 1351 1985 6.
1367 1955 1480 1994 Epigr.
1493 1958 1523 1986 3.

1067 2005 1087 2033 6
1114 2003 1229 2033 Vulnus
1241 2004 1347 2044 habes]
1370 2006 1379 2021 ‘
1400 2005 1536 2042 Habes,'
1560 2007 1715 2047 simplici-

1026 2057 1089 2082 ter.
1133 2053 1289 2083 Tractum
1317 2063 1335 2083 a
1362 2054 1612 2093 gladiatoribus.
1657 2057 1715 2087 Vi-

1025 2101 1152 2132 dendus
1172 2102 1326 2133 Donatus
1347 2103 1387 2133 ad
1405 2104 1492 2134 bunc
1515 2104 1650 2136 Andriae
1668 2106 1713 2136 lo-

1024 2161 1120 2181 cum:
1160 2151 1284 2183 ‘Certe
1321 2158 1440 2193 captus
1477 2160 1542 2191 est,
1578 2155 1715 2186 Habet:

1024 2201 1177 2241 Metaph.
1208 2202 1249 2233 ab
1273 2213 1384 2234 arena.
1421 2204 1508 2235 Vide
1533 2210 1565 2234 et
1593 2205 1713 2237 Seuec.

1024 2250 1194 2290 Agamem.
1214 2261 1298 2283 vers.
1317 2256 1390 2283 895.

1066 2303 1083 2330 7
1109 2301 1251 2341 Adspice,
1263 2301 1329 2341 Era]
1344 2303 1377 2333 Si
1390 2302 1462 2334 fata
1474 2303 1712 2336 immortalium

1023 2350 1169 2381 Deorum
1186 2357 1280 2382 natos
1298 2352 1432 2391 tollunt,
1447 2353 1527 2394 quid
1543 2354 1713 2395 querimur

1023 2401 1203 2431 mortales?

1064 2454 1083 2481 8
1097 2451 1218 2491 Jovem]
1242 2452 1361 2484 Jovem
1377 2457 1412 2483 et
1425 2453 1659 2486 Domitianum.

1065 2505 1103 2534 10
1128 2504 1251 2534 Invidia
1265 2505 1374 2545 possis]
1408 2506 1484 2536 Non
1500 2512 1549 2536 est
1562 2507 1646 2548 quod
1658 2517 1712 2538 su-

1022 2553 1111 2592 peris
1126 2554 1280 2584 irascaris
1294 2566 1302 2593 ;
1320 2564 1394 2586 cum
1409 2555 1543 2595 ipsimet
1557 2566 1620 2587 non
1636 2567 1709 2597 pos-

1021 2603 1086 2633 sint
1099 2612 1117 2633 a
1132 2604 1198 2634 suis
1212 2604 1297 2634 uatis
1310 2604 1377 2635 fata
1393 2614 1519 2637 arcere.

1065 2654 1166 2685 Erro.
1197 2664 1379 2687 Lxxxnn.
1423 2657 1463 2687 Iu
1494 2662 1707 2688 testamento-

1021 2714 1091 2735 rum
1119 2706 1361 2745 suppositorem
1383 2712 1435 2737 est
1457 2708 1517 2738 hoc
1534 2708 1706 2747 Epigram-
