1866 3131
414 174 462 203 M.
497 174 606 204 VAL.
641 173 913 203 MAR'rtAlAs
950 175 1111 205 EPlGR.
1147 176 1240 205 Lll5.
1274 176 1345 204 111.

156 268 301 300 foetebat
331 268 454 306 anima,
475 267 565 300 sorte
596 267 684 309 quod
715 267 849 299 fellator

157 323 268 349 esset:
313 329 389 349 nam
430 328 529 359 quum
569 317 721 349 scriblita
760 327 848 358 quae-

158 369 234 399 dam
277 368 433 399 secundis
456 369 580 399 mensis
613 368 769 412 apposita
800 366 850 398 fu-

157 419 254 458 isset,
287 429 396 459 neque
424 424 512 450 esset
541 418 659 459 aliquis
684 419 739 459 qui
775 427 848 449 eam

158 474 326 509 taugeret,
359 474 540 510 propte-rea
570 468 660 509 quod
690 468 849 507 arderet3

159 526 280 561 terque
298 525 485 561 quaterque
503 518 649 550 sufflavit
665 519 755 559 ipse:
785 529 850 560 quo

158 569 249 601 facto
272 570 383 610 tepuit
412 569 548 610 quidem
575 569 644 608 illa,
660 568 719 598 sed
752 578 850 599 nemo

159 622 266 652 voluit
284 626 436 660 tangere,
453 619 541 661 quod
558 619 664 650 halitu
681 619 754 659 ejus
772 629 850 649 con-

158 677 315 712 spui-cata
333 676 434 702 esset.
464 670 619 701 Ramires.

202 725 215 752 l
250 721 413 761 scriblita]
470 721 654 752 Bellarium
694 718 851 750 secundae

156 782 292 811 mensae,
307 773 351 803 ad
375 771 508 803 modum
533 772 699 812 placentae
720 768 854 801 confec-

157 823 442 863 tum,Syncopate
456 831 517 862 pro
529 823 538 839 ‘
548 819 732 860 scribilita‚'
749 820 854 859 Torta,

158 871 258 912 Hisp.
291 873 378 903 Sunt
402 872 459 913 qui
488 873 604 913 legant
633 871 765 902 intrita:
798 871 853 901 alii

157 922 308 952 stribilita
323 920 382 952 ἀπὸ
404 922 458 952 τοῦ
481 922 656 962 στρεβλεῖν,
678 921 768 961 quod
790 926 854 960 est,

156 975 312 1011 torquere,
335 972 425 1012 ideo,
440 972 528 1013 quod
554 972 588 1002 in
615 971 760 1002 circuitu
785 975 853 1002 tor-

157 1029 300 1062 queatur
314 1024 412 1054 restis
438 1024 470 1054 in
497 1023 642 1054 modum.
668 1022 756 1053 unde
777 1021 853 1053 His-

156 1073 235 1114 pani
252 1077 364 1103 tortum
379 1073 507 1104 dicunt.
532 1075 629 1105 Idem.

199 1126 217 1153 5
242 1123 517 1164 Digitusque,&c.]
540 1123 764 1155 convivarum
783 1127 850 1153 tan·

158 1173 322 1213 gentium.

200 1227 220 1254 6
244 1223 342 1254 Nemo
364 1224 478 1263 patuit,
507 1223 575 1263 Bra]
622 1224 730 1254 Nemo
753 1222 851 1253 susti-

156 1273 230 1304 nuit
246 1273 350 1305 edere
367 1275 417 1304 vel
429 1279 564 1313 gustare
577 1273 775 1310 scriblitam,
792 1272 850 1303 im-

156 1332 240 1364 puro
283 1325 389 1355 halitu
424 1329 482 1354 tuo
520 1328 736 1365 corruptam:
774 1322 851 1354 vide

157 1373 266 1415 epigr.
279 1377 331 1405 93.
349 1374 418 1405 1.7.

198 1425 301 1456 Eme.
317 1434 425 1456 xviii.
451 1428 465 1455 1
490 1423 694 1464 Perfrixisse,
707 1423 776 1464 ssa]
799 1424 851 1455 Ex

156 1474 280 1515 frigore
297 1476 457 1506 raucisse.

200 1528 220 1557 2
246 1527 324 1556 Cum
348 1529 392 1563 te,
416 1525 484 1566 θα]
524 1525 788 1556 Excusationem
817 1524 851 1555 in

159 1581 266 1608 totum
284 1577 487 1617 accipimus:
514 1577 567 1607 vel
582 1576 715 1606 omuino
732 1575 852 1606 recita-

158 1627 250 1658 tione
279 1626 511 1666 supersedeas,
540 1631 578 1657 ut
607 1626 669 1656 tibi
693 1631 727 1656 et
755 1626 852 1657 nobis

158 1686 291 1717 parcas.

202 1728 307 1759 Eme.
335 1736 412 1759 xix.
456 1730 471 1758 l
499 1727 660 1765 Proxima,
683 1726 752 1766 ἐγὼ]
791 1726 853 1758 Est

158 1779 279 1811 flebilis
300 1780 453 1820 quaedam
469 1779 614 1809 narratio
630 1788 729 1809 casus
746 1778 853 1818 cujus-

158 1831 247 1870 dam,
260 1840 324 1871 quo
337 1830 438 1870 periit
450 1829 633 1870 pulchellus
646 1837 743 1868 puer,
754 1836 853 1867 quem

159 1881 283 1921 Hylam
312 1885 424 1911 vocat.
467 1879 506 1911 In
533 1879 668 1920 porticu
692 1878 854 1917 Vipsana,

159 1940 218 1962 seu
247 1931 355 1962 stadio
381 1930 504 1971 potius,
529 1933 666 1960 centum
691 1928 854 1959 columnis

157 1981 288 2012 sublata
303 1982 340 2023 (l.
357 1984 388 2012 2.
401 1980 506 2021 epigr.
518 1979 586 2020 14.)
598 1979 854 2020 platanisjuxta

158 2031 298 2063 consitis
310 2041 429 2072 opaca,
446 2028 479 2061 e't
493 2031 615 2061 statuis
631 2029 780 2060 ferarum
797 2039 854 2060 ex-

158 2086 300 2121 ornata;
331 2081 409 2112 dum
426 2080 630 2112 ludibundus
647 2089 733 2120 puer
750 2084 783 2110 et
802 2089 853 2110 ur-

160 2142 206 2164 sae
223 2132 317 2164 velut
332 2132 506 2170 insultans,
522 2130 572 2161 ori
596 2135 718 2162 statuae
748 2130 854 2161 hianti

159 2191 292 2212 manum
306 2181 481 2218 insereret,
493 2190 512 2211 a
523 2181 650 2220 vipera,
662 2190 738 2221 quae
754 2180 855 2211 inore

161 2236 285 2263 statua:
300 2231 443 2270 latebat,
458 2240 601 2270 morsus,
617 2230 757 2261 interiit.

202 2284 222 2312 2
246 2281 362 2321 Fictoe]
387 2282 464 2312 Non
477 2281 601 2321 pictae:
624 2280 757 2321 fingunt
769 2281 856 2312 enim

162 2331 483 2371 statuarii,pingunt
508 2332 666 2371 pictores.
709 2331 858 2363 Platano-

160 2380 217 2421 na]
240 2382 363 2412 Locum
382 2381 532 2412 Platanis
545 2382 723 2413 consitum.

204 2433 223 2461 3
250 2430 359 2462 Tentat
376 2430 493 2471 hiatus]
515 2431 608 2462 Puer
623 2434 777 2472 explorat
791 2433 855 2464 oris

162 2484 198 2512 et
214 2480 364 2512 faucium
389 2480 612 2522 altitudinem,
626 2491 791 2523 manuque
808 2484 856 2513 in-

162 2536 266 2571 serta,
282 2531 369 2572 Age,
384 2530 506 2572 inquit,
522 2532 649 2573 morde,
660 2532 781 2573 fera‚si
799 2543 856 2573 po-

164 2586 230 2613 tes.

203 2635 224 2663 4
249 2633 368 2674 Hylas]
389 2633 526 2673 Species
544 2643 604 2675 pro
619 2643 753 2673 genere.

205 2687 223 2714 5
251 2683 354 2723 Caeco]
385 2683 587 2723 Tenebroso,
603 2689 640 2715 ut
655 2684 761 2716 videri
778 2685 857 2725 quid

165 2732 352 2765 abderetur
382 2742 446 2763 non
479 2737 617 2772 posset;
654 2734 703 2765 ita
731 2744 858 2765 caecum

194 2817 198 2821 Α
250 2787 403 2827 Delpl1.et
422 2786 494 2817 l'nr.
508 2786 591 2817 Clas.

815 2786 962 2818 Martini.

1490 167 1600 207 1169

902 272 1049 298 antrum.
1075 268 1231 301 liuderus.

943 320 963 348 6
992 318 1189 358 Vivebatque,
1209 320 1277 360 ὅπη]
1321 320 1421 351 Ficta
1441 321 1514 352 haec
1540 332 1597 352 seu

900 377 1089 399 marmorea
1112 379 1203 409 ursa,
1225 376 1399 411 comperta
1425 376 1477 403 est
1499 373 1601 403 letha-

903 417 965 447 lior
981 427 1060 448 ursa
1072 418 1157 458 viva,
1170 421 1262 459 quasi
1279 422 1410 460 spirans
1426 423 1538 453 anima
1554 425 1601 454 vi-

902 476 994 507 perae
1007 477 1081 509 quae
1096 477 1154 498 sua
1167 468 1330 502 deterior.
1365 473 1408 502 Et
1426 474 1602 513 eleganter

903 517 990 548 dixit
1012 518 1022 534 ⁴
1040 518 1201 558 vivebat,’
1230 529 1292 559 pro
1328 520 1475 553 habebat
1500 523 1533 554 in
1565 533 1601 555 se

901 567 1044 598 bestiam
1063 569 1246 600 viventem.

944 621 964 649 8
990 619 1018 648 Ο
1042 618 1186 659 facinus]
1211 619 1241 650 O
1259 621 1344 651 male
1360 620 1497 663 factum,
1513 625 1601 664 quod

901 678 967 699 non
985 678 1062 700 vera
1090 676 1180 703 esset
1204 681 1308 703 ursa:
1339 676 1408 703 tum
1438 674 1525 704 euim
1543 680 1602 705 aut

903 728 987 760 puer
1004 729 1136 751 manum
1159 722 1209 752 ori
1230 723 1379 753 inserere
1397 725 1604 764 supersedis-

903 773 976 808 set;
1008 775 1067 801 aut
1099 775 1217 803 tenero
1251 771 1467 815 formosaque
1497 784 1602 816 puero

907 819 984 851 viva
999 830 1077 852 ursa
1093 822 1314 863 pepercisset.

945 870 1049 902 EPIG.
1076 880 1139 903 xx.
1169 875 1185 903 l
1214 872 1275 904 Dic
1301 874 1407 911 Musa,
1436 874 1506 914 ἔγω]
1540 876 1603 907 Ca·

902 919 993 951 nium
1017 921 1152 962 poetam
1175 927 1341 963 perpetuo
1359 923 1523 956 ridentem
1546 926 1604 956 de-

902 971 1040 1012 scripsit
1065 972 1085 1003 l.
1102 975 1133 1003 1.
1153 973 1261 1014 epigr.
1278 977 1330 1004 70.
1357 975 1415 1005 ubi
1438 985 1512 1006 eum
1538 976 1600 1007 Pa-

902 1029 962 1051 nos
978 1025 1099 1052 statuae
1122 1028 1309 1063 comparat,
1337 1025 1495 1065 perpetui
1520 1025 1603 1057 risus

902 1070 1017 1111 specie
1028 1070 1198 1103 conflatae.

944 1124 964 1152 2
993 1121 1145 1163 Victuris]
1176 1123 1255 1154 Non
1273 1124 1445 1165 perituris,
1460 1135 1500 1157 eo
1516 1127 1603 1157 natis

902 1170 1002 1210 genio
1019 1177 1053 1202 et
1066 1170 1150 1212 fato,
1164 1177 1202 1204 ut
1218 1173 1510 1207 immortalitatem
1525 1186 1603 1207 cou-

903 1224 1044 1261 secutae,
1061 1223 1205 1261 posteris
1219 1223 1388 1264 legantur.

943 1273 962 1301 3
987 1271 1181 1313 Temporum,
1206 1273 1276 1314 thu]
1327 1274 1512 1307 Historiam
1559 1277 1601 1308 de

903 1320 1035 1353 Claudii
1052 1323 1274 1364 temporibus.

944 1375 965 1404 4
988 1372 1040 1403 An
1055 1383 1123 1413 quoe
1146 1375 1277 1415 Neroni,
1303 1376 1372 1416 δῖα]
1407 1376 1461 1408 An
1486 1379 1605 1410 scribi-t

903 1432 980 1463 quae
994 1423 1147 1455 adstruat
1164 1425 1293 1456 Neroni
1309 1431 1468 1467 tanquam
1484 1430 1601 1462 autho>-

904 1473 945 1512 ri,
961 1478 998 1504 ut
1016 1474 1183 1514 prodeant
1200 1476 1262 1507 sub
1278 1477 1411 1509 nomine
1431 1479 1577 1511 Neronis
1592 1482 1603 1511 ?

902 1523 965 1554 Vel
982 1533 1023 1554 an
1040 1525 1082 1556 ad
1097 1524 1198 1557 fidem
1213 1531 1249 1558 et
1262 1529 1440 1560 veritatem
1451 1530 1603 1562 historia-2

905 1579 1045 1605 revocat
1068 1577 1323 1617 componitque,
1344 1588 1420 1619 quae
1435 1580 1512 1611 vivo
1534 1581 1604 1612 Ne-

902 1637 984 1658 rone
1000 1627 1042 1658 ob
1058 1632 1183 1658 metum
1198 1633 1256 1660 aut
1270 1629 1512 1671 adulationem,
1528 1642 1604 1672 quae

902 1683 1034 1709 mortuo
1051 1689 1093 1710 ex
1118 1680 1247 1711 recenti
1273 1680 1350 1712 odio
1374 1681 1462 1713 falsa
1477 1683 1606 1723 scripta.

901 1729 1002 1760 sunt?
1035 1730 1147 1761 Tacit.
1172 1731 1205 1760 in
1224 1740 1361 1770 prooem.
1385 1732 1507 1763 Annal.
1535 1734 1605 1765 Ne-

904 1780 993 1811 ronis
1019 1780 1161 1811 historia
1185 1791 1205 1811 a
1232 1782 1402 1823 plerisque
1426 1784 1603 1823 scriptori·

902 1831 964 1863 bus
980 1832 1237 1863 mendacissime
1251 1832 1364 1864 fuerat
1386 1836 1582 1876 conscripta
1596 1852 1605 1879 3

903 1892 1005 1923 quum
1027 1883 1098 1922 alii,
1110 1883 1190 1914 dum
1207 1883 1234 1914 is
1251 1884 1394 1925 viveret,
1409 1887 1604 1928 turpissime

902 1933 934 1964 ei
951 1933 1193 1965 adularentur:
1218 1935 1274 1965 alii
1289 1940 1416 1977 autem,
1431 1947 1471 1969 eo
1494 1939 1605 1971 subla·

903 1987 951 2023 to,
962 1992 1048 2013 nova
1074 1983 1204 2014 scelera
1229 1987 1426 2027 commenti,
1439 1989 1545 2019 multa
1573 1990 1604 2020 ei

903 2033 1130 2073 adstruerent,
1156 2033 1198 2064 de
1222 2035 1343 2075 quibus
1370 2046 1412 2068 ne
1435 2038 1605 2078 cogitarat

903 2083 1050 2123 quidem.
1095 2083 1136 2114 Id
1160 2083 1353 2116 observavit
1378 2086 1517 2128 Joseph.
1544 2089 1606 2121 Ju-

903 2133 990 2164 daie.
1006 2132 1140 2173 Origin.
1157 2133 1180 2164 l.
1198 2136 1250 2165 20.
1269 2144 1299 2166 c.
1315 2139 1347 2167 5.
1369 2136 1504 2168 Herald.

946 2186 963 2213 5
989 2182 1126 2222 Improbi
1132 2183 1221 2221 jocos
1235 2183 1383 2224 Pleoedri]
1407 2186 1486 2217 Non
1502 2187 1604 2218 alium

903 2232 1057 2273 intelligo
1073 2243 1172 2273 quam
1194 2233 1289 2265 illum
1307 2235 1433 2266 Tiberii
1457 2235 1605 2277 Augusti

904 2282 1078 2313 libertum:
1103 2291 1202 2322 quem
1227 2284 1444 2324 ‘improbum
1458 2285 1467 2299 '
1489 2292 1606 2327 vocat,

904 2332 938 2363 id
963 2336 1027 2372 est,
1043 2332 1244 2363 audaculum
1260 2334 1348 2374 quod
1372 2335 1433 2365 sub
1459 2345 1605 2375 persona

904 2382 1093 2414 fabularum
1110 2382 1342 2423 AEsopiearum
1356 2384 1536 2416 traducere
1548 2395 1605 2416 au-

904 2443 958 2464 sus
994 2437 1045 2463 est
1072 2432 1242 2463 hominum
1275 2438 1450 2473 potentum
1481 2445 1603 2467 mores.

905 2484 992 2514 Nam
1010 2482 1097 2523 quod
1114 2482 1231 2522 ‘jocos
1247 2483 1256 2497 ⁷
1282 2483 1383 2523 dixit,
1400 2485 1551 2525 respexit
1568 2487 1606 2516 il-

906 2533 963 2563 lud
981 2531 1136 2563 Phaedri:
1162 2533 1171 2549 ‘
1190 2532 1294 2563 Fictis
1317 2533 1430 2573 jocari
1457 2545 1517 2566 nos
1536 2545 1605 2567 me-

906 2583 1042 2614 minerit
1058 2581 1203 2614 fabulis.’
1234 2583 1309 2614 Hoc
1322 2585 1510 2617 monuimus
1525 2587 1604 2618 olim

907 2633 948 2664 ad
986 2632 1087 2663 Statii
1113 2632 1232 2664 Silvas.
1267 2633 1403 2666 Gronov.
1460 2635 1604 2677 Phoedri]

907 2682 1133 2722 mimographi
1163 2683 1301 2722 alicujus
1324 2684 1504 2724 jocularii;
1537 2695 1604 2717 nou

908 2738 1019 2764 autem
1046 2733 1135 2764 illius
1166 2734 1221 2775 qui
1248 2732 1379 2765 fabulas
1407 2738 1603 2775 composuit.

1446 2791 1463 2819 4
1491 2789 1517 2819 E
