1866 3131
226 189 339 232 1334-

224 294 311 326 enim
329 295 361 325 in
377 294 562 325 confinibus
579 295 715 336 AEgypti
729 295 792 327 sub
808 296 929 336 Tropi-

226 355 266 376 co
295 345 419 377 Cancri
447 346 580 377 directe
613 346 767 378 locatur:
803 348 927 388 ‘atque

227 398 373 438 umbras,
403 408 565 439 nusquam
595 396 758 430 flectente
791 398 926 440 Syene!

226 448 351 479 Lucan.

269 502 288 529 ὃ
312 498 392 537 Scis,
407 502 511 538 quota,
526 499 596 539 ὅπη]
621 500 758 540 Lynceo
771 500 820 530 ve]
835 500 927 530 Stra-

228 550 314 581 bone
353 551 593 590 perspicacior,
624 556 721 590 potes
752 561 927 581 nnmerum

226 599 355 632 referre
372 600 506 631 navium
521 601 733 641 Carthaginis
748 607 845 642 portu
863 603 927 632 sol-

227 651 390 682 ventium.
409 651 497 682 Plin.
514 651 572 682 lib.
587 654 618 682 7.
635 662 709 692 cap.
724 655 778 683 21.

269 704 289 732 9
315 701 412 740 Cujus
428 702 534 741 Iuteae,
548 702 617 741 Qun]
640 702 688 732 Tu
702 702 792 732 nosti
806 702 928 742 quibus

227 752 340 783 Caesar
356 762 495 783 coronas
514 753 545 782 in
566 753 793 794 quinquatriis
810 753 853 783 sit
871 753 928 783 da-

226 808 333 835 turus.
378 804 489 844 Iuleae]
514 804 693 843 Caesareae,
716 804 855 844 aJulio,
872 805 929 846 qui

225 855 267 885 ab
282 854 366 885 Iulo.

270 909 310 937 10
334 906 499 937 AEthereus
512 906 616 947 pater]
636 907 773 947 Jupiter
792 907 931 948 Capito-

228 957 329 987 linus.

270 1011 306 1038 ll
336 1007 417 1038 Tolle
433 1011 502 1038 luas
516 1011 612 1046 artes,
627 1007 695 1048 8yc.]
731 1008 804 1048 Ego
822 1008 929 1039 invito

228 1063 275 1097 te,
291 1057 442 1098 sublege
458 1057 595 1089 silentii.

270 1107 374 1138 Emo.
400 1116 547 1139 xxxv-11.
593 1110 608 1138 1
634 1109 804 1140 Ausonium
826 1110 932 1140 minis-

226 1158 324 1198 trum]
369 1159 530 1189 Earinum
571 1160 796 1199 Imperatoris
834 1161 930 1192 Rom.

227 1209 475 1249 pocillatorem,
508 1218 603 1239 coma
639 1209 805 1250 deposita.
853 1211 931 1252 Epi-

227 1264 416 1299 grammate
435 1262 484 1289 17.
504 1265 540 1289 et
557 1262 730 1300 18.supra.

269 1313 289 1341 2
315 1310 427 1350 Plu-yx
441 1310 582 1347 alterius,
603 1309 672 1350 fisa]
701 1310 931 1351 Ganymedes.

227 1361 322 1394 Jovis
341 1361 535 1401 pocillator,
562 1361 628 1399 vel,
646 1362 838 1401 appositive
855 1372 930 1393 eum

202 1420 206 1424 ⁴
225 1414 235 1430 ‘
251 1410 465 1449 ministrnm(
491 1411 631 1442 delicias
655 1412 859 1451 Domitiani,
876 1412 931 1453 qui

228 1462 380 1494 Martiali
422 1462 510 1492 alter
539 1461 701 1502 Jupiter:
740 1462 802 1492 nisi
842 1461 932 1493 sorte

227 1515 319 1555 (quae
345 1513 465 1544 Poetae
489 1513 590 1552 impia
609 1516 659 1543 est
675 1511 842 1553 adulatio)
865 1513 933 1544 Do-

227 1565 368 1596 mitiano
383 1564 506 1596 Jovem
527 1563 714 1594 secundnm
730 1563 823 1594 velit.

272 1618 290 1646 3
317 1615 380 1646 Suo
394 1614 521 1655 ephebo]
547 1614 683 1645 Earino.

272 1669 312 1697 10
341 1666 404 1697 Vix
428 1666 523 1705 capit,
551 1664 619 1705 35⁶²]
665 1665 794 1696 Tantus
817 1674 934 1696 eorum

230 1726 387 1748 mnnerus
405 1722 469 1747 est.

274 1772 314 1799 12
352 1768 417 1804 Qui
452 1770 561 1798 nectar
595 1765 740 1805 misceat]
783 1765 936 1806 Antiqua

229 1818 395 1859 φράσις,θῐ
410 1829 449 1849 ex
467 1827 558 1848 more
575 1817 727 1857 antiqno.
752 1821 760 1834 ‘
774 1816 935 1847 Miscere’

228 1870 430 1910 simpliciter
453 1868 546 1907 χέειν,
571 1877 662 1907 saepe
685 1867 775 1908 apud
796 1868 937 1898 Martia·

229 1922 306 1952 lem.
338 1919 495 1952 Juvenal.
531 1919 605 1950 Sat.
635 1923 668 1949 5.
699 1920 708 1935 ‘
727 1918 847 1949 Nescit
886 1922 937 1948 tot

230 1972 376 2002 millibus
398 1974 532 2010 emptus
558 1969 772 2010 Pauperibus
794 1969 936 1998 miscere

232 2021 339 2063 puer.¹

275 2073 527 2103 Emaxxxix.
564 2074 578 2101 l
599 2069 820 2109 Szc›nnza‚s,-c.]
848 2068 936 2109 Aga-

233 2124 317 2154 thin.
335 2124 389 2153 hic
406 2132 448 2153 ex
467 2131 607 2152 numero
630 2121 879 2150 Ventilatorum
897 2129 937 2150 ac

232 2174 437 2204 Pilariorum
455 2177 543 2209 erat,
561 2172 659 2212 cujus
676 2176 784 2201 artem
809 2177 844 2202 et
869 2171 939 2211 agi-

233 2224 364 2255 litatem
394 2233 466 2253 eam
494 2232 568 2253 esse
595 2222 677 2252 dicit
696 2221 819 2260 Poeta,
836 2228 873 2252 ut
890 2221 939 2251 illi

233 2284 317 2314 opus
347 2274 390 2304 sit
415 2278 503 2312 arte,
533 2273 560 2303 si
587 2272 721 2313 quando
745 2281 890 2312 peccare
905 2276 940 2303 et

234 2334 350 2354 errare
380 2324 483 2354 velit:
522 2322 694 2354 difficilius
726 2323 773 2353 illi
807 2327 860 2352 est
888 2332 939 2352 er-

235 2384 320 2413 rare,
346 2385 444 2414 qnam
471 2383 534 2404 uon
558 2383 684 2405 errare.
733 2373 880 2404 Pericula
896 2374 940 2403 lu·

233 2426 306 2465 dus]
338 2426 483 2464 Erroris,
506 2425 557 2455 vel
586 2425 689 2456 etiam
719 2425 867 2456 vulneris
898 2425 939 2456 ab

235 2477 344 2513 hasta,
370 2477 496 2516 gladio,
527 2486 585 2506 seu
616 2477 752 2516 clypeo,
779 2486 854 2517 quae
885 2476 941 2506 isti

237 2528 470 2558 Neritilatores
488 2528 520 2557 in
548 2528 653 2558 altum
676 2529 773 2568 jacta
800 2526 943 2566 recipie-

238 2580 332 2610 bant.
358 2579 446 2618 Lips.
463 2579 632 2609 Satin-nal.
646 2581 677 2609 2.
693 2589 768 2618 cap.
784 2582 833 2609 w.
858 2578 866 2593 ‘
881 2578 943 2607 Ln-

237 2633 278 2661 do
297 2632 509 2670 pericnlums
541 2631 628 2661 idem
655 2631 745 2671 qnod
770 2631 848 2660 ludo
866 2639 942 2660 cnm

236 2685 402 2723 periculo.
450 2684 512 2714 Vel
530 2684 623 2715 dicas
638 2683 844 2723 Agathinum
872 2685 879 2698 ‘
894 2683 941 2713 ln-

237 2734 319 2763 (lere
351 2734 528 2772 pericula,¹
566 2739 785 2765 contemnere
815 2737 849 2764 et
868 2743 941 2774 per-

238 2784 316 2815 inde
340 2783 455 2814 ludere
482 2794 612 2823 parma,
636 2794 675 2815 ac
699 2785 726 2815 si
750 2785 875 2816 nullum
895 2794 945 2814 es·
994 2782 1130 2812 Gronov.

695 201 835 231 NOTAE
870 202 1133 232 vAfflORUM
1171 202 1220 231 IN

980 300 1032 326 set
1049 304 1145 325 casus
1163 294 1364 334 periculum.

1022 349 1039 375 5
1064 344 1214 384 Lubrica]
1238 344 1313 375 Nec
1328 353 1431 375 scena
1451 344 1682 384 sparsionibna

980 396 1202 426 theatralibus
1220 404 1237 425 e
1254 405 1354 426 croco
1367 395 1459 426 dulci
1475 395 1551 426 vino
1569 396 1681 427 misto.

980 447 1094 486 Epigr.
1112 449 1142 476 3.
1160 446 1216 477 lib.
1240 447 1359 487 Spect.
1377 455 1464 476 vers.
1480 448 1510 476 8.
1527 444 1618 476 faeta
1631 446 1681 476 lu-

980 497 1093 528 brica:
1116 507 1180 528 nec
1205 502 1306 528 vento
1336 495 1467 536 agitata
1494 496 1580 534 vela,
1607 505 1682 536 quae

979 549 1113 579 theatro
1129 548 1362 579 obtenduntur
1377 547 1418 578 ad
1437 546 1617 577 arcendum
1631 556 1684 576 so-

981 599 1043 629 lem
1060 603 1093 629 et
1107 605 1223 629 ventos
1238 609 1246 636 3
1265 587 1490 628 officiunttibi
1507 601 1566 627 aut
1577 597 1683 636 impe-

980 650 1090 686 diunt,
1106 660 1171 691 quo
1189 650 1298 680 minus
1309 653 1417 680 artem
1435 652 1586 688 praesteS.
1623 648 1683 678 Co-

978 700 1078 741 rycio]
1103 702 1252 741 Corycus
1278 706 1331 731 est
1360 705 1490 740 portus,
1505 698 1686 739 oppidum,

981 758 1014 782 et
1026 757 1157 783 antrum
1174 752 1294 783 eodem
1309 752 1442 782 nomine
1455 751 1488 781 in
1503 749 1638 789 Cilicia,
1649 754 1685 779 et

982 803 1008 833 si
1035 813 1134 834 verns
1162 803 1305 841 Plinius,
1332 803 1430 843 copia
1454 802 1546 833 croci
1573 802 1605 831 in
1631 810 1686 831 ea-

981 853 1058 883 dem
1089 854 1240 894 regione.
1286 853 1434 884 Martial.
1466 853 1581 893 Spect.
1604 852 1685 890 Epi-

982 913 1088 943 gram.
1105 907 1136 935 3.
1155 914 1243 935 vers.
1262 907 1293 935 8.
1316 904 1324 920 ‘
1339 905 1385 934 Et
1409 903 1536 934 Cilices
1561 901 1685 932 nimbis

982 955 1034 985 hic
1051 955 1213 986 maduere
1231 954 1320 986 suis!

1023 1009 1044 1036 6
1071 1006 1115 1035 Et
1135 1005 1275 1046 rapiunt]
1299 1004 1462 1037 Quamvis
1488 1013 1612 1045 magna
1634 1003 1686 1034 vis

983 1061 1160 1088 ventorum
1178 1057 1254 1088 vela
1268 1057 1344 1087 hinc
1362 1056 1439 1086 inde
1455 1056 1577 1096 rapiat,
1604 1063 1685 1094 ape-

983 1108 1116 1148 riatque
1147 1108 1313 1138 theatrum
1344 1107 1426 1137 velis
1459 1105 1686 1146 undequaque

983 1164 1128 1195 tectum,
1146 1164 1257 1189 tamen
1273 1167 1336 1188 non
1351 1158 1398 1188 sic
1412 1157 1539 1197 abripit
1551 1166 1685 1196 parinu-

983 1210 1064 1248 lam,
1090 1215 1127 1241 ut
1155 1220 1219 1239 non
1244 1209 1371 1239 incidat
1389 1209 1441 1238 vel
1460 1207 1608 1238 insideat
1633 1207 1686 1237 vel

983 1265 1094 1300 tergo,
1123 1260 1176 1290 vel
1202 1260 1355 1290 manibus
1383 1258 1569 1300 pedibusve
1595 1257 1687 1298 Aga-

983 1310 1080 1340 thini.

1029 1364 1047 1391 7
1072 1359 1187 1399 Pueri]
1211 1359 1374 1399 Agathin.
1419 1357 1587 1398 Neglecta]
1606 1359 1689 1389 Par-2

982 1422 1037 1442 ma
1051 1421 1116 1442 non
1134 1421 1209 1441 cum
1227 1420 1308 1440 cura
1325 1416 1485 1449 excepta.

1026 1467 1045 1494 8
1075 1462 1204 1500 Ventus,
1234 1464 1265 1491 et
1288 1461 1368 1490 untia
1394 1459 1487 1499 nihil]
1524 1459 1687 1491 Quamvis

985 1522 1135 1554 parmam
1153 1513 1186 1542 in
1208 1511 1286 1541 a'ere
1314 1511 1481 1541 lubricam
1506 1510 1689 1550 sparsioni-

985 1563 1060 1602 bus,
1085 1568 1121 1594 et
1144 1562 1310 1602 agitatam
1336 1561 1469 1591 turbine
1486 1561 1519 1591 in
1537 1561 1689 1591 diversas

985 1615 1119 1655 rapiant
1137 1619 1275 1654 partes;
1303 1613 1360 1643 ille
1386 1618 1500 1643 tamen
1517 1611 1566 1642 ita
1582 1610 1689 1641 felici-

986 1670 1038 1697 tei·
1062 1664 1206 1704 excipit,
1235 1673 1275 1694 ac
1303 1663 1330 1693 si
1354 1672 1482 1694 sumnia
1498 1662 1582 1693 caelo
1600 1668 1690 1692 tran-

986 1716 1135 1757 quillitas
1148 1714 1248 1746 foret.

1029 1768 1135 1798 EPlG.
1162 1775 1218 1797 XL.
1266 1769 1279 1796 l
1308 1763 1434 1803 Prima]
1458 1772 1511 1794 1x.
1541 1764 1689 1794 Kalend.

987 1818 1191 1848 Novembris
1206 1822 1304 1847 natus
1316 1822 1368 1846 est
1387 1815 1617 1853 Domitianus,
1635 1817 1691 1855 qui

987 1875 1020 1898 et
1048 1869 1213 1898 Caesoniae
1239 1867 1375 1901 natalis,
1412 1876 1512 1908 quem
1551 1873 1691 1896 maritus

986 1919 1057 1959 ejus
1075 1918 1181 1949 Rufus
1195 1920 1366 1958 geminum
1379 1918 1458 1957 jure
1474 1918 1592 1948 coluit.
1630 1917 1691 1947 Ρα-

986 1970 1083 2000 latino
1102 1969 1251 2008 Tonanti]
1278 1968 1489 2006 Domitiano,
1505 1968 1562 2008 qui
1581 1967 1693 1997 Caesa-

987 2030 1080 2051 reum
1098 2021 1263 2060 palatium
1278 2024 1476 2058 occuparat.

1030 2075 1049 2102 2
1077 2071 1203 2111 Cybele]
1219 2071 1287 2101 Seu
1305 2069 1414 2107 Rhea,
1431 2074 1540 2099 mater
1556 2068 1664 2100 Jovis.

1030 2125 1048 2151 3
1073 2120 1282 2161 Scincla‚89·c.]
1308 2120 1409 2160 vnlg.
1425 2119 1693 2150 SantonicLSau-

989 2178 1086 2204 tones
1101 2172 1194 2204 Galli
1215 2173 1304 2202 inter
1329 2170 1531 2212 Aquitanos.
1577 2170 1694 2200 Caesar

989 2225 1044 2254 lib.
1065 2227 1093 2254 1.
1107 2223 1149 2254 de
1168 2223 1265 2254 Bello
1283 2222 1427 2253 Gallico.

1030 2278 1050 2305 4
1075 2275 1165 2313 Plus,
1180 2273 1248 2314 fisa]
1271 2272 1372 2306 Quod
1398 2272 1440 2303 ab
1472 2281 1512 2303 ea
1534 2271 1628 2303 edita
1649 2271 1695 2302 sit

990 2325 1092 2356 natali
1110 2335 1184 2355 cum
1203 2324 1403 2355 Domitiano
1420 2323 1467 2353 illi
1482 2322 1662 2353 communi.

1032 2380 1050 2406 5
1078 2372 1509 2413 Gemina....C0ntigit,fisa]
1542 2373 1640 2404 Quod
1661 2382 1694 2402 n-

990 2435 1068 2456 num
1080 2426 1293 2466 eundemque
1302 2425 1456 2455 celebret
1466 2424 1611 2455 natalem
1623 2423 1696 2454 Cae-

991 2477 1074 2507 saris
1091 2482 1128 2507 et
1145 2476 1272 2507 uxoris.

1033 2528 1140 2558 EPIG.
1175 2535 1247 2558 XLI.
1295 2531 1309 2558 l
1345 2526 1495 2566 Tarpeias
1533 2526 1695 2556 Diodorus

990 2581 1029 2610 ad
1044 2579 1186 2618 coronas]
1203 2579 1352 2609 Notatur
1369 2579 1442 2608 iiic:
1464 2577 1504 2607 lu
1521 2577 1694 2617 Quinqua-

992 2630 1097 2662 tribus
1112 2630 1291 2660 Miuervae.
1338 2629 1445 2659 Immo
1460 2629 1492 2658 in
1507 2636 1615 2667 agone
1632 2627 1695 2658 Ca-

990 2680 1152 2720 pitolino:
1179 2689 1253 2710 nam
1285 2678 1560 2720 Quinquatribus
1591 2677 1694 2708 Alba-

992 2741 1043 2761 nae
1061 2740 1196 2760 coronae
1222 2730 1404 2769 dabantur,
1437 2738 1501 2759 non
1525 2727 1696 2768 Tarpei-cr.

1191 2781 1338 2821 Tarpeius
1354 2780 1524 2817 Diodorus,
1547 2777 1617 2817 δῖα]
1655 2777 1696 2808 In
