1866 3131
232 164 341 203 1104

231 268 365 300 mordet
395 269 480 299 hanc
511 267 657 298 Gelliam
680 266 794 307 poeta,
818 266 875 298 lib.
898 269 930 296 3.

232 325 263 351 5.
276 323 307 351 8.

273 374 293 401 :2
316 371 421 400 Jussoe
437 367 597 409 lacrymoe]
622 368 751 398 Fletuni
770 367 873 406 juxta
890 376 928 397 ac

232 421 334 451 risum
352 421 384 450 in
403 424 561 460 promptu
586 419 686 449 habet
702 417 850 454 foemina,
868 428 929 448 szc-

232 473 375 512 pinsque
404 481 509 509 more,
540 481 638 511 quam
662 480 776 501 amore
808 470 930 510 plorat.

232 522 323 552 Hinc
336 522 495 554 Juvenal.
506 524 578 552 Sat.
593 524 626 553 6.
639 520 829 552 ‘Uberibus
845 529 929 550 seni-

233 583 295 613 per
321 572 476 612 lacrymis
501 582 705 613 semperque
729 571 858 611 paratis
889 570 928 600 ln

232 623 379 654 statione
396 633 468 662 sua,
480 627 581 663 atque
598 621 877 662 exspectantibus
892 621 930 650 il·

232 675 299 704 lam
317 675 393 706 Quo
409 674 532 714 jubeat
549 683 685 704 manare
702 672 823 703 modo?

276 728 294 756 3
321 726 470 765 Quisquis
484 725 615 764 laudari,
628 724 697 764 dfe]
729 722 889 763 Quisquis
913 731 931 751 e

233 776 390 815 lacrymis
405 775 537 806 laudem
559 780 689 815 captat,
707 784 782 814 quae
800 773 930 812 turpius

233 836 401 866 nunquam
425 825 535 856 fluunt
558 835 658 866 quam
674 825 731 854 ubi
748 823 931 863 finguntur.

234 877 317 906 Tum
334 877 468 906 stultius
499 876 580 907 nibil
604 880 669 914 est,
692 884 792 916 quam
810 873 932 904 famam

235 933 372 967 captare
390 927 552 965 tristitiae,
570 931 604 957 et
617 927 784 965 lacrymas
808 933 931 964 appro-

235 979 336 1010 bare:
363 979 440 1010 vide
470 979 666 1020 epigramm.
698 978 824 1009 Graeca
855 977 876 1007 l.
903 979 933 1007 2.

236 1030 290 1060 tit.
306 1033 356 1060 15.

278 1081 383 1112 EP1G.
400 1089 514 1111 xxxv.
534 1083 546 1110 l
567 1079 778 1118 Incustoditis,
787 1077 856 1118 ξω]
874 1077 930 1109 Ja-

236 1132 379 1162 nitornm
397 1131 484 1162 enim
497 1131 683 1162 ministerio
697 1141 765 1161 nsae
776 1130 848 1160 istae
862 1130 931 1159 Do-

236 1184 350 1214 minae.
391 1182 532 1212 Ovidius
552 1186 578 1212 1.
601 1181 713 1212 Amor.
729 1185 760 1212 6.
779 1181 864 1220 eleg.
889 1180 933 1210 Et

234 1233 366 1273 apertis]
389 1233 555 1264 Poterant
569 1233 656 1264 enim
672 1232 760 1262 fores
777 1240 842 1261 non
860 1240 933 1261 cus-

237 1285 351 1324 todiri,
386 1289 421 1315 et
446 1291 560 1315 tamen
592 1293 666 1315 esse
695 1283 835 1313 clausae:
875 1281 935 1312 sed

237 1341 379 1375 utroque
405 1334 555 1365 furorem
592 1334 723 1365 Lesbiae
768 1333 937 1373 expressit

238 1387 357 1426 magis·
404 1387 558 1417 Ramires.

281 1439 300 1467 2
325 1437 426 1468 Furta
439 1437 536 1477 tegis]
548 1438 688 1468 Furtiva
699 1433 843 1466 Veneris
856 1444 935 1474 gan-

239 1487 306 1527 dia,
323 1488 509 1519 adulteria:
536 1489 544 1504 ‘
557 1487 662 1518 celari
678 1487 750 1517 vult
770 1495 830 1516 sua
846 1484 938 1515 furta

237 1538 377 1570 Venus.’
398 1539 508 1569 Tibul.
524 1539 730 1569 Pulmannus
757 1536 937 1576 legendum

240 1589 470 1629 censetfacta,
486 1589 544 1620 sed
567 1589 676 1619 minus
692 1587 862 1628 apposite.

275 1643 293 1669 5
308 1639 468 1670 Meretrix
477 1639 667 1679 abigit‚{3⁶t·.]
679 1640 687 1656 ‘
697 1639 822 1678 Ignoto
830 1646 938 1668 mere-

236 1689 306 1720 trix
319 1690 615 1729 corpnsjunctura
628 1689 756 1721 Quiriti
768 1687 940 1728 Opposita

239 1740 401 1780 populum
414 1740 592 1770 submovet
604 1745 680 1770 ante
692 1739 858 1776 sera,’&c.
873 1738 938 1769 Ov.

242 1790 500 1830 14.e1eg.lib.3.
515 1790 750 1829 Amorum,cni
761 1795 939 1827 consonat,

239 1841 267 1871 si
283 1850 350 1870 non
374 1845 487 1871 ortum
509 1840 614 1871 debet
638 1841 701 1871 hoe
718 1841 938 1880 epigramma.

248 1891 378 1931 Veloque
392 1891 530 1932 seraque]
562 1891 647 1921 Velo
671 1901 712 1922 ex
736 1890 938 1920 centonibus

236 1943 352 1982 januae
375 1951 539 1982 appenso,
564 1951 606 1972 ne
622 1950 683 1982 per
695 1940 816 1972 forium
840 1941 938 1971 rimas

241 1993 418 2033 introspici
442 1992 561 2032 possit.

285 2045 306 2073 6
329 2041 592 2082 ὁίιιη]ιια>πι“,δ]·ε.]
614 2042 810 2082 Summoenii,
825 2041 856 2071 id
877 2046 940 2080 est,

242 2093 454 2133 lupanarium
490 2093 524 2123 in
570 2092 790 2130 Summoenio‚
846 2102 938 2122 nam-

244 2154 309 2184 que
332 2144 386 2174 liic
403 2143 598 2174 habitabant
612 2143 825 2174 meretrices:
851 2143 939 2172 unde

244 2194 522 2224 ‘b'nnnnoenian‘ae
546 2203 667 2224 uxores
682 2193 688 2205 '
715 2194 829 2232 dictae,
853 2200 887 2224 nt
907 2199 939 2224 et

243 2244 475 2275 ‘Suburanam'
523 2244 654 2274 Subura
682 2253 823 2285 namque
854 2246 939 2275 Var-

244 2295 317 2324 roni
332 2295 390 2325 lib.
406 2297 437 2325 4.
455 2293 497 2324 de
521 2295 635 2332 lingua
652 2295 726 2325 Lat.
743 2296 834 2325 dicta
850 2295 940 2335 qumi

244 2344 304 2375 sub
326 2354 421 2375 muro
457 2349 570 2375 terreo
595 2344 805 2379 Carinarum,
837 2350 873 2375 ut
907 2352 942 2375 et

242 2395 483 2425 Summoenium
507 2394 597 2435 quod
614 2395 675 2425 sul)
701 2395 849 2435 antiquis
865 2405 942 2425 nim-

246 2445 362 2476 nibus:
380 2445 433 2475 hic
447 2451 558 2476 autem
573 2446 784 2476 contrahitur
795 2456 834 2475 ex
847 2446 941 2476 Sum—

246 2496 371 2526 moenii.
416 2495 503 2526 Aliis
519 2496 632 2532 placet
647 2501 685 2526 ut
707 2497 752 2527 sit
769 2496 943 2527 Ablativus

247 2546 444 2585 Adjective,
458 2546 536 2576 milii
552 2555 615 2576 non
633 2546 688 2576 ita.

291 2599 309 2626 7
336 2596 465 2635 Chione,
494 2597 618 2634 flehite,
645 2597 713 2637 ‹Sy-15.]
748 2598 944 2629 Prostibulo

247 2648 337 2678 illius
368 2647 541 2687 temporis,
563 2649 613 2677 vel
637 2649 767 2678 nomine
783 2647 873 2679 forie
890 2649 944 2679 fic-

249 2698 335 2728 titio.

292 2752 311 2778 3
335 2749 546 2783 Abscondunt,
559 2749 628 2788 ψη]
646 2750 749 2789 Atqui
765 2749 836 2779 iiam
849 2751 943 2780 Suni-

249 2800 372 2830 nioenia
383 2805 531 2830 veterum
546 2809 715 2830 murorum
729 2806 945 2831 monumenta

678 172 819 201 NOTAE
857 173 871 198 i
888 171 1116 200 Ai-:JORUM
1156 172 1202 200 {N

980 271 1098 304 tegunt
1131 266 1268 304 vulgata
1297 265 1355 295 illa
1389 265 1594 304 prostibula:
1626 265 1680 296 vel

980 317 1132 354 intellige
1144 316 1333 346 diobolaria
1356 315 1413 345 illa
1433 315 1586 345 scortilla
1614 325 1682 346 ser-

982 367 1028 396 vis
1058 374 1093 398 et
1124 366 1245 397 intimis
1273 366 1463 396 hominibus
1490 367 1683 405 prestantia

980 418 1069 448 inter
1084 418 1265 457 sepulchra
1291 423 1326 447 et
1352 422 1582 454 monumenta,
1599 426 1681 457 quas

981 470 1087 510 epigr.
1101 473 1155 500 93.
1171 471 1190 500 l.
1208 472 1239 500 3.
1271 468 1485 499 ‘bustuarias
1499 471 1506 482 ’
1531 470 1685 508 appellat

981 524 989 537 ‘
1004 521 1173 553 nioeclias.'
1197 521 1274 552 vide
1298 521 1449 552 Tui-neb.
1467 522 1488 551 l.
1508 523 1560 551 13.
1575 530 1604 550 c.
1630 523 1682 552 19.

1023 576 1043 604 9
1068 574 1222 614 Censura]
1252 575 1319 604 Pro
1347 582 1549 614 quacunque
1567 582 1683 614 repre-

980 624 1141 655 lieusione
1157 625 1309 656 sumitur.

1025 678 1065 705 10
1090 677 1262 716 Deprendi]
1287 675 1578 716 Deprehendendi
1610 685 1683 705 ver-

982 726 1059 756 bnm
1076 727 1215 757 solenne
1243 732 1295 758 est
1312 727 1352 757 de
1369 727 1420 764 iis,
1437 726 1492 767 qui
1517 726 1550 756 in
1569 726 1684 766 aliquo

983 777 1124 807 crimine
1143 782 1178 808 et
1206 787 1241 807 re
1258 777 1348 817 turpi
1367 776 1683 817 deprehenduntnr.

983 827 1076 858 Hinc
1092 827 1250 858 Juvenal.
1271 828 1344 858 Sat.
1361 831 1392 858 6.
1417 827 1494 858 ‘Nil
1510 832 1562 857 est
1582 825 1683 856 auda-

983 879 1052 908 cius
1077 879 1143 909 illis
1159 879 1366 918 Deprensis:
1391 878 1475 908 iram
1497 883 1599 918 atque
1616 877 1684 907 ani-

983 939 1054 960 mos
1071 939 1089 960 a
1105 929 1246 961 crimine
1259 928 1418 960 sumunt!

1028 981 1134 1012 EmG.
1153 989 1282 1011 xxxvl.
1307 983 1327 1011 2
1342 980 1409 1010 Nec
1424 989 1508 1019 quos,
1523 978 1594 1018 tra]
1621 979 1685 1008 Ex-

984 1036 1081 1063 cusat
1098 1032 1366 1072 epigrammatum
1389 1031 1548 1069 linguam,
1571 1029 1603 1059 id
1621 1034 1686 1066 est,

985 1082 1162 1112 verborum
1191 1082 1349 1112 lascivam
1380 1080 1566 1119 licentiam,
1587 1089 1686 1120 qnam

984 1133 1222 1173 praeteritione
1249 1132 1426 1162 excusavit
1456 1132 1488 1161 in
1518 1131 1687 1170 Epistola,

985 1184 1141 1224 exemplo
1165 1183 1361 1221 multorum,
1389 1182 1445 1223 qui
1473 1187 1551 1211 aute
1566 1191 1601 1211 se
1619 1181 1688 1220 epi-

986 1240 1172 1274 grammata
1197 1233 1378 1273 scripsere.
1413 1233 1566 1262 Rmnires.
1614 1231 1687 1262 Nec

987 1295 1108 1326 graves
1137 1285 1310 1326 epopoeias
1335 1288 1370 1315 et
1396 1283 1588 1324 tragoedias,
1606 1292 1688 1323 quas

987 1339 996 1355 ‘
1009 1338 1176 1378 praelegat
1194 1336 1343 1367 tumidus
1357 1345 1460 1366 rauca
1472 1344 1555 1365 voce
1574 1335 1690 1374 magis—

987 1387 1065 1425 ter‚'
1090 1391 1128 1418 ut
1150 1388 1305 1418 hortatur
1321 1387 1422 1417 Musa
1438 1395 1492 1426 ep.
1509 1388 1540 1416 3.
1555 1386 1576 1415 l.
1604 1388 1633 1415 8.

1031 1442 1048 1468 5
1075 1438 1147 1468 Non
1175 1441 1314 1478 possunt,
1340 1437 1409 1477 850]
1448 1436 1501 1467 Ita
1528 1446 1592 1467 nec
1617 1437 1690 1476 epi-

988 1494 1175 1529 grammata
1192 1489 1265 1519 sine
1286 1488 1427 1519 lascivia
1443 1492 1478 1517 et
1498 1487 1625 1518 aculeo.

1030 1542 1051 1569 6
1076 1540 1161 1574 Quid
1175 1539 1215 1577 si,
1231 1539 1299 1579 &c.]
1326 1537 1616 1570 Quemadmodum
1641 1538 1688 1567 in-

989 1595 1069 1630 epte
1091 1589 1224 1620 faceret
1250 1589 1320 1626 ille,
1344 1588 1400 1629 qui
1431 1587 1690 1618 Tlialassionem

987 1642 1139 1681 (carmen
1158 1640 1247 1671 omni
1268 1638 1445 1670 verborum
1465 1637 1691 1669 obscoenitate

988 1696 1023 1721 et
1050 1690 1279 1721 conviciorum
1303 1689 1442 1720 licentia
1459 1687 1634 1724 refertum,
1653 1693 1691 1719 ut

988 1751 1084 1771 novae
1101 1745 1216 1780 nuptae
1241 1749 1339 1770 aures
1355 1742 1544 1777 returaret)
1559 1738 1690 1778 pudicis

989 1791 1100 1820 verbis
1112 1799 1172 1820 nec
1185 1790 1399 1820 Fescennino
1412 1788 1692 1819 convenientibus

989 1841 1175 1872 conderet:
1207 1849 1276 1870 non
1302 1840 1411 1870 minus
1440 1839 1587 1870 absurde
1618 1849 1693 1877 ceo,

990 1892 1015 1922 si
1029 1891 1277 1931 epigrammata
1293 1890 1474 1920 scriberem
1490 1890 1607 1930 lingua
1626 1899 1690 1920 non

988 1942 1271 1982 epigrammaton,
1294 1951 1369 1981 quae
1393 1941 1495 1971 verba
1521 1945 1610 1971 amat
1629 1941 1693 1970 las-

990 1992 1077 2028 civa,
1099 1997 1231 2031 aperta,
1249 1997 1283 2021 et
1299 1991 1518 2022 dominantia.
1565 1991 1691 2021 Thalas-

989 2042 1121 2081 sionem]
1139 2043 1284 2073 Carmen
1301 2041 1429 2082 nuptiis
1446 2041 1584 2071 solenne
1601 2041 1691 2081 apud

991 2093 1175 2131 Romanos,
1200 2098 1237 2123 ut
1262 2093 1469 2133 Hymenaeus
1486 2092 1574 2132 apud
1593 2091 1691 2122 Gra·-

991 2153 1066 2174 cos:
1101 2145 1195 2183 cujus
1232 2153 1352 2174 nomen
1392 2148 1425 2173 et
1462 2143 1691 2173 inventionem

992 2195 1141 2224 nonnulli
1167 2194 1321 2224 tribuunt
1345 2194 1445 2224 militi
1461 2193 1693 2224 cuidaniI-Eer·

992 2246 1099 2275 siliam
1113 2245 1155 2275 ad
1183 2246 1360 2275 Romulum
1377 2243 1503 2275 ferenti
1526 2245 1558 2274 in
1590 2250 1691 2284 raptu

993 2296 1213 2326 Sabinarum:
1249 2296 1303 2326 alii
1342 2295 1424 2335 παρὰ
1455 2295 1490 2325 τὸ
1527 2295 1691 2333 ταλάσιον,

993 2346 1081 2386 quod
1110 2347 1232 2387 puellae
1262 2347 1302 2377 aii
1329 2347 1477 2377 nubilem
1494 2353 1629 2377 aetatem
1647 2347 1693 2377 la-

994 2396 1106 2426 nificio
1120 2398 1295 2437 exercitae,
1324 2399 1566 2439 nupturaejam
1585 2399 1693 2439 primo

994 2446 1035 2477 ad
1060 2447 1162 2478 limen
1200 2448 1313 2479 mariti
1350 2448 1540 2484 venientes,
1579 2454 1692 2489 postes

994 2498 1097 2528 laneis
1124 2499 1291 2529 ornabant
1319 2499 1434 2530 vittis:
1461 2500 1515 2529 alii
1543 2499 1691 2529 dicatum

995 2548 1133 2580 tradunt
1151 2550 1264 2579 nescio
1283 2550 1337 2579 cui
1355 2550 1516 2580 Thalasso
1534 2550 1598 2580 deo
1615 2550 1692 2580 boni

995 2599 1028 2628 in
1053 2599 1182 2638 nuptiis
1200 2600 1339 2630 ominis:
1367 2600 1421 2630 alii
1436 2600 1561 2630 Veneri
1579 2602 1693 2630 Θαλασ-

995 2649 1046 2689 σὶᾳ
1069 2651 1278 2690 pontigenae,
1300 2661 1372 2692 quae
1405 2651 1467 2681 dea
1489 2650 1628 2690 γαμήλια
1659 2656 1694 2682 et

994 2699 1191 2739 Ἶένετυλλὶς,
1208 2708 1351 2740 propter
1368 2701 1512 2731 humoris
1531 2701 1607 2730 salsi
1628 2701 1692 2730 vim

995 2752 1171 2781 animalem
1209 2757 1242 2782 et
1271 2751 1473 2782 necandam.
1496 2752 1642 2781 anncb.
1671 2752 1693 2782 l.

999 2805 1047 2832 ll.
1065 2811 1094 2832 r.
1114 2804 1161 2831 17,
