1866 3131
246 170 360 212 1184

246 278 399 314 grantem
420 273 528 313 spirat
555 272 692 304 odorem
706 283 855 314 pomum,
878 275 941 305 &ta

246 325 294 355 sic
311 326 420 365 epigr.
437 327 468 354 9.
485 323 542 355 lib.
554 326 605 353 ll.
624 333 710 354 vers.
727 326 758 355 3.

288 379 307 407 2
331 376 473 415 Corycio,
489 384 567 414 quoe,
580 374 650 414 ἐξα]
675 374 826 416 Corycus
843 384 941 405 mons

247 426 376 457 Ciliciae
412 435 512 456 croco
549 425 670 456 nobilis
687 435 695 463 ;
732 425 841 465 epigr.
867 427 898 455 3.
919 426 941 456 l.

245 481 394 516 spectac.
425 485 513 506 vers.
545 478 595 507 10.
621 475 654 506 in
694 475 943 516 aspersionibus

247 526 483 558 theatralibus.
500 526 610 566 epigr.
625 528 677 557 39.
690 526 712 557 l.
731 529 761 556 9.
777 535 862 556 vers.
880 530 911 557 5.

287 580 306 608 3
333 576 434 616 Cana]
457 576 541 607 Cum
565 576 691 607 emittit
703 575 815 608 flores.

287 630 307 658 4
333 628 410 662 Quoe
434 628 520 658 modo
547 627 663 667 carpsit
678 627 758 666 ovis]
783 627 942 657 Barthius

244 677 392 717 conjecit
406 678 482 717 apis.
525 677 711 708 Scriverius
735 677 782 707 ait
805 677 944 708 mellile-

245 737 321 767 gam
337 736 434 767 apem
465 736 530 757 non
549 737 622 758 esse
640 727 738 766 tanti,
755 732 791 757 ut
816 727 871 757 hic
887 727 944 757 ovi

244 777 482 808 substituatur.
528 778 600 817 Ego
617 787 707 816 vero,
723 777 797 818 quis
820 777 946 808 dixerit

245 827 396 867 gramina
408 837 482 858 esse
495 827 689 858 odoratiora
704 838 721 857 a
734 837 846 858 morsu
861 828 945 866 ovis,

245 878 380 908 nescio:
406 878 464 908 sed
481 877 522 908 de
535 879 589 917 api
607 877 693 909 dixit
710 878 943 910 Quintilianus

246 927 333 959 decl.
351 930 400 958 13.
444 930 453 945 ‘
471 929 547 959 Non
572 938 613 959 ex
630 929 784 959 omnibus
802 927 943 959 floribus

246 983 390 1017 carpunt
405 978 501 1008 utilia
517 978 613 1018 operi
631 988 703 1017 suo,
719 978 777 1009 sed
795 979 826 1009 in
839 980 943 1009 omni-

246 1029 308 1060 bus
320 1035 487 1070 quaerunt.
511 1029 670 1060 Praesens
678 1035 711 1060 et
722 1029 857 1070 quidem
869 1040 945 1070 pro-

247 1080 335 1110 tinus
346 1079 404 1110 illa
414 1079 568 1110 redditur
580 1089 724 1118 merces,
736 1080 826 1121 quod
839 1082 944 1111 omni-

246 1129 321 1167 bus,
344 1129 463 1170 quibus
484 1129 650 1169 insedere,
673 1130 809 1161 odorem
835 1131 944 1162 mellis

244 1180 422 1220 inspirant,
431 1184 466 1211 et
478 1180 570 1211 brevi
583 1186 746 1212 contactu
757 1181 822 1211 vim
834 1181 883 1211 sui
895 1191 944 1212 re-

245 1230 422 1272 linquunt.’
468 1231 618 1271 Legatur
638 1231 742 1271 igitur
755 1231 835 1271 apis,
861 1241 944 1271 prae·

251 1280 368 1311 sertim
386 1290 486 1321 quun]
504 1287 538 1311 et
553 1282 638 1312 Mss.
654 1282 702 1312 sic
717 1282 839 1312 habere
856 1291 945 1312 com-

247 1332 362 1372 plures
389 1332 487 1363 testis
515 1332 705 1363 Scriverius
732 1338 767 1364 et
793 1333 943 1364 Calderi-

247 1391 331 1413 nus:
358 1386 393 1413 et
409 1382 505 1413 nobis
531 1383 634 1414 etiam
655 1383 779 1414 alicubi
808 1383 944 1414 obvium

250 1431 368 1464 fuerit.
397 1432 584 1463 Gronovius.

289 1487 307 1514 5
333 1484 455 1514 Messor
470 1483 583 1523 Arabs,
607 1484 677 1525 esa]
714 1484 836 1516 Felicis
859 1484 944 1515 Ara-

247 1533 313 1564 biae
338 1533 461 1571 incola,
478 1534 532 1574 qui
551 1535 649 1564 metit
675 1535 796 1565 herbas
809 1539 843 1565 et
856 1533 945 1565 fruc-

249 1588 303 1614 tus
317 1583 446 1614 odoros
491 1583 640 1624 Suc-cina]
663 1584 857 1623 Succinum‚
874 1594 946 1615 suc·

249 1643 309 1665 cus
325 1633 482 1665 arborum
495 1640 557 1674 est,
568 1635 657 1666 unde
666 1645 785 1666 nomen
799 1634 945 1675 aceepit.

249 1684 339 1714 Plin.
357 1684 376 1713 l.
401 1686 454 1715 37.
478 1693 508 1715 e.
520 1687 552 1716 3.
598 1685 682 1715 Cum
698 1693 777 1716 vero
789 1694 943 1715 manuum

250 1734 372 1764 tritura
388 1734 527 1765 odorem
537 1733 840 1774 fragrantissimum
856 1735 947 1774 edat,

249 1785 325 1816 ideo
343 1795 361 1815 a
388 1784 499 1816 Poeta
522 1785 610 1816 inter
627 1785 713 1816 bene
737 1786 865 1817 olentia
888 1795 945 1816 an·

249 1840 445 1864 numeratur
474 1834 560 1875 haec,
581 1839 618 1865 et
648 1836 670 1866 l.
701 1840 731 1867 5.
757 1836 866 1876 epigr.
892 1837 944 1867 38.

251 1894 339 1915 verS.
355 1887 405 1915 13.

293 1937 313 1965 6
338 1936 403 1966 Eoo
417 1935 600 1975 thurestyc]
625 1935 780 1967 Colorem
796 1937 885 1967 enim
898 1937 946 1976 ig—

250 1986 300 2016 nis
318 1986 468 2025 rutilum,
491 1986 675 2016 immissum
693 1987 768 2017 thus
795 1987 827 2017 in
853 1987 946 2026 palli·

252 2035 328 2066 dum
342 2036 459 2067 vertit.
486 2037 550 2066 Eoo
566 2035 670 2075 thure]
692 2036 730 2067 Id
744 2042 808 2075 est,
825 2037 947 2068 Sabaeo

251 2093 286 2118 et
302 2088 467 2119 orientali.

293 2141 311 2169 7
340 2139 450 2178 Gleba,
464 2139 533 2179 thu]
548 2140 656 2170 Locus
670 2140 806 2180 elegans
820 2138 862 2169 de
881 2143 948 2169 ter-

251 2199 296 2220 rae
313 2190 430 2229 odore,
446 2191 500 2230 qui
527 2196 667 2231 superat
683 2200 796 2221 omnes
820 2190 948 2220 narium

253 2241 399 2272 delitiaS.
445 2241 532 2273 Plin.
560 2242 579 2273 l.
596 2244 647 2272 17.
663 2251 695 2272 c.
719 2246 750 2272 5.
779 2241 838 2280 ait,
865 2241 949 2271 divi-

252 2301 329 2322 num
346 2291 439 2322 illum
460 2296 560 2322 terrae
580 2292 717 2322 halitum
735 2292 834 2322 talem
861 2301 948 2330 esse,

253 2346 290 2373 ut
313 2342 343 2372 ei
358 2342 449 2372 nulla
465 2342 614 2373 suavitas
636 2343 950 2382 comparariqueat.

296 2394 315 2422 ὃ
331 2392 419 2427 Quod
429 2393 562 2423 madidis
573 2391 682 2432 nardo]
700 2393 818 2424 Crines
831 2392 946 2423 Nardo

254 2442 482 2483 ungebantur,
493 2441 581 2483 quod
593 2452 633 2473 ex
645 2443 769 2473 Arabia
780 2448 814 2474 et
826 2443 946 2474 Orien-

255 2492 372 2524 talium
389 2492 556 2532 partibuS.

299 2545 338 2573 10
352 2543 528 2573 Totndares
542 2544 611 2581 illa,
624 2542 695 2583 εμπ]
710 2543 785 2574 Non
803 2543 947 2582 maligne

257 2598 314 2624 aut
331 2602 445 2633 parce,
458 2593 517 2623 sed
536 2594 643 2632 plenis
661 2593 762 2624 labris
779 2599 813 2624 et
829 2592 946 2633 facile3

258 2643 380 2673 Graece
419 2641 563 2681 ἀφθόνως.
608 2643 848 2675 Hellenismus.
891 2644 947 2674 Sic

261 2702 359 2732 quum
379 2693 523 2724 libenter
541 2695 756 2735 promittuut,
768 2693 862 2726 οὐδεὶς
877 2693 948 2734 φθό-

713 180 852 210 NOTAE
887 180 1147 210 VARIORUM
1184 180 1232 209 IN

990 285 1051 311 νος,
1068 273 1236 313 inquiunt.
1260 271 1394 302 Herald.

1036 325 1138 354 Erm-
1156 332 1257 354 var.
1285 323 1323 353 In
1345 323 1392 353 M.
1407 322 1591 362 Antonium]
1614 322 1690 354 Hoc

992 374 1249 414 Epigrammate
1265 374 1313 404 M.
1326 373 1511 403 Antonium
1523 372 1691 404 Triumvi-

993 435 1064 455 rum
1083 426 1284 462 insectatur,
1311 423 1353 455 ob
1382 423 1555 454 Ciceronis
1581 423 1690 463 indig-

994 475 1162 505 nissimam
1193 484 1335 512 neeem3
1370 484 1515 514 eumque
1555 472 1690 504 confert

995 535 1069 556 cum
1087 525 1235 555 Pothino
1254 523 1427 564 AEgyptio‚
1454 523 1511 563 qui
1527 532 1689 553 veneran-

994 575 1072 606 dum
1089 575 1170 605 illud
1196 575 1349 614 Pompeii
1369 574 1484 613 Magni
1502 577 1606 612 caput
1622 582 1689 602 am-

994 626 1180 667 putandum
1208 626 1334 656 suasit:
1355 629 1389 655 et
1417 625 1512 655 simul
1538 623 1688 654 ostendit

995 679 1142 718 pejorem
1160 687 1232 708 esse
1263 676 1401 707 Antonii
1427 685 1526 717 quam
1552 675 1691 706 Pothini

995 738 1145 759 causam.
1171 728 1324 759 Ramires.

1039 783 1055 810 l
1083 779 1224 819 Phariis]
1261 777 1432 818 AEgyptiae
1449 777 1544 816 sieae,
1575 776 1607 807 id
1626 782 1691 815 est,

995 829 1162 869 Pompejo
1193 838 1314 869 magno
1341 828 1451 858 occidi
1476 827 1573 867 jusso
1590 837 1609 857 a
1626 827 1691 858 Po-

994 879 1101 917 thino,
1116 879 1170 920 qui
1183 878 1247 909 hoc
1255 879 1326 919 regi
1339 878 1528 909 Ptolomaeo
1542 877 1644 907 suasit
1658 877 1690 907 in

996 930 1139 970 gratiam
1153 929 1320 960 Caesaris:
1344 928 1421 958 vide
1437 927 1546 968 epigr.
1562 930 1613 958 70.
1627 928 1647 958 l.
1661 931 1692 958 5.

1037 983 1057 1010 2
1075 979 1200 1020 Vultus]
1225 979 1357 1019 Capita.
1385 978 1534 1018 Uterque]
1559 978 1692 1008 Pothini

995 1035 1031 1061 et
1047 1029 1200 1061 Antonii.
1242 1029 1369 1068 Sacros]
1395 1030 1543 1070 Propter
1570 1029 1693 1069 magis-

995 1086 1102 1112 tratus
1116 1091 1197 1122 quos
1212 1085 1389 1122 gesserant
1402 1090 1525 1118 saeros,
1541 1080 1691 1120 gloriam,

996 1131 1083 1162 bene
1101 1131 1235 1170 merita,
1247 1141 1300 1162 res
1316 1135 1442 1172 gestas,
1457 1132 1520 1161 διο.

1039 1183 1058 1211 3
1085 1181 1180 1221 Illud,
1207 1182 1391 1220 laurigeros,
1420 1181 1489 1221 iio]
1536 1181 1690 1221 Pompeji

997 1237 1101 1272 caput
1137 1232 1358 1272 triumphales
1386 1231 1533 1262 victricis
1573 1231 1691 1262 Rornae

996 1281 1107 1311 lauros
1138 1281 1266 1321 gessit;
1305 1281 1477 1312 Ciceronis
1511 1285 1616 1321 caput
1644 1281 1691 1311 lo-

997 1330 1129 1372 quentis
1153 1331 1292 1369 Romae3
1315 1330 1385 1370 ille,
1400 1334 1529 1371 caput3
1551 1330 1691 1369 hie‚lin-

996 1381 1177 1422 guanrbis.

1038 1434 1058 1461 6
1081 1431 1163 1472 Sibi]
1185 1431 1224 1462 In
1255 1441 1348 1462 suam
1373 1431 1475 1461 solius
1498 1430 1694 1471 vindictam,

995 1481 1028 1512 in
1044 1482 1164 1512 nullius
1177 1481 1330 1519 gratiam.

1039 1533 1142 1563 Eme..
1162 1541 1276 1563 van.
1305 1535 1321 1562 l
1340 1532 1490 1572 Nihilque
1504 1531 1617 1571 nostis]
1637 1531 1689 1562 ·In

997 1583 1111 1622 pigros
1128 1583 1290 1623 quosdam
1304 1588 1423 1612 nautas
1448 1586 1500 1613 est
1515 1583 1692 1622 Epigram-

997 1643 1153 1675 1na,quos
1170 1633 1383 1672 Argonautas
1411 1633 1495 1664 dicit
1511 1642 1547 1664 se
1572 1643 1692 1664 vocare

997 1684 1134 1725 proprio
1153 1685 1311 1722 nomiue3
1339 1694 1404 1715 non
1431 1683 1519 1725 quod
1544 1684 1692 1714 strenuis

995 1736 1060 1767 illis
1087 1736 1256 1774 heroibus,
1281 1735 1338 1776 qui
1363 1735 1522 1768 Jasonem
1539 1735 1693 1766 comitati

995 1791 1074 1817 sunt
1090 1785 1131 1816 ad
1157 1786 1306 1824 Phasim,
1336 1786 1463 1817 similes
1480 1787 1570 1823 sint3
1593 1785 1651 1816 sed
1673 1795 1693 1815 a

997 1838 1208 1878 proprietate
1227 1838 1316 1868 vocis
1341 1843 1475 1878 sumpto
1493 1839 1586 1877 joon,
1604 1837 1692 1878 quod

997 1887 1089 1927 ἆρ’γὸς
1113 1888 1237 1919 Graeee
1261 1888 1394 1926 pigrum
1419 1897 1457 1918 ac
1488 1887 1691 1918 desidiosum

997 1937 1178 1977 significet.
1202 1937 1355 1968 Ramires.
1392 1937 1516 1976 Nostis]
1542 1938 1694 1968 Pronun-

997 1987 1065 2018 ciet
1091 1997 1160 2026 eos,
1190 1987 1217 2017 si
1243 1987 1315 2027 quis
1355 1987 1457 2025 volet,
1487 1987 1692 2028 damnetque

998 2037 1132 2075 sciolos,
1165 2037 1217 2068 vel
1239 2037 1279 2067 ad
1304 2037 1443 2078 Phrygii
1472 2038 1616 2068 tonsoris
1642 2036 1691 2068 fo-

999 2098 1094 2118 veam
1126 2097 1222 2118 aures
1253 2098 1381 2125 eorum,
1422 2088 1478 2128 qui
1517 2089 1693 2119 inusitatas

1000 2138 1099 2168 hasce
1113 2138 1373 2177 syncopationes
1389 2148 1453 2168 non
1466 2137 1579 2169 ferunt
1597 2151 1604 2170 :
1628 2149 1692 2180 ego

999 2193 1094 2218 certe
1111 2187 1271 2227 profiteor
1286 2198 1337 2218 ine
1363 2188 1451 2219 inter
1478 2189 1549 2219 illos
1573 2188 1692 2220 sedere

999 2239 1054 2279 qui
1073 2239 1269 2275 reclamant,
1286 2239 1511 2280 horreantque
1528 2241 1584 2271 illa
1600 2250 1692 2271 mon-

999 2295 1080 2326 stra,
1093 2288 1332 2327 ⁷nostis,postis;
1351 2298 1419 2328 prae
1433 2289 1565 2329 quibus,
1576 2291 1602 2320 si
1614 2300 1692 2320 con·

990 2338 1135 2379 jecturis
1164 2338 1320 2378 ausisque
1351 2339 1382 2368 in
1407 2339 1508 2370 dubia
1532 2340 1690 2381 variaque

997 2390 1142 2420 lectione
1156 2390 1198 2419 sit
1214 2389 1321 2429 locus,
1334 2389 1545 2430 adoptarem,
1560 2391 1694 2421 Cessatis

995 2440 1095 2480 pueri,
1116 2443 1144 2470 et
1172 2440 1248 2470 nihil
1263 2441 1400 2480 ›noi-etis,
1426 2441 1476 2472 vel
1500 2440 1581 2482 quid
1603 2441 1693 2481 ejus-

998 2490 1099 2521 modi.
1145 2489 1239 2520 Alias
1256 2493 1350 2525 nostis
1366 2493 1454 2531 nihil,
1477 2492 1508 2523 id
1535 2493 1693 2531 est,nihil

998 2541 1143 2581 potestis
1162 2551 1171 2578 3
1193 2541 1278 2572 hauc
1295 2543 1381 2572 euim
1401 2543 1465 2573 vin]
1493 2542 1593 2574 habet
1619 2552 1691 2573 ver-

999 2591 1074 2622 bum
1095 2592 1103 2608 ‘
1119 2592 1195 2622 novi
1211 2591 1231 2622 :'
1258 2602 1430 2634 genusque
1447 2593 1583 2624 dicendi
1602 2593 1691 2624 Atti-

999 2651 1087 2672 cum.
1130 2641 1242 2681 Pueri]
1282 2643 1467 2674 Nautarum
1490 2654 1537 2675 sc.
1555 2653 1636 2684 quos
1658 2648 1691 2673 et

999 2692 1199 2723 Theocritus
1211 2693 1317 2723 παῖδας
1329 2700 1437 2724 vocat.
