1866 3131
386 212 434 240 M.
470 211 579 240 VAL.
615 210 888 239 MARTlALls
924 208 1081 238 EPIGR.
1116 210 1208 238 mn.
1238 207 1289 238 X.

186 310 203 336 3
231 308 293 336 Ore
308 307 383 336 nitet
400 308 497 343 tanto,
512 303 579 343 era]
596 304 629 333 Si
648 304 707 333 liac
724 303 831 332 forma

142 357 261 388 fuisset
274 358 362 389 Juno
385 357 457 396 ipsa
473 357 505 386 in
523 354 739 385 contentione
756 362 830 383 cuin

142 408 284 438 Pallade
301 413 334 437 et
348 408 480 437 Venere
500 405 542 435 de
568 403 829 445 pulchritudine,

140 457 203 496 ipsi
228 457 454 497 adjudicasset
472 456 563 485 litem
582 455 708 484 arbiter
723 452 830 483 Paris.

142 508 180 537 In
198 507 268 546 Ida]
286 508 402 537 Monte
419 505 587 545 Plirygia‘,
603 504 657 533 nbi
675 503 771 533 Paris
789 502 831 533 de

140 558 294 596 sunonis,
310 557 484 594 Minervae,
499 560 533 585 et
549 554 692 584 Veneris
712 562 830 584 venus-

142 613 212 638 tate
229 608 355 638 arbiter
367 607 475 637 factus
492 610 555 635 est.

182 662 199 687 5
212 658 234 687 J
239 667 374 695 inionem,
387 657 550 696 Polyclete,
560 653 659 693 suam]
673 654 829 684 Sororem

140 716 344 747 uxoremque
361 716 465 737 suam.
512 704 639 743 Frater]
661 705 810 744 Jupiter.

191 761 211 788 6
247 759 398 788 Junonem
426 756 525 796 etium]
562 756 714 786 Statuam
744 755 829 784 lianc

139 814 241 838 tuanr

181 861 283 890 Eme.
309 869 364 890 xc.
410 858 479 899 [Ad
509 857 684 887 Vax-iorum
711 855 742 886 in
769 855 829 886 lioc

140 911 255 950 Epigr.
274 911 381 941 Notas
394 907 615 940 consulendas
631 907 749 937 iuVV.
761 906 828 936 LL.

141 962 314 992 Lectorem
344 959 567 990 incitavimus.
618 956 665 987 At
691 966 746 987 eas
775 957 828 986 hic

138 1021 213 1042 suas
238 1011 319 1041 fecit
338 1011 448 1041 editor
464 1007 730 1049 Delphinensis.]

180 1062 284 1092 Eric..
301 1070 388 1091 xcxi.
407 1060 573 1090 Relictum
591 1058 700 1088 Mario
716 1067 828 1088 ruscu-

137 1112 202 1142 lum
219 1121 313 1142 suum
330 1111 437 1141 Po'eta
453 1109 621 1140 rediturus
636 1108 669 1138 iu
685 1109 828 1148 patriam

136 1163 357 1193 commendat.

188 1215 202 1242 1
231 1213 364 1250 Quieloe,
388 1211 454 1250 ἐγω]
483 1211 659 1241 Privatum
681 1210 768 1240 hunc
793 1215 828 1240 et

134 1262 235 1293 rebus
247 1262 380 1292 rusticis
391 1261 543 1292 deditum
558 1259 658 1290 fuisse
669 1258 828 1290 ostendit.

186 1315 206 1342 2
229 1311 340 1350 Atina]
373 1311 480 1342 Italiae
509 1310 586 1340 urbs
612 1309 764 1349 antiqua,
786 1318 828 1339 ex

134 1363 174 1393 iis
200 1372 277 1399 nna,
300 1372 372 1403 quae
387 1362 497 1392 Turno
515 1361 674 1391 adversus
690 1359 828 1389 AEneam

136 1421 227 1442 arma
256 1411 449 1442 fabricavit.
494 1409 615 1446 virgil.
638 1412 669 1439 7.
697 1407 829 1438 AEneid.

134 1463 142 1478 ‘
156 1460 260 1492 Atina
277 1466 410 1501 potenS,
434 1460 607 1499 Tiburque
623 1457 828 1498 superbum‚’

136 1514 198 1542 διε.

176 1565 194 1592 3
220 1561 290 1592 Has
313 1560 387 1600 tibi]
410 1560 594 1591 Rediturus
620 1559 655 1589 in
684 1558 828 1599 patriam

134 1621 241 1642 meam
252 1611 450 1643 commendo
462 1610 523 1641 tibi
537 1609 704 1639 rusculum
718 1618 827 1638 meum

136 1663 386 1693 Nomentanum
398 1670 472 1691 cum
488 1659 563 1690 Diis
575 1664 609 1690 et
622 1659 736 1688 sacris.
765 1658 827 1688 Ge-

134 1713 251 1752 mechis,
274 1712 343 1751 circu]
369 1712 463 1742 Duas
491 1710 586 1750 pinus
603 1713 702 1749 atque
718 1708 826 1747 ilices,

136 1763 250 1793 Fauno
268 1768 304 1793 et
320 1762 394 1792 Diis
411 1760 596 1801 agrestibus
613 1768 736 1789 sacras.

175 1816 195 1842 6
220 1812 366 1844 Tonantis
381 1810 467 1850 aras]
483 1809 588 1842 Jovis.
634 1808 827 1847 Horridiquc

135 1863 270 1902 Silvani]
297 1862 442 1899 Hirsuti‚
458 1859 661 1900 capript’dis‘,
683 1860 829 1898 cornuti,

134 1913 188 1942 cui
206 1917 238 1942 et
255 1913 351 1951 pinus
368 1915 573 1942 consecrata.

184 1965 201 1992 7
232 1962 341 1992 Tinxit
369 1964 457 2000 agni,
486 1959 556 1999 Era]
588 1959 677 1990 Rite.
703 1959 824 1991 Horat.

134 2011 202 2043 Od.
218 2014 250 2042 4.
266 2012 325 2043 lib.
342 2015 370 2042 l.
387 2012 487 2042 idem.

175 2066 194 2094 8
226 2063 462 2102 Dominamque,
484 2060 550 2101 ξω]
582 2061 741 2101 Dianam,
771 2060 825 2090 cui

133 2113 266 2144 dicatur
282 2113 442 2153 templum
457 2121 532 2142 cum
547 2112 634 2150 luco,
648 2111 696 2141 uti
714 2118 826 2141 nemo-

135 2172 207 2193 rum
223 2164 361 2203 reginae.

175 2216 195 2243 9
221 2214 319 2248 Quem
338 2213 463 2253 sororis,
486 2213 552 2254 &cd
577 2212 695 2242 Dianae
720 2210 827 2242 frater

132 2269 207 2294 erat
224 2264 329 2294 Mars.

176 2318 216 2346 10
249 2316 403 2352 Mearum,
429 2315 498 2355 εἷα]
533 2315 638 2355 Cujus
667 2314 825 2346 Calendis

132 2366 213 2396 mibi
229 2367 336 2405 prima
359 2365 486 2396 affulsit
510 2366 580 2403 lux,
606 2366 727 2397 natalis
754 2365 826 2396 scil.

133 2426 240 2455 meuS,
270 2417 388 2456 Epigr.
415 2419 467 2447 24.
499 2425 612 2456 supra,
639 2421 674 2447 et
702 2415 760 2446 lib.
793 2418 825 2447 9.

134 2467 342 2507 Epigramm.
357 2468 410 2496 53.

192 2521 229 2548 15
269 2517 445 2556 Ubicunque
470 2520 585 2555 noster,
612 2515 677 2556 δῖα]
711 2516 827 2555 Dices,

132 2568 300 2599 Martialis
326 2572 440 2597 noster
465 2567 653 2607 ubicunque
676 2572 740 2605 est,
767 2566 824 2596 ab-

131 2629 207 2650 sens
226 2624 335 2649 tamen
353 2627 426 2648 mea
440 2618 502 2648 bac
517 2618 638 2648 dextra
649 2617 741 2648 vobis
754 2618 825 2648 liaec

132 2679 225 2701 sacra
241 2669 335 2700 facit.
380 2668 511 2708 Noster]
535 2668 603 2699 Alii
619 2668 684 2708 leg.
701 2671 810 2699 vester.

176 2722 215 2750 18
233 2719 316 2750 Date
331 2717 458 2758 duobus,
470 2717 536 2758 ἱγικ]
552 2718 674 2749 Omnia
689 2718 824 2759 utrique

135 2768 243 2801 fausta
258 2769 421 2810 bonaque.

1461 199 1572 240 1:353

922 309 1026 340 Eric..
1037 318 1137 340 xmn.
1152 310 1285 339 Librum
1298 318 1417 340 novum
1426 308 1572 349 Sabiuae,

879 359 1062 389 Clementis
1081 359 1189 396 uxori,
1216 359 1342 398 mittit3
1364 368 1462 400 quem
1478 368 1497 389 a
1515 369 1571 390 no-

879 410 984 439 vitate
1001 408 1224 439 commendat.

923 462 938 489 l
964 459 1002 489 Si
1025 458 1127 498 prior]
1153 459 1201 488 Ut
1228 459 1370 498 primum
1395 458 1573 490 adveneris

879 518 954 540 oras
975 514 1011 539 et
1035 517 1115 538 arva
1140 508 1275 539 Patavii
1300 509 1405 539 vineis
1432 510 1573 541 consita.

880 559 1056 598 Euganeas,
1066 558 1220 597 Clemens]
1232 558 1389 589 Patavini
1402 559 1485 590 dicti
1497 564 1574 591 sunt

878 609 1043 649 Euganei,
1059 609 1153 650 quasi
1169 609 1311 647 εὐγενεῖς,
1329 609 1472 640 Henetis
1488 610 1575 641 scili-

879 664 934 690 cet
960 664 995 690 et
1020 659 1172 698 Trojanis
1196 659 1341 691 oriundi.
1393 659 1574 691 Helicaonis

878 710 961 750 oras]
1004 709 1079 740 Filii
1102 709 1285 740 Antenoris
1307 709 1364 750 qui
1392 709 1573 740 Patavium

879 760 1044 791 condidit.

921 813 938 840 3
956 809 1111 841 Atestinae
1126 811 1270 849 nondum,
1293 809 1360 850 Syna]
1390 808 1511 841 Ateste
1528 810 1573 840 ci-

878 862 963 891 vitas
980 861 1199 899 Venetorum,
1223 860 1311 891 unde
1326 860 1464 900 Sabina,
1490 870 1574 891 uxor

879 912 1063 943 Clementis
1080 912 1189 950 hujus.

921 965 939 993 4
952 963 1114 1001 Purpurea
1123 962 1177 991 sed
1186 962 1272 991 modo
1283 961 1365 991 culta
1376 960 1465 1001 toga]
1479 960 1573 992 Olim

877 1012 931 1042 hic
947 1012 1139 1051 legebatur,
1153 1013 1242 1040 suta:
1266 1010 1324 1040 sed
1350 1010 1433 1041 illud
1457 1010 1574 1041 melius

877 1061 940 1091 sibi
970 1061 1077 1091 videri
1111 1065 1258 1090 testatur
1287 1059 1468 1091 Gruterus.
1527 1059 1574 1090 At

877 1112 1085 1143 Scriverius:
1112 1110 1190 1141 Non
1215 1110 1321 1150 probo
1344 1111 1482 1141 carmina
1503 1114 1573 1141 suta

878 1166 963 1201 toga,
993 1161 1056 1192 nisi
1083 1160 1216 1200 placeat
1242 1160 1337 1190 homo
1361 1164 1455 1190 sutus
1484 1164 1573 1200 toga.

876 1212 932 1243 Sic
957 1216 1068 1242 tamen
1094 1215 1129 1241 et
1152 1210 1271 1250 optimi
1297 1210 1386 1249 libri,
1408 1215 1443 1241 et
1459 1210 1574 1251 dispar

878 1261 965 1292 ratio
990 1266 1064 1291 est:
1087 1269 1164 1290 nam
1190 1260 1287 1290 homo
1310 1260 1422 1291 induit
1447 1265 1573 1300 togam,

878 1321 944 1342 non
960 1310 990 1341 ei
1004 1310 1169 1340 insuitur:
1194 1313 1228 1339 at
1247 1308 1334 1340 liber
1356 1309 1491 1349 proprie
1507 1319 1572 1341 uon

877 1360 986 1390 induit
1012 1359 1284 1399 integumentum
1313 1367 1421 1397 suum,
1452 1358 1513 1389 sed
1541 1360 1572 1389 ei

877 1410 1032 1441 insuitur.
1078 1409 1193 1441 Quare
1217 1407 1350 1438 omnino
1367 1408 1499 1439 retineo
1516 1417 1571 1439 ve-

878 1466 985 1491 terem
1002 1459 1216 1500 scripturam.
1235 1458 1366 1490 Gruter.
1401 1459 1573 1498 Purpurea,

876 1511 945 1551 istu]
965 1511 1070 1541 Tecta
1086 1518 1247 1550 purpura.
1271 1508 1388 1549 Epigr.
1412 1511 1442 1539 2.
1465 1509 1522 1539 lib.
1540 1511 1572 1540 3.

878 1571 965 1592 vers.
981 1563 1032 1592 10.
1064 1560 1120 1591 Sic
1137 1559 1254 1599 Epigr.
1273 1561 1302 1590 l.
1319 1558 1377 1590 lib.
1397 1562 1447 1589 ll.
1472 1559 1573 1590 ‘Cul-

878 1616 931 1643 tus
944 1610 1092 1643 Sidone!
1114 1610 1217 1650 Vulg.
1235 1609 1298 1649 leg.
1320 1613 1390 1640 suta
1402 1613 1486 1648 toga.

918 1666 938 1694 6
966 1664 1029 1694 Nec
1052 1664 1163 1698 mento,
1188 1659 1256 1700 ξω]
1292 1660 1370 1691 Non
1395 1660 1512 1690 villosa
1537 1664 1572 1690 et

876 1713 1031 1751 barbata,
1042 1711 1174 1742 assiduo
1184 1719 1245 1741 usu
1255 1710 1346 1741 trita.
1363 1709 1570 1750 Epigramm.

875 1766 928 1794 67.
946 1762 1006 1793 lib.
1024 1765 1053 1793 l.
1067 1771 1155 1792 vers.
1174 1764 1204 1792 8.

919 1813 1024 1844 Epio.
1043 1820 1140 1842 xctv.
1175 1810 1295 1841 Amico
1322 1813 1439 1850 empta
1464 1810 1573 1841 mittit

901 1872 986 1894 oma.

877 1873 898 1904 p
919 1916 934 1943 1
956 1913 1028 1943 Non
1043 1922 1122 1950 mea,
1137 1909 1205 1950 ilfa]
1230 1910 1307 1942 Non
1324 1909 1404 1940 milii
1419 1913 1497 1940 sunt
1513 1919 1569 1940 au-

876 1973 932 1995 rea
959 1968 995 1994 et
1019 1962 1147 1993 nobilia
1172 1961 1272 1998 mala,
1298 1969 1373 2000 quae
1399 1959 1571 1990 custodiat

875 2015 978 2046 draco
994 2013 1075 2054 vigil
1093 2011 1221 2050 Ladon,
1244 2015 1283 2041 ut
1304 2010 1338 2040 in
1361 2008 1464 2039 hortis
1482 2008 1571 2039 Hes-

876 2064 1030 2106 peridum
1055 2063 1088 2093 in
1111 2061 1228 2102 Libya,
1253 2060 1349 2100 cujus
1378 2068 1454 2100 pars
1478 2059 1571 2089 Mas·

875 2125 888 2146 s
914 2115 970 2145 lia.

891 2125 934 2197 ΥΞ
966 2164 1084 2202 Regius
1107 2162 1240 2203 Alcinoi,
1258 2161 1327 2201 δῖα]
1360 2161 1434 2192 Nec
1450 2159 1570 2190 nobilis

874 2216 991 2247 hortus
1007 2213 1153 2244 Alcinoi.
1179 2212 1279 2252 Epig.
1295 2214 1349 2242 64.
1365 2211 1388 2241 1.
1404 2213 1435 2241 4.
1451 2219 1499 2240 VS.
1515 2212 1569 2240 28.

918 2268 936 2296 3
954 2265 1015 2296 Sed
1031 2263 1238 2302 Nomentana]
1251 2260 1457 2292 Praediolum
1472 2269 1568 2290 suum

875 2318 909 2349 in
926 2316 1140 2347 Nomentano
1156 2321 1236 2353 agro
1248 2310 1357 2342 Poeta
1371 2309 1569 2350 frequenter

876 2367 978 2399 canit.
1035 2362 1178 2402 Securus]
1216 2362 1359 2393 Causam
1388 2359 1569 2400 adjungit3

875 2416 966 2458 quod
997 2414 1170 2456 plumbeos
1202 2412 1438 2452 lapidososque
1467 2409 1569 2440 foetus

875 2467 990 2506 edant,
1014 2475 1097 2506 quos
1122 2462 1311 2504 appetebat
1336 2470 1445 2492 nemo.
1488 2460 1568 2491 Non

875 2518 996 2548 timens
1010 2515 1113 2546 fures.

916 2571 935 2598 4
969 2565 1127 2604 Plumbea,
1152 2562 1220 2603 &cd
1254 2562 1333 2594 Non
1363 2569 1477 2601 aurea,
1498 2569 1568 2591 non

875 2619 940 2700 ηοξ
945 2619 1067 2699 ¹1iilic-’din
1091 2675 1170 2707 quoe,
1193 2664 1262 2705 ξω]
1302 2664 1428 2703 Empta
1450 2662 1567 2693 Romae

875 2723 907 2752 in
925 2719 1033 2751 medio
1050 2719 1136 2758 vico,
1158 2717 1214 2748 ubi
1240 2715 1349 2748 forum
1369 2714 1565 2757 pomarium.

873 2773 929 2803 Sic
947 2771 1062 2813 Epigr.
1082 2771 1134 2802 61.
1149 2767 1208 2800 lib.
1226 2770 1257 2798 9.
