1866 3131
222 181 335 222 1414

267 287 305 315 14
336 282 459 324 vappa]
482 281 607 312 Vinum
623 279 771 321 fugiens,
786 284 845 311 aut
859 279 927 311 faex

223 336 290 366 vini
306 346 313 366 z
339 341 372 365 et
386 332 636 373 Metaphorice,
648 332 748 362 homo
764 331 873 362 nihili.

270 389 306 417 15
335 386 500 416 Coenarum
526 382 693 423 magister]
727 383 840 414 Coenae
871 391 927 421 pa-

226 442 290 475 tcr,
322 437 495 473 invitator,
527 434 705 475 parochus.
750 435 837 472 Ergo
864 433 927 463 hoc

222 486 301 518 loco
326 489 335 504 ‘
351 485 538 525 Magister’
569 495 690 523 coenae,
721 494 786 515 non
815 485 841 514 is
872 484 928 524 qui

224 541 233 555 ‘
252 538 394 569 Arbiter
409 535 568 573 bibendi‚’
585 535 675 566 unde
692 538 700 553 ‘
714 535 931 575 Magisteria’

226 595 259 619 et
275 590 283 605 ‘
297 598 398 628 regna
415 587 480 617 viui
497 586 517 617 z'
542 597 618 617 uam
637 586 726 617 idem
746 592 777 616 et
795 587 804 601 ‘
821 585 893 615 Rex
910 583 930 614 ι’

225 638 286 668 scd
304 639 416 679 potius
430 639 438 653 ‘
457 638 570 668 Coenae
589 636 711 678 pater‚’
723 645 846 666 mensa:
861 645 930 665 rex.

226 689 384 720 Macrob.
402 689 460 719 lib.
477 691 509 719 2.
527 698 604 729 cap.
622 691 652 719 l.

271 743 308 770 17
336 739 472 780 Ofellus]
519 740 775 780 Epigrammate
792 740 866 768 221.
895 738 932 767 li-

229 792 290 822 bro
310 794 360 823 14.

272 843 376 873 Epio.
401 850 504 872 xmx.
533 844 547 871 l
570 840 715 879 Crinitoe,
740 838 807 879 Cyan]
846 839 933 869 Pue-

229 903 340 924 rorum
359 894 518 924 nobilium
538 899 573 923 et
599 893 800 922 cirratorum
825 890 935 930 preda-

229 954 326 985 goge.
387 944 490 974 Pueri
519 942 622 981 enim,
648 947 686 972 ut
717 940 934 971 formosiores

228 994 442 1031 viderentur,
465 1003 594 1023 comam
619 992 747 1022 nutrire
769 998 804 1023 et
821 992 934 1022 colere

228 1045 380 1076 studiose
414 1044 582 1081 solebant,
610 1043 666 1084 qui
708 1047 743 1073 et
771 1044 780 1059 ‘
799 1042 936 1072 cirrati’

228 1096 305 1127 ideo
323 1096 482 1126 dicuntur
499 1103 517 1124 a
534 1094 653 1124 Persio
669 1093 741 1124 Sat.
756 1095 785 1123 l.
823 1094 832 1109 ‘
850 1091 933 1122 Ten’

229 1148 430 1177 cirratorum
447 1150 582 1176 centum
599 1144 726 1174 dictata
743 1142 846 1173 fuisse
866 1143 934 1172 Pro

229 1197 332 1227 nihilo
348 1195 476 1236 pendas
485 1195 509 1226 ?’
553 1194 701 1225 Turneb.
716 1193 859 1225 Advers.
875 1193 936 1224 lib.

229 1251 281 1278 26.
300 1257 376 1286 cap.
392 1249 446 1278 21.
474 1246 733 1286 Epigrammate
749 1247 802 1275 67.
834 1243 891 1274 lib.
905 1245 936 1274 3.

230 1307 317 1328 vers.
334 1299 366 1328 8.

273 1352 290 1378 5
316 1347 371 1378 Sic
383 1345 507 1386 te,8,·c.]
542 1345 723 1376 Precantis
740 1343 893 1375 Adverb.

274 1403 293 1429 7
321 1398 451 1438 Furor-i]
477 1398 570 1428 Meo.

279 1453 314 1480 13
340 1450 401 1480 Sed
416 1449 558 1489 uniones]
579 1445 841 1487 Ἀπροσδοκήτως.
868 1446 935 1476 Ex-

234 1502 439 1543 pectabatur
455 1501 545 1532 enim
572 1505 610 1531 ut
628 1504 765 1540 peteret
794 1508 937 1538 pueros;

234 1555 321 1595 petit
340 1554 397 1584 ille
414 1554 569 1583 uniones.

277 1605 380 1635 Epio.
399 1612 428 1634 L.
460 1601 634 1642 Sapientis
659 1610 732 1631 esse
748 1600 938 1639 architecti,

232 1665 300 1686 non
313 1655 488 1694 elegantes
508 1659 653 1691 tantum,
669 1651 727 1682 sed
745 1651 938 1682 commodas

235 1706 326 1736 aedes
345 1714 482 1745 parare,
499 1704 615 1735 docet.
766 1698 771 1702 ’

281 1760 295 1787 l
320 1756 522 1795 Daphnonus,
536 1754 606 1794 δῖα]
642 1753 801 1784 Laureta.
834 1753 855 1784 l.
888 1756 939 1785 10.

236 1810 287 1837 79.

279 1860 297 1887 2
317 1856 385 1886 Non
395 1856 497 1890 ηηίιιε,
509 1854 578 1895 Esca]
592 1855 703 1895 Magis
717 1854 828 1894 ampla
839 1863 939 1894 quam

237 1918 299 1948 pro
316 1907 447 1947 privato
462 1906 608 1936 homine.

277 1962 296 1988 4
314 1957 532 1996 Calcatusque,
543 1955 611 1995 Sym]
636 1955 840 1985 Pavimenta
858 1958 941 1984 ster-

237 2014 364 2039 nuntur
380 2007 552 2046 Onychite
567 2005 695 2045 lapide.

281 2064 298 2089 5
324 2059 559 2098 Hippodromon
570 2056 687 2095 ungula
697 2054 834 2095 plaudit]
857 2055 940 2094 Spa-

239 2112 326 2141 cium
347 2119 407 2149 per
422 2107 510 2149 quod
528 2111 671 2137 currunt
696 2106 798 2146 equi:
836 2115 877 2135 ex
891 2103 940 2134 ‘ln--

238 2173 305 2196 πος,
318 2166 353 2191 et
369 2158 485 2200 δρόμος.
531 2158 540 2174 ‘
555 2154 831 2197 Hippodromus’
849 2165 940 2185 nain-

238 2223 303 2252 que
330 2211 419 2252 apud
451 2209 588 2240 Latinos
614 2217 674 2248 pro
700 2207 800 2238 Circo
816 2206 941 2246 accipi-

241 2270 306 2300 tur,
319 2263 351 2292 in
371 2271 435 2303 quo
453 2261 494 2291 de
510 2259 589 2300 equi
612 2258 816 2299 pernicitate
833 2263 941 2288 certa-

240 2315 348 2343 batur.

281 2366 302 2394 6
326 2365 424 2402 Aqua*
441 2362 562 2402 fluctus
588 2360 696 2400 ubique
719 2358 824 2398 sonat]
856 2359 943 2389 Fon-

241 2415 337 2450 tium,
349 2412 591 2452 scaturiginum
611 2412 642 2441 in
669 2410 773 2440 hortis
789 2408 943 2439 diffluen-

242 2467 337 2495 tium.

284 2520 303 2547 8
329 2517 430 2552 Quam
448 2516 521 2546 bene
536 2525 594 2545 non
608 2513 745 2553 habitas]
773 2512 835 2544 Cui
855 2512 943 2542 inter

242 2569 314 2598 baec
332 2568 444 2598 onmia
460 2566 606 2597 coenatio
630 2565 733 2602 nulla,
751 2564 944 2594 cubiculum

242 2619 379 2648 nullum.
429 2616 521 2649 Quid
539 2625 619 2655 ergo
636 2614 827 2651 absurdius,
844 2623 944 2654 quam

243 2669 273 2697 in
293 2668 496 2707 amplissima
521 2666 620 2696 domo
648 2665 775 2695 nullum
798 2673 871 2694 esse
899 2663 945 2694 lo-

242 2728 317 2748 cum
333 2717 638 2756 coenandi,nullum
652 2715 852 2754 dormiendi,
864 2725 946 2756 quo-

243 2778 315 2798 rum
341 2776 458 2798 caussa
486 2766 696 2806 potissimum
724 2765 814 2796 aedes
841 2765 947 2796 aedifi-

690 186 831 217 NOTAE
867 186 1131 216 VARIORUM
1171 184 1220 214 {N

979 283 1112 311 cantur.
1137 279 1219 309 Rad.

1023 331 1128 361 Epio.
1148 339 1193 360 LI.
1229 331 1245 359 1
1263 327 1441 368 fabalium]
1480 326 1649 358 Gruterus
1665 335 1682 355 e

980 381 1047 411 Ms.
1065 381 1162 419 legit,
1177 379 1388 411 Fabullinum.
1407 384 1514 408 recte.

1021 433 1040 461 2
1061 431 1132 460 Tiro
1150 428 1212 469 est]
1247 429 1414 469 Simplex,
1443 438 1505 458 nec
1528 427 1610 457 satis
1626 436 1683 456 ex-

979 482 1144 512 ercitatus
1163 480 1204 511 ad
1231 479 1420 511 cavendum
1438 484 1610 510 veteratos
1627 478 1686 507 'nos

981 538 1205 564 veteratores.

1023 583 1128 614 Eme.
1147 592 1208 614 mr.
1232 582 1413 622 Epitaphio
1431 586 1573 612 mortem
1591 580 1682 616 Rufi,

981 640 1015 665 et
1047 635 1255 675 Semproniae
1292 645 1376 674 erga
1416 633 1538 664 Rufum
1579 634 1685 663 virum

981 696 1129 716 amorem
1145 691 1177 716 et
1197 685 1297 716 fidem
1316 684 1490 715 celebrat:
1516 694 1590 724 quae
1610 693 1686 722 rap-

983 740 1017 766 ta
1042 736 1084 766 ab
1111 741 1263 766 amatore
1293 736 1397 766 rediit
1428 736 1469 765 ad
1498 735 1686 772 virum‚os-

984 786 1160 826 tenditque
1174 796 1209 815 se
1226 786 1366 816 invitam
1381 785 1483 816 fuisse
1495 785 1687 821 abductam,

983 842 1041 867 aut
1056 842 1150 867 certe
1169 838 1367 875 prenitnisse
1386 836 1481 868 facti.
1507 838 1587 868 Rad.

1029 892 1043 919 1
1072 888 1320 928 7'en1p01-‹1,250.]
1355 888 1461 919 Rufus
1475 894 1561 927 tuns,
1581 889 1689 920 Po'e'ta

986 938 1136 977 insignis,
1168 949 1231 969 nec
1263 939 1372 969 miuus
1411 939 1559 970 celebris
1597 946 1686 970 notae

987 988 1128 1019 Orator.

1028 1042 1047 1069 4
1075 1039 1172 1077 Cujus
1188 1043 1217 1069 et
1234 1040 1296 1079 ipse
1309 1039 1449 1080 heistre]
1473 1040 1571 1073 Quod
1592 1046 1690 1080 rapta

987 1089 1028 1120 ad
1049 1089 1173 1120 Rufum
1189 1097 1310 1130 sponte
1324 1091 1475 1121 redierit.

1029 1144 1046 1170 5
1075 1141 1228 1171 Nurruris
1245 1141 1357 1178 fabula
1387 1141 1509 1182 cumpo]
1542 1141 1572 1171 A
1599 1140 1690 1171 Rufo

987 1196 1045 1222 tuo
1055 1191 1125 1232 jam
1145 1192 1177 1221 in
1193 1192 1324 1232 Elysiis.

1028 1245 1048 1272 6
1072 1242 1182 1281 Stupet
1197 1244 1237 1271 (111
1251 1242 1375 1281 raptus]
1415 1241 1515 1274 Quod
1535 1247 1569 1272 tu
1589 1247 1688 1281 raptu

988 1290 1111 1322 Rufum
1131 1297 1222 1322 tuum
1238 1298 1358 1331 sponte
1380 1293 1561 1331 repetiisti.
1610 1293 1690 1333 Tyn-

987 1342 1074 1372 daris
1089 1342 1156 1382 ipsa
1173 1346 1252 1381 tuos,
1268 1342 1338 1382 ἐγὼ]
1379 1342 1526 1382 Helena,
1542 1344 1691 1384 Tyndari

987 1392 1068 1423 filia.

1030 1445 1049 1473 S
1077 1443 1224 1482 Repetita
1235 1441 1337 1484 sequi]
1363 1442 1392 1474 A
1409 1443 1555 1484 conjuge
1573 1444 1691 1475 Mene-

988 1494 1043 1525 lao
1060 1498 1095 1524 et
1112 1494 1253 1525 Graecis.

1031 1546 1051 1574 9
1077 1544 1186 1582 Ridet,
1202 1543 1273 1584 Era]
1313 1544 1490 1574 Menelaus
1518 1545 1617 1575 laetus
1636 1556 1692 1576 au-

990 1594 1042 1625 dit
1071 1600 1104 1624 te
1135 1600 1270 1634 raptam
1297 1595 1437 1626 rediisse
1463 1594 1503 1624 ad
1536 1596 1692 1626 maritum

992 1652 1099 1685 tuum,
1126 1652 1269 1676 excusat
1293 1647 1420 1677 crimen
1448 1647 1590 1678 Helenae
1612 1658 1694 1685 suae,

990 1698 1150 1738 ridetque
1164 1707 1295 1728 amores
1310 1698 1449 1728 Paridis
1460 1703 1494 1728 et
1510 1699 1697 1738 Deiphobi.

1036 1751 1070 1779 11
1097 1749 1272 1788 Accipient,
1287 1747 1356 1787 Era]
1396 1749 1462 1779 Ubi
1480 1754 1515 1779 tu
1533 1748 1696 1779 defuncta

991 1800 1147 1839 migrari<
1175 1799 1216 1828 ad
1259 1799 1391 1839 Elysios
1432 1809 1583 1839 campos,
1615 1806 1695 1830 nota

991 1850 1056 1880 eris
1069 1855 1103 1880 et
1116 1849 1292 1879 nobilitata
1307 1859 1347 1879 ex
1361 1849 1422 1879 hac
1436 1849 1512 1880 Rufi
1529 1850 1575 1880 tui
1593 1849 1695 1880 fama.

1036 1902 1074 1930 13
1100 1899 1172 1930 Non
1193 1900 1294 1930 aliena
1315 1900 1410 1936 videt,
1425 1899 1492 1939 Qu]
1530 1900 1596 1930 Sed
1617 1900 1696 1930 ami-

993 1959 1045 1988 ca,
1061 1955 1094 1979 et
1111 1955 1251 1989 propter
1267 1959 1478 1980 communem
1496 1957 1629 1990 raptum
1647 1949 1697 1980 fa-

994 2009 1074 2030 vens
1091 2000 1209 2039 raptis.

1038 2052 1077 2079 14
1104 2050 1174 2079 Tibi
1205 2049 1359 2079 dominam
1387 2049 1563 2079 conciliabit
1595 2051 1695 2089 amor]

994 2099 1234 2138 Proserpinam
1273 2099 1333 2129 tibi
1365 2099 1547 2139 propitiam
1578 2098 1695 2130 faciet.

996 2151 1071 2181 Nou
1104 2150 1210 2180 solum
1242 2150 1332 2180 enim
1358 2154 1527 2180 amatores
1555 2151 1696 2181 amicam

992 2210 1085 2231 suam
1111 2201 1119 2217 ‘
1137 2199 1339 2231 Dominam’
1371 2209 1491 2230 vocare
1524 2200 1698 2239 solebant;

994 2251 1054 2281 sed
1069 2255 1103 2282 et
1116 2250 1235 2281 eodem
1250 2250 1382 2280 nomine
1397 2249 1562 2291 Augustae
1580 2257 1614 2281 et
1634 2251 1697 2282 Re-

996 2302 1080 2342 gin-<e
1113 2301 1331 2332 vocabantur.
1366 2301 1465 2331 Maro
1490 2304 1522 2332 6.
1564 2301 1699 2332 AEueid.

994 2355 1003 2369 ‘
1017 2353 1061 2383 Hi
1079 2352 1247 2383 dominam
1264 2352 1353 2382 Ditis
1367 2352 1515 2382 thalamo
1529 2351 1699 2382 deducere

995 2403 1127 2434 adorti.‘
1161 2404 1249 2434 Tum
1267 2408 1302 2434 et
1316 2404 1348 2433 in
1367 2403 1558 2433 universum
1575 2412 1698 2433 uxores

996 2464 1112 2485 omnes
1135 2455 1182 2485 sic
1201 2459 1376 2491 vocantur,
1390 2459 1427 2484 ut
1440 2463 1459 2484 e
1479 2453 1624 2493 quodam
1640 2453 1700 2484 Se-

995 2514 1090 2535 necae
1117 2504 1192 2534 loco
1219 2504 1365 2544 intelligi
1391 2509 1514 2545 potest.
1548 2503 1700 2535 Turneb.

997 2555 1056 2585 lib.
1073 2557 1127 2585 21.
1156 2554 1297 2585 Advers.
1315 2565 1392 2596 cap.
1409 2557 1443 2586 6.

1041 2605 1146 2635 Emer.
1179 2613 1255 2635 ιιιι.
1301 2605 1487 2636 Paternum
1514 2605 1702 2636 insectatur

996 2656 1196 2686 illiberalem
1214 2660 1248 2686 et
1264 2666 1416 2696 avarum,
1431 2662 1630 2697 patremque
1642 2665 1700 2696 ap-

999 2707 1105 2748 pellat
1123 2706 1291 2737 avaritiae.

1042 2761 1061 2789 2
1086 2757 1236 2796 Paterre,
1251 2756 1355 2796 rarus]
1379 2755 1451 2788 Aut
1477 2756 1531 2798 qui
1546 2755 1648 2788 habet
1664 2757 1701 2788 li-
