1866 3131
236 158 347 198 1144
702 167 841 196 uoTAE

233 262 466 293 invaletudine
480 262 610 302 longius
624 262 768 302 rejicere
783 270 847 293 non
863 271 935 302 pos-

232 320 295 344 set.
332 313 492 344 Aliituos.
533 312 683 351 Optime.
722 312 769 343 Ut
785 312 833 342 ita
849 322 934 342 sum-

233 376 319 396 mam
334 365 477 395 hominis
502 364 732 404 abjectionem
756 362 935 402 significet,

233 416 289 456 qui
315 414 479 455 ejusmodi
505 418 607 455 sputa
628 413 876 454 patientissime
901 418 935 443 et

232 465 436 496 amicissime
449 465 638 505 exciperet.
662 465 798 496 Herald.

277 519 296 546 3
324 516 400 547 Rem
429 515 563 555 factam,
601 515 783 556 Bithynice,
820 514 934 553 credis]

237 567 464 607 Haeredipeta
480 566 632 598 Naeviae:
657 566 708 595 vel
725 565 859 596 marite.
877 575 933 594 cn-

227 617 377 657 jusmodi
409 617 519 657 epigr.
552 618 603 647 ll.
630 615 688 645 lib.
718 618 744 645 l.
791 614 933 654 Habere]

235 667 334 698 Illam
362 667 479 698 statim
506 666 703 697 morituram
728 665 815 696 serio
844 665 934 703 cogi-

238 729 300 749 tas.
346 718 465 758 Epigr.
477 720 531 748 28.
548 717 607 747 lib.
623 719 654 746 l.

279 772 298 800 4
322 769 508 806 Blanditar,
524 768 590 808 φη]
620 768 667 798 Te
686 766 773 798 falsa
787 775 847 805 spe
868 765 935 794 lac-

236 827 288 853 tat
303 826 337 852 et
352 821 525 852 moriturae
540 819 690 860 speciem
707 828 777 859 prae
796 828 831 849 se
856 816 938 856 fert,

239 883 303 904 non
321 882 399 903 mox
417 872 595 902 moritura.

280 925 385 955 Eme.
400 931 524 954 xxvn.
549 925 565 953 1
583 922 789 960 Laudantem,
800 922 867 962 esa]
882 922 939 952 Sa-

238 976 279 1006 tis
297 975 444 1015 agitatus
473 973 584 1004 Selius
600 973 664 1003 iste
686 972 871 1012 coenipeta‚
887 982 940 1002 su·

238 1036 299 1066 pra
315 1026 423 1065 epigr.
442 1027 492 1055 ll.
505 1029 539 1054 et
554 1027 603 1054 14.
627 1022 781 1053 Adverte
797 1021 940 1061 Selium,

238 1086 338 1117 qnam
355 1084 485 1106 caenam
507 1079 649 1114 captans
674 1072 790 1104 laudet
816 1078 862 1111 te,
886 1073 939 1103 vel

238 1126 389 1156 earmina
416 1134 475 1155 seu
495 1124 627 1155 libellos
655 1124 871 1162 recitantem,
887 1123 940 1154 vel

238 1187 355 1209 causas
372 1181 543 1217 agentem.

282 1232 301 1260 2
324 1229 450 1268 Accipe,
480 1227 544 1258 sive
571 1226 670 1266 legas]
707 1226 785 1257 Sive
817 1226 942 1256 recites

240 1281 374 1320 scripta
401 1286 485 1317 tua3
521 1279 591 1309 sive
619 1284 782 1318 patronus
808 1286 942 1307 caussas

239 1342 332 1373 agas.
382 1331 563 1363 Habebam
588 1330 676 1361 enim
695 1335 730 1360 et
746 1338 942 1360 caussarum

241 1382 375 1424 patroni
406 1382 600 1413 laudatores
628 1390 704 1412 suos
735 1385 770 1411 et
801 1380 944 1411 admira-

241 1437 347 1471 tores,
371 1441 473 1473 quum
503 1441 640 1462 caussas
665 1436 825 1470 agerent:
861 1440 943 1471 quos

241 1482 422 1524 aliquando
440 1483 594 1522 pecuniae
620 1487 679 1513 aut
701 1491 805 1513 coenae
832 1482 945 1522 pretio

243 1533 496 1565 conducebant.
521 1533 694 1564 Heraldus.

285 1588 303 1615 3
342 1583 479 1625 Effecle]
525 1584 704 1615 Acclamat
740 1583 821 1614 tibi:
867 1582 943 1613 vide

242 1636 351 1676 epigr.
366 1635 438 1666 41.
458 1638 487 1665 1.
502 1644 590 1666 vers.
608 1639 639 1666 8.
683 1634 850 1666 Omnibus
867 1643 944 1675 par-

242 1686 332 1716 tibus
363 1685 534 1723 absolute,
562 1685 675 1725 plene,
706 1684 877 1726 perfecte,
907 1689 945 1716 ut

243 1736 455 1776 nihilsupra.
498 1735 663 1777 Apuleius
692 1736 714 1767 l.
743 1746 784 1768 11.
816 1737 943 1768 Florid.

243 1789 250 1804 ‘
268 1788 332 1818 Vel
346 1787 425 1818 inde
442 1792 521 1818 ante
541 1796 632 1817 aram
658 1786 809 1827 Bathylli
831 1791 945 1818 statua

246 1850 265 1868 a
281 1838 464 1877 Polycrate
481 1841 628 1877 tyranno
653 1837 786 1874 dicata3
816 1847 880 1877 qua
896 1838 944 1867 ni-

244 1889 290 1918 hil
304 1888 421 1918 videor
432 1886 589 1918 effectius
599 1887 820 1926 cognovisse.’
834 1887 945 1919 Amm-

248 1937 472 1969 Marcellinus
483 1938 542 1969 lib.
561 1940 611 1968 16.
639 1939 648 1954 ‘
662 1938 730 1969 Sed
743 1943 855 1969 tamen
869 1949 944 1970 cum

246 1989 319 2019 haec
335 1986 471 2028 effecte,
486 1989 653 2029 pleneque
665 1989 866 2030 colligeret‚’
881 1992 945 2021 ἂς.

248 2039 457 2072 Ramiresius
482 2039 661 2079 legendum
689 2046 808 2071 censet
832 2040 947 2081 effoete,

247 2090 402 2130 dicitque
424 2088 459 2119 id
486 2088 533 2120 ita
549 2088 631 2129 dici,
648 2094 685 2120 ut
701 2090 783 2120 nihil
804 2091 946 2131 amplius

247 2139 431 2171 dicendum
455 2139 632 2180 reliquerit
647 2140 682 2170 in
704 2149 745 2170 ea
760 2150 817 2171 re:
854 2141 949 2182 quasi

248 2191 393 2229 diceret;
429 2190 478 2221 ita
493 2190 580 2221 bene
606 2195 641 2221 ct
667 2189 832 2231 perfecte,
847 2196 886 2221 ut
901 2191 949 2221 ni-

246 2242 295 2273 hil
311 2250 410 2282 supra
426 2240 495 2271 dici
512 2243 629 2282 possit.
655 2241 741 2273 Sunt
754 2242 810 2282 qui
826 2241 949 2282 affecte,

249 2293 343 2333 quasi
365 2302 442 2323 cum
466 2290 604 2324 affectu.
633 2292 722 2333 quod
750 2293 863 2332 piacet
887 2293 951 2324 Ra-

249 2343 345 2374 dero.
372 2341 537 2382 Graviter]
561 2343 644 2373 Cum
656 2342 838 2384 dignitate.
862 2343 949 2383 Cito]

253 2393 429 2434 Prompte,
460 2403 503 2424 cx
534 2393 720 2433 inopinato.
780 2393 949 2434 Nequiter]

250 2444 409 2483 Versum,
425 2448 555 2484 argute.
599 2444 656 2474 Sic
673 2443 875 2474 laudabatur
890 2444 950 2474 ali-

253 2494 326 2534 quis
342 2494 351 2511 ‘
367 2494 541 2534 ingeniose
559 2492 729 2535 nequam‚'
754 2498 793 2526 ut
816 2495 950 2534 elegan-

252 2550 305 2575 ter
321 2545 470 2585 loquitur
485 2544 636 2576 Velleius
652 2545 866 2576 Paterculus.

294 2598 312 2625 4
340 2595 410 2626 Hoc
432 2595 528 2635 volui]
566 2596 690 2626 Placet
712 2601 773 2626 tua
788 2597 952 2627 acclama·

255 2646 313 2684 tio,
330 2646 439 2686 inquit
450 2647 627 2686 recitator,
640 2646 789 2678 coenabis
801 2656 951 2678 mecum:

256 2696 369 2726 statim
386 2696 497 2726 Selius
515 2697 585 2727 voti
601 2706 741 2736 compos
756 2701 859 2729 tacet.
883 2697 952 2728 No-

257 2751 374 2786 tatque
393 2746 503 2777 I’oissta
527 2756 601 2778 cum
628 2746 871 2787 impudentiam
890 2757 953 2778 coe-

878 167 1095 199 VARIoRU
1108 170 1137 198 M
1173 169 1222 199 IN

986 264 1126 302 nipet‘ae,
1142 268 1212 294 tum
1225 264 1412 295 vanitatem
1423 265 1612 296 recitatoris
1625 277 1683 297 seu

986 315 1136 353 patroni:
1163 314 1203 343 de
1221 324 1283 354 qua
1302 315 1397 346 Pers.
1414 318 1442 345 i.
1458 316 1529 346 Sat.

1030 365 1132 395 Eme.
1148 374 1280 395 xxviii.
1307 368 1321 396 1
1343 366 1468 404 Itidem,
1483 365 1554 406 ssa]
1587 366 1684 398 Licet

986 414 1046 445 tibi
1068 420 1286 446 contemnere
1312 425 1386 446 eum
1405 416 1461 457 qui
1486 422 1519 446 te
1536 418 1687 457 appella-

985 466 1073 496 verit
1088 466 1269 506 cinoedum,
1286 471 1322 497 et
1344 467 1376 497 iu
1399 467 1490 498 illum
1507 467 1615 507 ipsum
1634 477 1686 499 re-

985 523 1142 558 torquere
1160 518 1193 548 id
1210 518 1408 557 convitium,
1435 524 1594 558 porrecto
1619 529 1686 549 me-

985 567 1040 597 dio
1058 568 1165 606 digito
1184 567 1295 599 infami
1312 573 1347 600 et
1372 579 1486 608 verpo,
1501 570 1559 609 qui
1584 575 1688 600 caete-

985 619 1029 649 ris
1056 620 1242 650 contractis
1270 621 1488 661 curvatisque
1522 620 1687 660 Priapum

983 676 1234 710 repraesentans
1250 671 1283 700 in
1304 670 1510 701 cincedornm
1528 675 1564 701 et
1581 671 1688 701 molli-

986 730 1040 749 um
1058 726 1173 751 notam
1201 721 1472 759 extendebatur3
1509 722 1618 760 epigr.
1635 723 1689 751 93·

985 771 1007 801 l.
1019 773 1048 801 1.
1063 771 1216 811 adeoque
1228 772 1336 811 ipsum
1350 772 1523 812 patllicnm
1536 772 1690 811 indigita.

1029 824 1049 852 4
1076 822 1184 861 Calda,
1197 821 1266 861 Esca]
1292 823 1367 854 Nec
1384 823 1446 853 tibi
1463 824 1577 863 placet
1593 822 1688 853 fella-

989 872 1083 903 tricis
1111 873 1232 911 bucca,
1256 874 1361 914 epigr.
1378 877 1430 905 62.
1447 875 1535 905 l.11.
1561 879 1595 905 et
1613 875 1690 905 arti-

989 921 1060 953 ficis
1074 923 1199 954 halitus
1218 924 1295 955 oris.
1317 924 1440 956 Juven.
1456 928 1505 956 10.
1519 928 1591 956 238.

1032 976 1052 1004 6
1068 973 1128 1004 Sed
1145 978 1178 1004 tu
1192 975 1263 1014 scis,
1274 975 1344 1016 aa]
1368 976 1473 1007 Potes
1491 983 1603 1007 tamen
1617 986 1692 1007 esse

989 1023 1180 1063 μαστρωπὸς,
1203 1025 1256 1055 vel
1280 1025 1483 1065 irrumat0r3
1520 1033 1608 1065 nter,
1634 1036 1691 1057 ne-

991 1075 1072 1105 seio.

1035 1125 1138 1157 Eme.
1156 1135 1262 1157 xxxx.
1287 1130 1299 1157 1
1320 1126 1488 1168 Sabsellia]
1516 1127 1693 1158 Describit

990 1175 1112 1207 fastum
1130 1177 1244 1208 liberti
1272 1177 1462 1218 cujusdam,
1485 1178 1541 1218 qui
1565 1188 1607 1208 ex
1625 1187 1693 1208 ser-

992 1227 1049 1257 vili
1066 1227 1259 1258 conditione
1276 1234 1482 1268 pervenerat
1510 1228 1551 1259 ad
1575 1238 1694 1269 eques-

992 1282 1078 1308 trem
1102 1277 1319 1318 dignitatein,
1337 1279 1549 1320 insigniaque
1575 1289 1695 1320 eques-

993 1328 1057 1359 tria
1082 1328 1245 1368 gerebat:
1282 1328 1308 1358 si
1338 1334 1450 1359 autem
1476 1330 1598 1368 nescis,
1619 1330 1694 1370 quis

993 1378 1037 1409 sit
1049 1379 1119 1417 ille,
1134 1387 1266 1418 amove,
1282 1378 1365 1410 dicit
1378 1378 1500 1418 Poeta,
1513 1379 1643 1419 splenia
1660 1384 1695 1410 et

993 1433 1190 1460 ornamenta
1215 1428 1286 1467 illa,
1309 1429 1402 1468 leges
1419 1429 1453 1459 in
1470 1427 1595 1468 fronte,
1612 1430 1694 1470 quid

994 1480 1049 1510 sit.
1093 1479 1200 1510 Simul
1215 1480 1316 1510 etiam
1342 1479 1447 1510 tacite
1475 1480 1587 1520 carpit
1611 1479 1698 1511 infa-

993 1530 1094 1561 miam
1116 1530 1165 1560 sui
1181 1530 1310 1567 saeenli,
1327 1530 1415 1570 quod
1433 1530 1518 1561 tales
1537 1531 1696 1562 admitte—

992 1585 1048 1612 ret
1062 1580 1260 1612 Senatores,
1283 1580 1450 1620 Subsellia]
1474 1580 1695 1612 Orchestram

992 1632 1026 1662 in
1057 1631 1204 1671 theatro,
1241 1631 1331 1662 iuter
1371 1631 1551 1663 Senatores
1587 1632 1696 1673 ipsum

991 1683 1192 1714 Senatorem
1221 1681 1350 1714 factum
1377 1683 1552 1714 sedentem
1578 1683 1611 1714 in
1629 1684 1696 1724 pri-

993 1743 1048 1764 mo
1080 1733 1210 1773 gradu;
1245 1734 1352 1773 epigr.
1386 1736 1439 1764 14.
1473 1733 1530 1765 lib.
1557 1738 1588 1765 5.
1615 1739 1695 1765 sunt

993 1785 1050 1826 qui
1089 1784 1132 1816 ad
1174 1784 1331 1816 subsellia
1368 1785 1402 1815 in
1430 1784 1570 1826 judiciis
1609 1784 1698 1817 refe-

994 1839 1085 1866 runt.
1124 1835 1228 1866 Corn.
1260 1836 1418 1866 Vitellius
1447 1839 1500 1866 22.
1533 1836 1619 1876 legit
1651 1840 1696 1866 te-

992 1889 1122 1925 rentem,
1147 1885 1181 1916 id
1205 1890 1267 1924 est,
1293 1885 1327 1916 in
1351 1884 1425 1916 foro
1442 1885 1611 1925 judicum,
1640 1886 1697 1917 ubi

995 1941 1092 1968 erant
1109 1936 1283 1974 subsellia,
1301 1937 1522 1976 spaciantem‚
1542 1941 1577 1967 et
1590 1938 1697 1968 causi·

995 1987 1106 2018 dicum
1121 1987 1233 2018 notari
1254 1987 1385 2027 volunt,
1397 1988 1529 2028 qualem
1541 1988 1699 2028 depingit

995 2038 1121 2071 Juven.
1144 2041 1175 2069 7.
1201 2041 1273 2069 139.
1298 2043 1334 2070 et
1350 2039 1582 2071 recitatorem.
1599 2040 1697 2071 Pers.

1002 2092 1032 2120 l.
1050 2091 1103 2120 15.

1041 2142 1060 2170 2
1085 2139 1317 2180 sardonychata
1333 2140 1455 2180 manus]
1480 2140 1634 2172 Annulos
1651 2141 1699 2172 in-

999 2190 1093 2230 duta,
1103 2190 1223 2232 quibus
1235 2191 1454 2222 includuntur
1465 2191 1700 2233 Sardonyches

1000 2242 1117 2272 aliaeve
1134 2251 1288 2282 gemmae.

1043 2294 1061 2322 3
1088 2291 1224 2332 Quaque
1241 2291 1358 2332 Tyron]
1391 2292 1491 2333 Tyrio
1507 2292 1558 2324 bis
1582 2292 1697 2325 tinctae

1000 2343 1146 2381 murice,
1166 2344 1219 2373 vel
1246 2343 1383 2383 pluries.
1427 2345 1436 2360 ‘
1453 2343 1587 2384 Tyron'
1618 2353 1700 2385 ergo

1001 2402 1061 2433 pro
1076 2403 1225 2433 purpura
1240 2403 1282 2424 ex
1297 2393 1388 2432 Tyro
1403 2394 1518 2426 allata.
1543 2395 1602 2425 Eae
1619 2404 1700 2426 vero

1000 2444 1146 2473 lacernae
1158 2442 1394 2474 delicatiorum
1407 2448 1517 2482 erant,
1528 2444 1701 2485 praecipue

1000 2494 1034 2524 in
1059 2493 1280 2524 theatralibus
1304 2494 1520 2534 spectaculis.
1566 2495 1611 2525 Et
1635 2495 1702 2526 ele-

1001 2543 1094 2584 ganti
1112 2542 1318 2582 Metapliora
1341 2553 1420 2574 usus
1446 2548 1512 2582 est,
1535 2554 1638 2585 quum
1654 2544 1703 2575 di-

1002 2595 1051 2625 cit
1075 2594 1084 2610 ‘
1102 2592 1311 2634 epotavere,'
1327 2594 1421 2635 quasi
1438 2594 1564 2634 pluries
1581 2594 1702 2626 intinc-

1003 2648 1060 2675 tae.

1045 2697 1065 2726 »1
1090 2695 1160 2725 Non
1176 2694 1289 2733 tactas]
1322 2694 1426 2725 Nullo
1451 2695 1593 2735 vestigio
1608 2704 1700 2735 pres-

1004 2755 1069 2785 sas,
1083 2754 1159 2786 pare
1175 2754 1208 2775 as
1222 2745 1273 2775 the
1293 2745 1398 2776 driven
1416 2755 1507 2777 snow.
1560 2744 1699 2785 Vincere,
