<?xml version="1.0" encoding="UTF-8"?>
<!DOCTYPE html PUBLIC "-//W3C//DTD XHTML 1.0 Transitional//EN"
    "http://www.w3.org/TR/xhtml1/DTD/xhtml1-transitional.dtd">
<html xmlns="http://www.w3.org/1999/xhtml" xml:lang="en" lang="en">
 <head>
  <title>
</title>
<meta http-equiv="Content-Type" content="text/html;charset=utf-8" />
  <meta name='ocr-system' content='tesseract 3.04.00' />
  <meta name='ocr-capabilities' content='ocr_page ocr_carea ocr_par ocr_line ocrx_word'/>
</head>
<body>
  <div class='ocr_page' id='page_1' title='image "./epigrammataexedi03martuoft_0202.png"; bbox 0 0 1866 3131; ppageno 0'>
   <div class='ocr_carea' id='block_1_1' title="bbox 226 154 340 196">
    <p class='ocr_par' dir='ltr' id='par_1_1' title="bbox 226 154 340 196">
     <span class='ocr_line' id='line_1_1' title="bbox 226 154 340 196; baseline 0.009 -2"><span class='ocrx_word' id='word_1_1' title='bbox 226 154 340 196; x_wconf 72' lang='lat'>1262</span> 
     </span>
    </p>
   </div>
   <div class='ocr_carea' id='block_1_2' title="bbox 218 258 928 1820">
    <p class='ocr_par' dir='ltr' id='par_1_2' title="bbox 224 258 928 400">
     <span class='ocr_line' id='line_1_2' title="bbox 224 258 928 299; baseline -0.003 -8"><span class='ocrx_word' id='word_1_2' title='bbox 224 260 361 291; x_wconf 85' lang='lat' dir='ltr'>videtur</span> <span class='ocrx_word' id='word_1_3' title='bbox 376 260 417 290; x_wconf 88' lang='lat' dir='ltr'>ad</span> <span class='ocrx_word' id='word_1_4' title='bbox 432 259 513 290; x_wconf 90' lang='lat' dir='ltr'>illud</span> <span class='ocrx_word' id='word_1_5' title='bbox 526 258 718 299; x_wconf 74' lang='lat' dir='ltr'>Epicharmi</span> <span class='ocrx_word' id='word_1_6' title='bbox 732 270 739 291; x_wconf 91' lang='lat'><strong>:</strong></span> <span class='ocrx_word' id='word_1_7' title='bbox 763 259 808 290; x_wconf 83' lang='grc' dir='ltr'>Οὐ</span> <span class='ocrx_word' id='word_1_8' title='bbox 822 258 928 298; x_wconf 72' lang='grc' dir='ltr'>λέγειν</span> 
     </span>
     <span class='ocr_line' id='line_1_3' title="bbox 225 307 924 349; baseline 0 -9"><span class='ocrx_word' id='word_1_9' title='bbox 225 309 333 349; x_wconf 77' lang='grc' dir='ltr'>δεινὸς,</span> <span class='ocrx_word' id='word_1_10' title='bbox 348 309 432 340; x_wconf 80' lang='grc' dir='ltr'>ἀλλὰ</span> <span class='ocrx_word' id='word_1_11' title='bbox 449 309 543 349; x_wconf 76' lang='grc' dir='ltr'><em>σιγᾷν</em></span> <span class='ocrx_word' id='word_1_12' title='bbox 557 307 716 340; x_wconf 80' lang='grc' dir='ltr'><strong>ἀδύνατος.</strong></span> <span class='ocrx_word' id='word_1_13' title='bbox 761 309 856 340; x_wconf 77' lang='lat' dir='ltr'>citat</span> <span class='ocrx_word' id='word_1_14' title='bbox 882 309 924 340; x_wconf 83' lang='grc' dir='ltr'>Α.</span> 
     </span>
     <span class='ocr_line' id='line_1_4' title="bbox 226 360 597 400; baseline -0.003 -9"><span class='ocrx_word' id='word_1_15' title='bbox 226 360 316 391; x_wconf 82' lang='lat' dir='ltr'>Gen.</span> <span class='ocrx_word' id='word_1_16' title='bbox 333 361 392 391; x_wconf 89' lang='lat' dir='ltr'>lib.</span> <span class='ocrx_word' id='word_1_17' title='bbox 412 363 440 391; x_wconf 91' lang='grc'>1.</span> <span class='ocrx_word' id='word_1_18' title='bbox 456 369 531 400; x_wconf 83' lang='lat' dir='ltr'>cap.</span> <span class='ocrx_word' id='word_1_19' title='bbox 549 362 597 390; x_wconf 90' lang='lat'>15.</span> 
     </span>
    </p>

    <p class='ocr_par' dir='ltr' id='par_1_3' title="bbox 221 409 928 1104">
     <span class='ocr_line' id='line_1_5' title="bbox 269 409 926 451; baseline 0.002 -10"><span class='ocrx_word' id='word_1_20' title='bbox 269 411 375 441; x_wconf 83' lang='lat' dir='ltr'>EP1G.</span> <span class='ocrx_word' id='word_1_21' title='bbox 393 419 480 441; x_wconf 76' lang='lat' dir='ltr'>xmr.</span> <span class='ocrx_word' id='word_1_22' title='bbox 517 409 549 441; x_wconf 91' lang='lat' dir='ltr'><strong>A</strong></span> <span class='ocrx_word' id='word_1_23' title='bbox 566 410 682 441; x_wconf 83' lang='lat' dir='ltr'>morbo</span> <span class='ocrx_word' id='word_1_24' title='bbox 705 410 856 451; x_wconf 86' lang='lat' dir='ltr'>Oppiani</span> <span class='ocrx_word' id='word_1_25' title='bbox 874 421 926 442; x_wconf 83' lang='lat' dir='ltr'>su·</span> 
     </span>
     <span class='ocr_line' id='line_1_6' title="bbox 222 460 926 492; baseline 0 -1"><span class='ocrx_word' id='word_1_26' title='bbox 222 461 283 491; x_wconf 89' lang='lat' dir='ltr'>mit</span> <span class='ocrx_word' id='word_1_27' title='bbox 300 461 512 491; x_wconf 81' lang='lat' dir='ltr'>occasionem</span> <span class='ocrx_word' id='word_1_28' title='bbox 529 460 774 492; x_wconf 84' lang='lat' dir='ltr'>laudandarum</span> <span class='ocrx_word' id='word_1_29' title='bbox 790 462 926 492; x_wconf 82' lang='lat' dir='ltr'>Etrusci</span> 
     </span>
     <span class='ocr_line' id='line_1_7' title="bbox 223 512 926 552; baseline 0 -10"><span class='ocrx_word' id='word_1_30' title='bbox 223 513 440 552; x_wconf 81' lang='lat' dir='ltr'><strong>thermarum,</strong></span> <span class='ocrx_word' id='word_1_31' title='bbox 457 522 538 552; x_wconf 90' lang='lat' dir='ltr'>quas</span> <span class='ocrx_word' id='word_1_32' title='bbox 554 512 611 543; x_wconf 91' lang='lat' dir='ltr'>lib.</span> <span class='ocrx_word' id='word_1_33' title='bbox 630 515 659 543; x_wconf 94' lang='grc'>1.</span> <span class='ocrx_word' id='word_1_34' title='bbox 683 512 850 543; x_wconf 89' lang='lat' dir='ltr'>Silvarum</span> <span class='ocrx_word' id='word_1_35' title='bbox 862 512 926 542; x_wconf 92' lang='lat' dir='ltr'>Pa-</span> 
     </span>
     <span class='ocr_line' id='line_1_8' title="bbox 223 563 925 603; baseline 0.001 -11"><span class='ocrx_word' id='word_1_36' title='bbox 223 563 336 602; x_wconf 84' lang='lat' dir='ltr'>pinius</span> <span class='ocrx_word' id='word_1_37' title='bbox 373 564 548 603; x_wconf 80' lang='lat' dir='ltr'>eleganter</span> <span class='ocrx_word' id='word_1_38' title='bbox 576 563 764 594; x_wconf 84' lang='lat' dir='ltr'>describit:</span> <span class='ocrx_word' id='word_1_39' title='bbox 809 563 925 594; x_wconf 83' lang='lat' dir='ltr'>Romae</span> 
     </span>
     <span class='ocr_line' id='line_1_9' title="bbox 224 614 927 655; baseline -0.001 -11"><span class='ocrx_word' id='word_1_40' title='bbox 224 619 322 645; x_wconf 85' lang='lat' dir='ltr'>erant</span> <span class='ocrx_word' id='word_1_41' title='bbox 338 614 455 655; x_wconf 90' lang='lat' dir='ltr'>inipsa</span> <span class='ocrx_word' id='word_1_42' title='bbox 468 615 569 644; x_wconf 84' lang='lat' dir='ltr'>urbe:</span> <span class='ocrx_word' id='word_1_43' title='bbox 597 614 793 654; x_wconf 88' lang='lat' dir='ltr'>Oppianum</span> <span class='ocrx_word' id='word_1_44' title='bbox 812 619 927 644; x_wconf 86' lang='lat' dir='ltr'>autem</span> 
     </span>
     <span class='ocr_line' id='line_1_10' title="bbox 222 664 926 705; baseline -0.001 -10"><span class='ocrx_word' id='word_1_45' title='bbox 222 665 360 705; x_wconf 71' lang='lat' dir='ltr'>poetam</span> <span class='ocrx_word' id='word_1_46' title='bbox 392 675 452 695; x_wconf 84' lang='lat' dir='ltr'>sua</span> <span class='ocrx_word' id='word_1_47' title='bbox 497 665 670 705; x_wconf 88' lang='lat' dir='ltr'>opinione,</span> <span class='ocrx_word' id='word_1_48' title='bbox 699 674 765 695; x_wconf 88' lang='lat' dir='ltr'>non</span> <span class='ocrx_word' id='word_1_49' title='bbox 789 664 926 705; x_wconf 73' lang='lat' dir='ltr'>poetam</span> 
     </span>
     <span class='ocr_line' id='line_1_11' title="bbox 223 715 927 756; baseline -0.003 -10"><span class='ocrx_word' id='word_1_50' title='bbox 223 716 391 747; x_wconf 75' lang='lat' dir='ltr'>Martialis</span> <span class='ocrx_word' id='word_1_51' title='bbox 405 715 549 756; x_wconf 85' lang='lat' dir='ltr'>judicio,</span> <span class='ocrx_word' id='word_1_52' title='bbox 566 716 600 746; x_wconf 88' lang='lat' dir='ltr'>in</span> <span class='ocrx_word' id='word_1_53' title='bbox 618 716 668 746; x_wconf 84' lang='lat' dir='ltr'>his</span> <span class='ocrx_word' id='word_1_54' title='bbox 683 715 822 745; x_wconf 81' lang='lat' dir='ltr'>thermis</span> <span class='ocrx_word' id='word_1_55' title='bbox 837 715 927 745; x_wconf 85' lang='lat' dir='ltr'>luem</span> 
     </span>
     <span class='ocr_line' id='line_1_12' title="bbox 222 766 926 804; baseline -0.004 -6"><span class='ocrx_word' id='word_1_56' title='bbox 222 768 332 798; x_wconf 85' lang='lat' dir='ltr'>morbi</span> <span class='ocrx_word' id='word_1_57' title='bbox 356 767 586 799; x_wconf 87' lang='lat' dir='ltr'>abstersurum</span> <span class='ocrx_word' id='word_1_58' title='bbox 611 767 706 804; x_wconf 87' lang='lat' dir='ltr'>dicit,</span> <span class='ocrx_word' id='word_1_59' title='bbox 721 771 779 797; x_wconf 88' lang='lat' dir='ltr'>aut</span> <span class='ocrx_word' id='word_1_60' title='bbox 796 766 926 797; x_wconf 88' lang='lat' dir='ltr'>illotum</span> 
     </span>
     <span class='ocr_line' id='line_1_13' title="bbox 221 816 928 858; baseline -0.004 -9"><span class='ocrx_word' id='word_1_61' title='bbox 221 819 440 850; x_wconf 82' lang='lat' dir='ltr'>moriturum:</span> <span class='ocrx_word' id='word_1_62' title='bbox 477 818 654 858; x_wconf 82' lang='lat' dir='ltr'>Oppianus</span> <span class='ocrx_word' id='word_1_63' title='bbox 677 817 778 856; x_wconf 89' lang='lat' dir='ltr'>enim,</span> <span class='ocrx_word' id='word_1_64' title='bbox 807 822 842 847; x_wconf 86' lang='lat' dir='ltr'>ut</span> <span class='ocrx_word' id='word_1_65' title='bbox 868 816 928 846; x_wconf 88' lang='lat' dir='ltr'>lib.</span> 
     </span>
     <span class='ocr_line' id='line_1_14' title="bbox 222 867 928 910; baseline -0.004 -10"><span class='ocrx_word' id='word_1_66' title='bbox 222 873 253 901; x_wconf 81' lang='lat'>7.</span> <span class='ocrx_word' id='word_1_67' title='bbox 269 870 372 910; x_wconf 77' lang='lat' dir='ltr'>leges,</span> <span class='ocrx_word' id='word_1_68' title='bbox 389 869 534 909; x_wconf 86' lang='lat' dir='ltr'>pallidus</span> <span class='ocrx_word' id='word_1_69' title='bbox 548 868 733 899; x_wconf 84' lang='lat' dir='ltr'>affectabat</span> <span class='ocrx_word' id='word_1_70' title='bbox 745 867 873 908; x_wconf 67' lang='lat' dir='ltr'>poesin,</span> <span class='ocrx_word' id='word_1_71' title='bbox 888 876 928 898; x_wconf 89' lang='lat' dir='ltr'>eo</span> 
     </span>
     <span class='ocr_line' id='line_1_15' title="bbox 221 919 928 960; baseline -0.003 -10"><span class='ocrx_word' id='word_1_72' title='bbox 221 921 326 950; x_wconf 86' lang='lat' dir='ltr'>solum</span> <span class='ocrx_word' id='word_1_73' title='bbox 344 920 478 950; x_wconf 88' lang='lat' dir='ltr'>nomine</span> <span class='ocrx_word' id='word_1_74' title='bbox 494 919 582 960; x_wconf 90' lang='lat' dir='ltr'>quod</span> <span class='ocrx_word' id='word_1_75' title='bbox 607 920 772 960; x_wconf 85' lang='lat' dir='ltr'>palleret:</span> <span class='ocrx_word' id='word_1_76' title='bbox 797 919 928 959; x_wconf 88' lang='lat' dir='ltr'>pallent</span> 
     </span>
     <span class='ocr_line' id='line_1_16' title="bbox 221 970 926 1011; baseline -0.004 -9"><span class='ocrx_word' id='word_1_77' title='bbox 221 971 309 1002; x_wconf 86' lang='lat' dir='ltr'>enim</span> <span class='ocrx_word' id='word_1_78' title='bbox 337 971 379 1002; x_wconf 90' lang='lat' dir='ltr'>ob</span> <span class='ocrx_word' id='word_1_79' title='bbox 404 971 552 1001; x_wconf 80' lang='lat' dir='ltr'>studium</span> <span class='ocrx_word' id='word_1_80' title='bbox 580 971 658 1002; x_wconf 89' lang='lat' dir='ltr'>boni</span> <span class='ocrx_word' id='word_1_81' title='bbox 686 971 811 1011; x_wconf 75' lang='lat' dir='ltr'>poe&#39;tae.</span> <span class='ocrx_word' id='word_1_82' title='bbox 860 970 926 1000; x_wconf 86' lang='lat' dir='ltr'>Sed</span> 
     </span>
     <span class='ocr_line' id='line_1_17' title="bbox 222 1022 927 1063; baseline 0 -11"><span class='ocrx_word' id='word_1_83' title='bbox 222 1022 400 1063; x_wconf 79' lang='lat' dir='ltr'>Oppianus</span> <span class='ocrx_word' id='word_1_84' title='bbox 415 1027 543 1053; x_wconf 83' lang='lat' dir='ltr'>naturae</span> <span class='ocrx_word' id='word_1_85' title='bbox 559 1022 643 1053; x_wconf 91' lang='lat' dir='ltr'>vitio</span> <span class='ocrx_word' id='word_1_86' title='bbox 659 1022 848 1061; x_wconf 78' lang='lat' dir='ltr'>laborabat,</span> <span class='ocrx_word' id='word_1_87' title='bbox 862 1031 927 1052; x_wconf 90' lang='lat' dir='ltr'>non</span> 
     </span>
     <span class='ocr_line' id='line_1_18' title="bbox 223 1073 300 1104; baseline 0 0"><span class='ocrx_word' id='word_1_88' title='bbox 223 1073 300 1104; x_wconf 84' lang='lat' dir='ltr'>alio.</span> 
     </span>
    </p>

    <p class='ocr_par' dir='ltr' id='par_1_4' title="bbox 223 1123 924 1205">
     <span class='ocr_line' id='line_1_19' title="bbox 265 1123 924 1165; baseline 0 -11"><span class='ocrx_word' id='word_1_89' title='bbox 265 1128 281 1154; x_wconf 96' lang='lat' dir='ltr'>l</span> <span class='ocrx_word' id='word_1_90' title='bbox 301 1124 441 1165; x_wconf 78' lang='lat' dir='ltr'>Etrusci,</span> <span class='ocrx_word' id='word_1_91' title='bbox 457 1124 526 1164; x_wconf 54' lang='lat' dir='ltr'>Era]</span> <span class='ocrx_word' id='word_1_92' title='bbox 552 1123 687 1156; x_wconf 83' lang='lat' dir='ltr'>Claudii</span> <span class='ocrx_word' id='word_1_93' title='bbox 702 1123 837 1155; x_wconf 79' lang='lat' dir='ltr'>Etrusci</span> <span class='ocrx_word' id='word_1_94' title='bbox 854 1123 924 1154; x_wconf 89' lang='lat' dir='ltr'>bal-</span> 
     </span>
     <span class='ocr_line' id='line_1_20' title="bbox 223 1175 310 1205; baseline 0 0"><span class='ocrx_word' id='word_1_95' title='bbox 223 1175 310 1205; x_wconf 87' lang='lat' dir='ltr'>neis.</span> 
     </span>
    </p>

    <p class='ocr_par' dir='ltr' id='par_1_5' title="bbox 219 1224 926 1569">
     <span class='ocr_line' id='line_1_21' title="bbox 263 1224 924 1265; baseline -0.003 -9"><span class='ocrx_word' id='word_1_96' title='bbox 263 1228 283 1256; x_wconf 82' lang='lat'>2</span> <span class='ocrx_word' id='word_1_97' title='bbox 300 1225 412 1256; x_wconf 81' lang='lat' dir='ltr'>Illotus</span> <span class='ocrx_word' id='word_1_98' title='bbox 428 1225 584 1265; x_wconf 72' lang='lat' dir='ltr'>morieris]</span> <span class='ocrx_word' id='word_1_99' title='bbox 608 1225 730 1265; x_wconf 87' lang='lat' dir='ltr'>Neque</span> <span class='ocrx_word' id='word_1_100' title='bbox 744 1224 832 1255; x_wconf 85' lang='lat' dir='ltr'>enim</span> <span class='ocrx_word' id='word_1_101' title='bbox 849 1225 924 1255; x_wconf 81' lang='lat' dir='ltr'>aliae</span> 
     </span>
     <span class='ocr_line' id='line_1_22' title="bbox 220 1275 925 1306; baseline 0.001 -2"><span class='ocrx_word' id='word_1_102' title='bbox 220 1275 364 1306; x_wconf 77' lang='lat' dir='ltr'>thermae</span> <span class='ocrx_word' id='word_1_103' title='bbox 389 1276 478 1306; x_wconf 84' lang='lat' dir='ltr'>labes</span> <span class='ocrx_word' id='word_1_104' title='bbox 497 1281 570 1306; x_wconf 90' lang='lat' dir='ltr'>tuas</span> <span class='ocrx_word' id='word_1_105' title='bbox 587 1280 622 1306; x_wconf 89' lang='lat' dir='ltr'>et</span> <span class='ocrx_word' id='word_1_106' title='bbox 637 1277 760 1306; x_wconf 89' lang='lat' dir='ltr'>malum</span> <span class='ocrx_word' id='word_1_107' title='bbox 777 1275 925 1306; x_wconf 86' lang='lat' dir='ltr'>colorem</span> 
     </span>
     <span class='ocr_line' id='line_1_23' title="bbox 219 1325 925 1366; baseline 0 -10"><span class='ocrx_word' id='word_1_108' title='bbox 219 1325 354 1366; x_wconf 81' lang='lat' dir='ltr'>(Epigr.</span> <span class='ocrx_word' id='word_1_109' title='bbox 371 1328 403 1356; x_wconf 83' lang='lat'>3.</span> <span class='ocrx_word' id='word_1_110' title='bbox 425 1327 485 1356; x_wconf 89' lang='lat' dir='ltr'>lib.</span> <span class='ocrx_word' id='word_1_111' title='bbox 503 1325 552 1366; x_wconf 83' lang='lat'>7.)</span> <span class='ocrx_word' id='word_1_112' title='bbox 577 1327 690 1356; x_wconf 84' lang='lat' dir='ltr'>eluere</span> <span class='ocrx_word' id='word_1_113' title='bbox 709 1326 832 1358; x_wconf 85' lang='lat' dir='ltr'>valent.</span> <span class='ocrx_word' id='word_1_114' title='bbox 861 1326 925 1356; x_wconf 81' lang='lat' dir='ltr'>Vel</span> 
     </span>
     <span class='ocr_line' id='line_1_24' title="bbox 220 1376 926 1417; baseline 0.001 -10"><span class='ocrx_word' id='word_1_115' title='bbox 220 1376 308 1407; x_wconf 91' lang='lat' dir='ltr'>ludit</span> <span class='ocrx_word' id='word_1_116' title='bbox 332 1377 365 1407; x_wconf 91' lang='lat' dir='ltr'>in</span> <span class='ocrx_word' id='word_1_117' title='bbox 392 1377 608 1417; x_wconf 74' lang='lat' dir='ltr'>homonymia</span> <span class='ocrx_word' id='word_1_118' title='bbox 631 1377 687 1407; x_wconf 84' lang='grc' dir='ltr'>τοῦ</span> <span class='ocrx_word' id='word_1_119' title='bbox 709 1379 717 1393; x_wconf 89' lang='lat'>‘</span> <span class='ocrx_word' id='word_1_120' title='bbox 736 1377 872 1415; x_wconf 88' lang='lat' dir='ltr'>illotus,&#39;</span> <span class='ocrx_word' id='word_1_121' title='bbox 890 1382 926 1408; x_wconf 90' lang='lat' dir='ltr'>ut</span> 
     </span>
     <span class='ocr_line' id='line_1_25' title="bbox 220 1427 924 1468; baseline 0 -11"><span class='ocrx_word' id='word_1_122' title='bbox 220 1432 414 1468; x_wconf 76' lang='lat' dir='ltr'>opponatur</span> <span class='ocrx_word' id='word_1_123' title='bbox 442 1428 451 1444; x_wconf 85' lang='lat'>‘</span> <span class='ocrx_word' id='word_1_124' title='bbox 469 1427 587 1466; x_wconf 82' lang='lat' dir='ltr'>laut0‚’</span> <span class='ocrx_word' id='word_1_125' title='bbox 613 1427 647 1457; x_wconf 86' lang='lat' dir='ltr'>id</span> <span class='ocrx_word' id='word_1_126' title='bbox 676 1432 740 1466; x_wconf 75' lang='lat' dir='ltr'>est,</span> <span class='ocrx_word' id='word_1_127' title='bbox 769 1427 924 1458; x_wconf 89' lang='lat' dir='ltr'>sordidus</span> 
     </span>
     <span class='ocr_line' id='line_1_26' title="bbox 219 1477 926 1519; baseline 0.001 -12"><span class='ocrx_word' id='word_1_128' title='bbox 219 1477 361 1509; x_wconf 84' lang='lat' dir='ltr'>liberali.</span> <span class='ocrx_word' id='word_1_129' title='bbox 386 1478 515 1508; x_wconf 82' lang='lat' dir='ltr'>Mortui</span> <span class='ocrx_word' id='word_1_130' title='bbox 530 1487 609 1508; x_wconf 86' lang='lat' dir='ltr'>vero</span> <span class='ocrx_word' id='word_1_131' title='bbox 621 1477 825 1508; x_wconf 77' lang='lat' dir='ltr'>lavabantur</span> <span class='ocrx_word' id='word_1_132' title='bbox 838 1487 926 1519; x_wconf 83' lang='lat' dir='ltr'>aqua</span> 
     </span>
     <span class='ocr_line' id='line_1_27' title="bbox 221 1527 858 1569; baseline -0.002 -10"><span class='ocrx_word' id='word_1_133' title='bbox 221 1527 348 1567; x_wconf 78' lang='lat' dir='ltr'>calida;</span> <span class='ocrx_word' id='word_1_134' title='bbox 365 1529 453 1559; x_wconf 85' lang='lat' dir='ltr'>unde</span> <span class='ocrx_word' id='word_1_135' title='bbox 467 1529 537 1569; x_wconf 86' lang='lat' dir='ltr'>joci</span> <span class='ocrx_word' id='word_1_136' title='bbox 555 1528 701 1559; x_wconf 77' lang='lat' dir='ltr'>occasio.</span> <span class='ocrx_word' id='word_1_137' title='bbox 726 1527 858 1558; x_wconf 72' lang='lat' dir='ltr'>Herulcl.</span> 
     </span>
    </p>

    <p class='ocr_par' dir='ltr' id='par_1_6' title="bbox 218 1578 927 1820">
     <span class='ocr_line' id='line_1_28' title="bbox 262 1578 924 1620; baseline -0.002 -11"><span class='ocrx_word' id='word_1_138' title='bbox 262 1581 282 1609; x_wconf 82' lang='grc'>4</span> <span class='ocrx_word' id='word_1_139' title='bbox 306 1578 424 1619; x_wconf 78' lang='lat' dir='ltr'>Aponi]</span> <span class='ocrx_word' id='word_1_140' title='bbox 459 1579 603 1609; x_wconf 87' lang='lat' dir='ltr'>Patavio</span> <span class='ocrx_word' id='word_1_141' title='bbox 621 1579 732 1613; x_wconf 85' lang='lat' dir='ltr'>vicini,</span> <span class='ocrx_word' id='word_1_142' title='bbox 757 1588 856 1620; x_wconf 90' lang='lat' dir='ltr'>quem</span> <span class='ocrx_word' id='word_1_143' title='bbox 872 1588 924 1609; x_wconf 86' lang='lat' dir='ltr'>ce-</span> 
     </span>
     <span class='ocr_line' id='line_1_29' title="bbox 220 1628 924 1669; baseline 0.001 -10"><span class='ocrx_word' id='word_1_144' title='bbox 220 1628 332 1659; x_wconf 88' lang='lat' dir='ltr'>lebrat</span> <span class='ocrx_word' id='word_1_145' title='bbox 357 1628 564 1659; x_wconf 81' lang='lat' dir='ltr'>Claudianus</span> <span class='ocrx_word' id='word_1_146' title='bbox 590 1629 709 1669; x_wconf 84' lang='lat' dir='ltr'>Epigr.</span> <span class='ocrx_word' id='word_1_147' title='bbox 737 1631 769 1659; x_wconf 82' lang='lat'>3.</span> <span class='ocrx_word' id='word_1_148' title='bbox 793 1634 828 1660; x_wconf 92' lang='lat' dir='ltr'>et</span> <span class='ocrx_word' id='word_1_149' title='bbox 844 1629 924 1660; x_wconf 78' lang='lat' dir='ltr'>Cas-</span> 
     </span>
     <span class='ocr_line' id='line_1_30' title="bbox 218 1678 926 1721; baseline 0.003 -13"><span class='ocrx_word' id='word_1_150' title='bbox 218 1678 302 1709; x_wconf 86' lang='lat' dir='ltr'>siod.</span> <span class='ocrx_word' id='word_1_151' title='bbox 325 1679 382 1710; x_wconf 91' lang='lat' dir='ltr'>lib.</span> <span class='ocrx_word' id='word_1_152' title='bbox 408 1681 439 1709; x_wconf 86' lang='grc'>2.</span> <span class='ocrx_word' id='word_1_153' title='bbox 468 1680 548 1709; x_wconf 82' lang='lat' dir='ltr'>Var.</span> <span class='ocrx_word' id='word_1_154' title='bbox 575 1681 629 1709; x_wconf 80' lang='lat'>39.</span> <span class='ocrx_word' id='word_1_155' title='bbox 676 1680 783 1710; x_wconf 77' lang='lat' dir='ltr'>Rudes</span> <span class='ocrx_word' id='word_1_156' title='bbox 800 1680 926 1721; x_wconf 77' lang='lat' dir='ltr'>puellis]</span> 
     </span>
     <span class='ocr_line' id='line_1_31' title="bbox 220 1729 927 1770; baseline 0.001 -11"><span class='ocrx_word' id='word_1_157' title='bbox 220 1729 350 1760; x_wconf 87' lang='lat' dir='ltr'>Intacti</span> <span class='ocrx_word' id='word_1_158' title='bbox 374 1729 522 1770; x_wconf 86' lang='lat' dir='ltr'>puellis:</span> <span class='ocrx_word' id='word_1_159' title='bbox 560 1729 679 1760; x_wconf 84' lang='lat' dir='ltr'>scribit</span> <span class='ocrx_word' id='word_1_160' title='bbox 704 1730 796 1760; x_wconf 88' lang='lat' dir='ltr'>euim</span> <span class='ocrx_word' id='word_1_161' title='bbox 820 1730 927 1761; x_wconf 88' lang='lat' dir='ltr'>Theo-</span> 
     </span>
     <span class='ocr_line' id='line_1_32' title="bbox 220 1778 927 1820; baseline 0.004 -12"><span class='ocrx_word' id='word_1_162' title='bbox 220 1778 355 1810; x_wconf 88' lang='lat' dir='ltr'>doricus</span> <span class='ocrx_word' id='word_1_163' title='bbox 372 1789 432 1810; x_wconf 74' lang='lat' dir='ltr'>rex</span> <span class='ocrx_word' id='word_1_164' title='bbox 450 1789 523 1810; x_wconf 84' lang='lat' dir='ltr'>esse</span> <span class='ocrx_word' id='word_1_165' title='bbox 548 1780 581 1810; x_wconf 90' lang='lat' dir='ltr'>in</span> <span class='ocrx_word' id='word_1_166' title='bbox 604 1780 699 1819; x_wconf 83' lang='lat' dir='ltr'>aquis</span> <span class='ocrx_word' id='word_1_167' title='bbox 724 1780 837 1820; x_wconf 86' lang='lat' dir='ltr'>Aponi</span> <span class='ocrx_word' id='word_1_168' title='bbox 857 1786 927 1811; x_wconf 90' lang='lat' dir='ltr'>stu-</span> 
     </span>
    </p>
   </div>
   <div class='ocr_carea' id='block_1_3' title="bbox 221 1829 930 1870">
    <p class='ocr_par' dir='ltr' id='par_1_7' title="bbox 221 1829 930 1870">
     <span class='ocr_line' id='line_1_33' title="bbox 221 1829 930 1870; baseline 0.003 -11"><span class='ocrx_word' id='word_1_169' title='bbox 221 1829 367 1870; x_wconf 90' lang='lat' dir='ltr'>pendam</span> <span class='ocrx_word' id='word_1_170' title='bbox 392 1829 558 1870; x_wconf 87' lang='lat' dir='ltr'>quandam</span> <span class='ocrx_word' id='word_1_171' title='bbox 586 1831 807 1860; x_wconf 84' lang='lat' dir='ltr'>continentiae</span> <span class='ocrx_word' id='word_1_172' title='bbox 828 1831 930 1862; x_wconf 88' lang='lat' dir='ltr'>disci-</span> 
     </span>
    </p>
   </div>
   <div class='ocr_carea' id='block_1_4' title="bbox 219 1879 926 2769">
    <p class='ocr_par' dir='ltr' id='par_1_8' title="bbox 219 1879 926 2265">
     <span class='ocr_line' id='line_1_34' title="bbox 220 1879 926 1920; baseline 0.003 -11"><span class='ocrx_word' id='word_1_173' title='bbox 220 1880 345 1920; x_wconf 83' lang='lat' dir='ltr'>plinam</span> <span class='ocrx_word' id='word_1_174' title='bbox 362 1890 368 1909; x_wconf 90' lang='lat'>:</span> <span class='ocrx_word' id='word_1_175' title='bbox 403 1889 477 1909; x_wconf 88' lang='lat' dir='ltr'>nam</span> <span class='ocrx_word' id='word_1_176' title='bbox 496 1879 529 1909; x_wconf 90' lang='lat' dir='ltr'>in</span> <span class='ocrx_word' id='word_1_177' title='bbox 548 1879 669 1910; x_wconf 87' lang='lat' dir='ltr'>undam</span> <span class='ocrx_word' id='word_1_178' title='bbox 687 1889 753 1920; x_wconf 88' lang='lat' dir='ltr'>qua</span> <span class='ocrx_word' id='word_1_179' title='bbox 769 1880 833 1910; x_wconf 84' lang='lat' dir='ltr'>viri</span> <span class='ocrx_word' id='word_1_180' title='bbox 849 1880 926 1911; x_wconf 88' lang='lat' dir='ltr'>refi-</span> 
     </span>
     <span class='ocr_line' id='line_1_35' title="bbox 220 1929 926 1968; baseline 0.001 -8"><span class='ocrx_word' id='word_1_181' title='bbox 220 1930 357 1960; x_wconf 85' lang='lat' dir='ltr'>ciuntur</span> <span class='ocrx_word' id='word_1_182' title='bbox 373 1930 399 1959; x_wconf 90' lang='lat' dir='ltr'>si</span> <span class='ocrx_word' id='word_1_183' title='bbox 423 1929 543 1960; x_wconf 81' lang='lat' dir='ltr'>mulier</span> <span class='ocrx_word' id='word_1_184' title='bbox 564 1929 758 1968; x_wconf 86' lang='lat' dir='ltr'>descendat,</span> <span class='ocrx_word' id='word_1_185' title='bbox 775 1930 926 1961; x_wconf 83' lang='lat' dir='ltr'>incendi-</span> 
     </span>
     <span class='ocr_line' id='line_1_36' title="bbox 220 1980 926 2022; baseline -0.001 -9"><span class='ocrx_word' id='word_1_186' title='bbox 220 1988 288 2022; x_wconf 83' lang='lat' dir='ltr'>tur,</span> <span class='ocrx_word' id='word_1_187' title='bbox 305 1987 338 2012; x_wconf 88' lang='lat' dir='ltr'>et</span> <span class='ocrx_word' id='word_1_188' title='bbox 354 1983 463 2013; x_wconf 82' lang='lat' dir='ltr'>calore</span> <span class='ocrx_word' id='word_1_189' title='bbox 481 1980 645 2012; x_wconf 78' lang='lat' dir='ltr'>exuritur.</span> <span class='ocrx_word' id='word_1_190' title='bbox 690 1981 777 2012; x_wconf 72' lang='lat' dir='ltr'>Vide</span> <span class='ocrx_word' id='word_1_191' title='bbox 795 1982 926 2012; x_wconf 85' lang='lat' dir='ltr'>Cassio-</span> 
     </span>
     <span class='ocr_line' id='line_1_37' title="bbox 221 2031 925 2072; baseline 0 -9"><span class='ocrx_word' id='word_1_192' title='bbox 221 2033 292 2063; x_wconf 86' lang='lat' dir='ltr'>dor.</span> <span class='ocrx_word' id='word_1_193' title='bbox 319 2032 437 2072; x_wconf 83' lang='lat' dir='ltr'>Epigr.</span> <span class='ocrx_word' id='word_1_194' title='bbox 454 2034 507 2062; x_wconf 80' lang='grc'>39.</span> <span class='ocrx_word' id='word_1_195' title='bbox 525 2031 582 2062; x_wconf 87' lang='lat' dir='ltr'>lib.</span> <span class='ocrx_word' id='word_1_196' title='bbox 596 2035 626 2062; x_wconf 83' lang='lat'>2.</span> <span class='ocrx_word' id='word_1_197' title='bbox 643 2035 678 2061; x_wconf 80' lang='lat' dir='ltr'>et</span> <span class='ocrx_word' id='word_1_198' title='bbox 695 2031 831 2063; x_wconf 81' lang='lat' dir='ltr'>Cluver.</span> <span class='ocrx_word' id='word_1_199' title='bbox 848 2032 925 2064; x_wconf 87' lang='lat' dir='ltr'>Ital.</span> 
     </span>
     <span class='ocr_line' id='line_1_38' title="bbox 219 2082 925 2122; baseline 0.001 -9"><span class='ocrx_word' id='word_1_200' title='bbox 219 2083 278 2114; x_wconf 82' lang='lat' dir='ltr'>lib.</span> <span class='ocrx_word' id='word_1_201' title='bbox 298 2086 328 2113; x_wconf 94' lang='lat'>1.</span> <span class='ocrx_word' id='word_1_202' title='bbox 356 2092 431 2122; x_wconf 89' lang='lat' dir='ltr'>cap.</span> <span class='ocrx_word' id='word_1_203' title='bbox 459 2085 511 2112; x_wconf 81' lang='grc'>18.</span> <span class='ocrx_word' id='word_1_204' title='bbox 540 2082 591 2112; x_wconf 88' lang='lat' dir='ltr'>vel</span> <span class='ocrx_word' id='word_1_205' title='bbox 616 2082 657 2112; x_wconf 87' lang='lat' dir='ltr'>ad</span> <span class='ocrx_word' id='word_1_206' title='bbox 687 2082 925 2114; x_wconf 79' lang='lat' dir='ltr'>verecundiam</span> 
     </span>
     <span class='ocr_line' id='line_1_39' title="bbox 220 2132 926 2172; baseline -0.001 -8"><span class='ocrx_word' id='word_1_207' title='bbox 220 2133 312 2164; x_wconf 86' lang='lat' dir='ltr'>forte</span> <span class='ocrx_word' id='word_1_208' title='bbox 339 2133 585 2164; x_wconf 86' lang='lat' dir='ltr'>Patavinarum</span> <span class='ocrx_word' id='word_1_209' title='bbox 627 2133 792 2172; x_wconf 77' lang='lat' dir='ltr'>respexit.</span> <span class='ocrx_word' id='word_1_210' title='bbox 837 2132 926 2163; x_wconf 87' lang='lat' dir='ltr'>Vide</span> 
     </span>
     <span class='ocr_line' id='line_1_40' title="bbox 219 2182 925 2224; baseline 0.001 -11"><span class='ocrx_word' id='word_1_211' title='bbox 219 2184 279 2214; x_wconf 82' lang='lat' dir='ltr'>lib.</span> <span class='ocrx_word' id='word_1_212' title='bbox 304 2186 354 2214; x_wconf 93' lang='grc'>11.</span> <span class='ocrx_word' id='word_1_213' title='bbox 373 2183 491 2224; x_wconf 84' lang='lat' dir='ltr'>Epigr.</span> <span class='ocrx_word' id='word_1_214' title='bbox 521 2185 574 2213; x_wconf 79' lang='grc'>17.</span> <span class='ocrx_word' id='word_1_215' title='bbox 590 2186 625 2212; x_wconf 89' lang='lat' dir='ltr'>et</span> <span class='ocrx_word' id='word_1_216' title='bbox 640 2182 731 2214; x_wconf 88' lang='lat' dir='ltr'>Plin.</span> <span class='ocrx_word' id='word_1_217' title='bbox 746 2183 858 2223; x_wconf 83' lang='lat' dir='ltr'>Epist.</span> <span class='ocrx_word' id='word_1_218' title='bbox 874 2186 925 2214; x_wconf 79' lang='grc'>14.</span> 
     </span>
     <span class='ocr_line' id='line_1_41' title="bbox 220 2234 327 2265; baseline 0 -1"><span class='ocrx_word' id='word_1_219' title='bbox 220 2234 279 2265; x_wconf 85' lang='lat' dir='ltr'>lib.</span> <span class='ocrx_word' id='word_1_220' title='bbox 296 2237 327 2264; x_wconf 93' lang='lat'>1.</span> 
     </span>
    </p>

    <p class='ocr_par' dir='ltr' id='par_1_9' title="bbox 220 2278 926 2518">
     <span class='ocr_line' id='line_1_42' title="bbox 263 2278 926 2323; baseline -0.002 -8"><span class='ocrx_word' id='word_1_221' title='bbox 263 2288 280 2315; x_wconf 86' lang='lat'><strong><em>5</em></strong></span> <span class='ocrx_word' id='word_1_222' title='bbox 307 2278 588 2323; x_wconf 76' lang='lat' dir='ltr'>IlIollisSinuessu,</span> <span class='ocrx_word' id='word_1_223' title='bbox 604 2283 671 2323; x_wconf 53' lang='lat' dir='ltr'>ihu]</span> <span class='ocrx_word' id='word_1_224' title='bbox 696 2283 843 2314; x_wconf 77' lang='lat' dir='ltr'>Mollitie</span> <span class='ocrx_word' id='word_1_225' title='bbox 861 2292 926 2314; x_wconf 87' lang='lat' dir='ltr'>coe·</span> 
     </span>
     <span class='ocr_line' id='line_1_43' title="bbox 220 2332 926 2375; baseline -0.004 -9"><span class='ocrx_word' id='word_1_226' title='bbox 220 2335 242 2366; x_wconf 88' lang='lat' dir='ltr'>li</span> <span class='ocrx_word' id='word_1_227' title='bbox 265 2340 300 2366; x_wconf 88' lang='lat' dir='ltr'>et</span> <span class='ocrx_word' id='word_1_228' title='bbox 313 2335 512 2366; x_wconf 84' lang='lat' dir='ltr'>salubritate</span> <span class='ocrx_word' id='word_1_229' title='bbox 539 2343 702 2375; x_wconf 82' lang='lat' dir='ltr'>aquarum</span> <span class='ocrx_word' id='word_1_230' title='bbox 727 2332 863 2364; x_wconf 88' lang='lat' dir='ltr'>laudata</span> <span class='ocrx_word' id='word_1_231' title='bbox 877 2333 926 2363; x_wconf 89' lang='lat' dir='ltr'>Si-</span> 
     </span>
     <span class='ocr_line' id='line_1_44' title="bbox 222 2383 924 2425; baseline -0.003 -9"><span class='ocrx_word' id='word_1_232' title='bbox 222 2395 346 2417; x_wconf 87' lang='lat' dir='ltr'>nuessa</span> <span class='ocrx_word' id='word_1_233' title='bbox 362 2385 558 2425; x_wconf 84' lang='lat' dir='ltr'>Campaniae</span> <span class='ocrx_word' id='word_1_234' title='bbox 584 2384 678 2416; x_wconf 83' lang='lat' dir='ltr'>urbs.</span> <span class='ocrx_word' id='word_1_235' title='bbox 720 2385 831 2415; x_wconf 82' lang='lat' dir='ltr'>Tacit.</span> <span class='ocrx_word' id='word_1_236' title='bbox 854 2383 924 2415; x_wconf 91' lang='lat' dir='ltr'>An-</span> 
     </span>
     <span class='ocr_line' id='line_1_45' title="bbox 221 2434 925 2476; baseline -0.001 -10"><span class='ocrx_word' id='word_1_237' title='bbox 221 2437 287 2467; x_wconf 87' lang='lat' dir='ltr'>nal.</span> <span class='ocrx_word' id='word_1_238' title='bbox 305 2438 356 2467; x_wconf 82' lang='lat'>12.</span> <span class='ocrx_word' id='word_1_239' title='bbox 393 2435 481 2466; x_wconf 83' lang='lat' dir='ltr'>Vide</span> <span class='ocrx_word' id='word_1_240' title='bbox 496 2435 617 2476; x_wconf 84' lang='lat' dir='ltr'>Epigr.</span> <span class='ocrx_word' id='word_1_241' title='bbox 633 2438 665 2467; x_wconf 88' lang='grc'><strong>8.</strong></span> <span class='ocrx_word' id='word_1_242' title='bbox 687 2434 745 2466; x_wconf 88' lang='lat' dir='ltr'>lib.</span> <span class='ocrx_word' id='word_1_243' title='bbox 763 2438 814 2466; x_wconf 95' lang='grc'>11.</span> <span class='ocrx_word' id='word_1_244' title='bbox 839 2444 925 2465; x_wconf 83' lang='lat' dir='ltr'>vers.</span> 
     </span>
     <span class='ocr_line' id='line_1_46' title="bbox 226 2490 277 2518; baseline 0.02 -1"><span class='ocrx_word' id='word_1_245' title='bbox 226 2490 277 2518; x_wconf 89' lang='lat'>10.</span> 
     </span>
    </p>

    <p class='ocr_par' dir='ltr' id='par_1_10' title="bbox 222 2535 926 2769">
     <span class='ocr_line' id='line_1_47' title="bbox 263 2535 924 2577; baseline -0.003 -9"><span class='ocrx_word' id='word_1_246' title='bbox 263 2540 284 2568; x_wconf 88' lang='grc'><strong>6</strong></span> <span class='ocrx_word' id='word_1_247' title='bbox 308 2536 465 2576; x_wconf 82' lang='lat' dir='ltr'>Passeris]</span> <span class='ocrx_word' id='word_1_248' title='bbox 503 2536 583 2567; x_wconf 87' lang='lat' dir='ltr'>Loci</span> <span class='ocrx_word' id='word_1_249' title='bbox 601 2536 794 2577; x_wconf 84' lang='lat' dir='ltr'>Campaniae</span> <span class='ocrx_word' id='word_1_250' title='bbox 811 2535 853 2567; x_wconf 87' lang='lat' dir='ltr'>ad</span> <span class='ocrx_word' id='word_1_251' title='bbox 877 2536 924 2566; x_wconf 90' lang='lat' dir='ltr'>in-</span> 
     </span>
     <span class='ocr_line' id='line_1_48' title="bbox 222 2586 924 2627; baseline 0 -10"><span class='ocrx_word' id='word_1_252' title='bbox 222 2586 333 2617; x_wconf 81' lang='lat' dir='ltr'>ferum</span> <span class='ocrx_word' id='word_1_253' title='bbox 350 2597 455 2618; x_wconf 86' lang='lat' dir='ltr'>mare.</span> <span class='ocrx_word' id='word_1_254' title='bbox 500 2586 655 2627; x_wconf 80' lang='lat' dir='ltr'>Superbus</span> <span class='ocrx_word' id='word_1_255' title='bbox 670 2587 802 2627; x_wconf 73' lang='lat' dir='ltr'>Anxur]</span> <span class='ocrx_word' id='word_1_256' title='bbox 834 2588 843 2604; x_wconf 84' lang='lat'>‘</span> <span class='ocrx_word' id='word_1_257' title='bbox 862 2586 924 2617; x_wconf 90' lang='lat' dir='ltr'>Im-</span> 
     </span>
     <span class='ocr_line' id='line_1_49' title="bbox 222 2635 926 2677; baseline 0.003 -10"><span class='ocrx_word' id='word_1_258' title='bbox 222 2637 354 2677; x_wconf 85' lang='lat' dir='ltr'>positus</span> <span class='ocrx_word' id='word_1_259' title='bbox 365 2637 453 2668; x_wconf 82' lang='lat' dir='ltr'>saxis</span> <span class='ocrx_word' id='word_1_260' title='bbox 466 2637 534 2668; x_wconf 83' lang='lat' dir='ltr'>late</span> <span class='ocrx_word' id='word_1_261' title='bbox 545 2637 770 2669; x_wconf 87' lang='lat' dir='ltr'>candentibus</span> <span class='ocrx_word' id='word_1_262' title='bbox 785 2635 926 2669; x_wconf 82' lang='lat' dir='ltr'>Anxur.’</span> 
     </span>
     <span class='ocr_line' id='line_1_50' title="bbox 223 2687 923 2729; baseline 0.001 -12"><span class='ocrx_word' id='word_1_263' title='bbox 223 2687 344 2719; x_wconf 84' lang='lat' dir='ltr'>Horat.</span> <span class='ocrx_word' id='word_1_264' title='bbox 367 2688 480 2729; x_wconf 83' lang='lat' dir='ltr'>Satyr.</span> <span class='ocrx_word' id='word_1_265' title='bbox 504 2692 535 2719; x_wconf 88' lang='grc'><strong>5.</strong></span> <span class='ocrx_word' id='word_1_266' title='bbox 557 2688 616 2719; x_wconf 88' lang='lat' dir='ltr'>lib.</span> <span class='ocrx_word' id='word_1_267' title='bbox 641 2691 670 2720; x_wconf 94' lang='grc'>1.</span> <span class='ocrx_word' id='word_1_268' title='bbox 695 2693 731 2720; x_wconf 87' lang='lat' dir='ltr'>et</span> <span class='ocrx_word' id='word_1_269' title='bbox 755 2688 873 2729; x_wconf 74' lang='lat' dir='ltr'>EpIgr.</span> <span class='ocrx_word' id='word_1_270' title='bbox 894 2690 923 2718; x_wconf 88' lang='lat'>1.</span> 
     </span>
     <span class='ocr_line' id='line_1_51' title="bbox 223 2736 330 2769; baseline 0.009 -1"><span class='ocrx_word' id='word_1_271' title='bbox 223 2736 279 2769; x_wconf 91' lang='lat' dir='ltr'>lib.</span> <span class='ocrx_word' id='word_1_272' title='bbox 299 2740 330 2769; x_wconf 87' lang='lat'>5.</span> 
     </span>
    </p>
   </div>
   <div class='ocr_carea' id='block_1_5' title="bbox 688 164 1213 195">
    <p class='ocr_par' dir='ltr' id='par_1_11' title="bbox 688 164 1213 195">
     <span class='ocr_line' id='line_1_52' title="bbox 688 164 1213 195; baseline 0.002 -2"><span class='ocrx_word' id='word_1_273' title='bbox 688 164 829 194; x_wconf 77' lang='lat' dir='ltr'>NOTAE</span> <span class='ocrx_word' id='word_1_274' title='bbox 866 165 887 192; x_wconf 88' lang='lat' dir='ltr'>V</span> <span class='ocrx_word' id='word_1_275' title='bbox 901 164 1127 195; x_wconf 69' lang='lat' dir='ltr'>ARmRUM</span> <span class='ocrx_word' id='word_1_276' title='bbox 1165 165 1213 194; x_wconf 81' lang='lat' dir='ltr'>IN</span> 
     </span>
    </p>
   </div>
   <div class='ocr_carea' id='block_1_6' title="bbox 975 258 1687 2778">
    <p class='ocr_par' dir='ltr' id='par_1_12' title="bbox 976 258 1684 552">
     <span class='ocr_line' id='line_1_53' title="bbox 1020 258 1672 300; baseline 0.002 -10"><span class='ocrx_word' id='word_1_277' title='bbox 1020 263 1039 290; x_wconf 89' lang='grc'>7</span> <span class='ocrx_word' id='word_1_278' title='bbox 1055 259 1164 290; x_wconf 78' lang='lat' dir='ltr'>Phoehi</span> <span class='ocrx_word' id='word_1_279' title='bbox 1181 258 1273 298; x_wconf 70' lang='lat' dir='ltr'>rada]</span> <span class='ocrx_word' id='word_1_280' title='bbox 1296 260 1304 276; x_wconf 87' lang='lat'>‘</span> <span class='ocrx_word' id='word_1_281' title='bbox 1320 258 1429 300; x_wconf 81' lang='lat' dir='ltr'>Aquae</span> <span class='ocrx_word' id='word_1_282' title='bbox 1443 258 1672 299; x_wconf 70' lang='lat' dir='ltr'>Apollinares,</span> 
     </span>
     <span class='ocr_line' id='line_1_54' title="bbox 977 310 1679 346; baseline 0 -5"><span class='ocrx_word' id='word_1_283' title='bbox 977 310 1097 341; x_wconf 79' lang='lat' dir='ltr'>calidae</span> <span class='ocrx_word' id='word_1_284' title='bbox 1129 315 1164 341; x_wconf 90' lang='lat' dir='ltr'>et</span> <span class='ocrx_word' id='word_1_285' title='bbox 1188 310 1331 346; x_wconf 90' lang='lat' dir='ltr'>nobiles,</span> <span class='ocrx_word' id='word_1_286' title='bbox 1359 310 1436 340; x_wconf 80' lang='lat' dir='ltr'>olim</span> <span class='ocrx_word' id='word_1_287' title='bbox 1460 312 1469 326; x_wconf 82' lang='lat'>‘</span> <span class='ocrx_word' id='word_1_288' title='bbox 1490 310 1679 341; x_wconf 78' lang='lat' dir='ltr'>Caeretanae</span> 
     </span>
     <span class='ocr_line' id='line_1_55' title="bbox 978 360 1681 401; baseline 0.001 -11"><span class='ocrx_word' id='word_1_289' title='bbox 978 360 1092 401; x_wconf 82' lang='lat' dir='ltr'>aquae’</span> <span class='ocrx_word' id='word_1_290' title='bbox 1125 370 1183 391; x_wconf 89' lang='lat' dir='ltr'>seu</span> <span class='ocrx_word' id='word_1_291' title='bbox 1214 362 1223 377; x_wconf 81' lang='lat'>‘</span> <span class='ocrx_word' id='word_1_292' title='bbox 1243 360 1420 391; x_wconf 81' lang='lat' dir='ltr'>Caeritesz&#39;</span> <span class='ocrx_word' id='word_1_293' title='bbox 1443 361 1545 400; x_wconf 84' lang='lat' dir='ltr'>juxta</span> <span class='ocrx_word' id='word_1_294' title='bbox 1583 360 1681 391; x_wconf 80' lang='lat' dir='ltr'>Caere</span> 
     </span>
     <span class='ocr_line' id='line_1_56' title="bbox 977 411 1684 451; baseline -0.001 -10"><span class='ocrx_word' id='word_1_295' title='bbox 977 420 1056 451; x_wconf 87' lang='lat' dir='ltr'>opp.</span> <span class='ocrx_word' id='word_1_296' title='bbox 1077 411 1238 441; x_wconf 85' lang='lat' dir='ltr'>Etruriae.</span> <span class='ocrx_word' id='word_1_297' title='bbox 1258 411 1356 441; x_wconf 87' lang='lat' dir='ltr'>Cluv.</span> <span class='ocrx_word' id='word_1_298' title='bbox 1372 411 1453 442; x_wconf 86' lang='lat' dir='ltr'>Ital.</span> <span class='ocrx_word' id='word_1_299' title='bbox 1471 411 1526 442; x_wconf 90' lang='lat' dir='ltr'>lib.</span> <span class='ocrx_word' id='word_1_300' title='bbox 1544 414 1576 442; x_wconf 96' lang='grc'>2.</span> <span class='ocrx_word' id='word_1_301' title='bbox 1604 421 1684 451; x_wconf 89' lang='lat' dir='ltr'>cap.</span> 
     </span>
     <span class='ocr_line' id='line_1_57' title="bbox 976 461 1681 502; baseline -0.001 -10"><span class='ocrx_word' id='word_1_302' title='bbox 976 464 1008 493; x_wconf 87' lang='grc'>2.</span> <span class='ocrx_word' id='word_1_303' title='bbox 1054 462 1277 502; x_wconf 74' lang='lat' dir='ltr'>Principesque</span> <span class='ocrx_word' id='word_1_304' title='bbox 1306 461 1415 501; x_wconf 74' lang='lat' dir='ltr'>Baiae]</span> <span class='ocrx_word' id='word_1_305' title='bbox 1450 461 1681 492; x_wconf 75' lang='lat' dir='ltr'>Nobilissimae</span> 
     </span>
     <span class='ocr_line' id='line_1_58' title="bbox 977 512 1241 552; baseline 0.004 -11"><span class='ocrx_word' id='word_1_306' title='bbox 977 521 1073 552; x_wconf 85' lang='lat' dir='ltr'>aquae</span> <span class='ocrx_word' id='word_1_307' title='bbox 1089 512 1241 542; x_wconf 77' lang='lat' dir='ltr'>Baianae.</span> 
     </span>
    </p>

    <p class='ocr_par' dir='ltr' id='par_1_13' title="bbox 975 562 1684 703">
     <span class='ocr_line' id='line_1_59' title="bbox 1020 562 1683 603; baseline -0.002 -10"><span class='ocrx_word' id='word_1_308' title='bbox 1020 565 1056 593; x_wconf 92' lang='grc'>11</span> <span class='ocrx_word' id='word_1_309' title='bbox 1086 562 1218 603; x_wconf 76' lang='lat' dir='ltr'>Taygeti</span> <span class='ocrx_word' id='word_1_310' title='bbox 1233 563 1372 602; x_wconf 78' lang='lat' dir='ltr'>metalla]</span> <span class='ocrx_word' id='word_1_311' title='bbox 1409 562 1559 592; x_wconf 87' lang='lat' dir='ltr'>Marmor</span> <span class='ocrx_word' id='word_1_312' title='bbox 1574 562 1683 592; x_wconf 85' lang='lat' dir='ltr'>viride</span> 
     </span>
     <span class='ocr_line' id='line_1_60' title="bbox 975 612 1684 652; baseline 0.001 -11"><span class='ocrx_word' id='word_1_313' title='bbox 975 621 1017 642; x_wconf 80' lang='lat' dir='ltr'>ex</span> <span class='ocrx_word' id='word_1_314' title='bbox 1045 612 1196 652; x_wconf 77' lang='lat' dir='ltr'>Taygeto</span> <span class='ocrx_word' id='word_1_315' title='bbox 1229 618 1343 642; x_wconf 86' lang='lat' dir='ltr'>monte</span> <span class='ocrx_word' id='word_1_316' title='bbox 1361 612 1532 642; x_wconf 84' lang='lat' dir='ltr'>Laconiae.</span> <span class='ocrx_word' id='word_1_317' title='bbox 1582 612 1684 643; x_wconf 85' lang='lat' dir='ltr'>Cata-</span> 
     </span>
     <span class='ocr_line' id='line_1_61' title="bbox 975 662 1531 703; baseline 0.002 -11"><span class='ocrx_word' id='word_1_318' title='bbox 975 662 1117 700; x_wconf 70' lang='lat' dir='ltr'>chi-esis,</span> <span class='ocrx_word' id='word_1_319' title='bbox 1133 666 1141 678; x_wconf 92' lang='lat'>‘</span> <span class='ocrx_word' id='word_1_320' title='bbox 1158 662 1316 700; x_wconf 86' lang='lat' dir='ltr'>metalla‚’</span> <span class='ocrx_word' id='word_1_321' title='bbox 1333 672 1392 703; x_wconf 76' lang='lat' dir='ltr'>pro</span> <span class='ocrx_word' id='word_1_322' title='bbox 1405 663 1531 702; x_wconf 84' lang='lat' dir='ltr'>lapide.</span> 
     </span>
    </p>

    <p class='ocr_par' dir='ltr' id='par_1_14' title="bbox 975 711 1687 944">
     <span class='ocr_line' id='line_1_62' title="bbox 1020 711 1682 751; baseline 0.003 -9"><span class='ocrx_word' id='word_1_323' title='bbox 1020 714 1059 742; x_wconf 83' lang='grc'>12</span> <span class='ocrx_word' id='word_1_324' title='bbox 1086 711 1234 751; x_wconf 82' lang='lat' dir='ltr'>Certant]</span> <span class='ocrx_word' id='word_1_325' title='bbox 1270 712 1423 743; x_wconf 83' lang='lat' dir='ltr'>Marmor</span> <span class='ocrx_word' id='word_1_326' title='bbox 1449 712 1640 744; x_wconf 87' lang='lat' dir='ltr'>Siuadicum</span> <span class='ocrx_word' id='word_1_327' title='bbox 1663 723 1682 744; x_wconf 93' lang='lat' dir='ltr'>e</span> 
     </span>
     <span class='ocr_line' id='line_1_63' title="bbox 978 761 1687 802; baseline 0.004 -11"><span class='ocrx_word' id='word_1_328' title='bbox 978 761 1128 801; x_wconf 83' lang='lat' dir='ltr'>Phrygia</span> <span class='ocrx_word' id='word_1_329' title='bbox 1143 763 1305 802; x_wconf 86' lang='lat' dir='ltr'>purpurei</span> <span class='ocrx_word' id='word_1_330' title='bbox 1331 762 1450 793; x_wconf 86' lang='lat' dir='ltr'>coloris</span> <span class='ocrx_word' id='word_1_331' title='bbox 1473 768 1583 794; x_wconf 82' lang='lat' dir='ltr'>certat</span> <span class='ocrx_word' id='word_1_332' title='bbox 1601 773 1687 794; x_wconf 88' lang='lat' dir='ltr'>mar-</span> 
     </span>
     <span class='ocr_line' id='line_1_64' title="bbox 975 811 1682 853; baseline 0.004 -12"><span class='ocrx_word' id='word_1_333' title='bbox 975 812 1061 841; x_wconf 89' lang='lat' dir='ltr'>mori</span> <span class='ocrx_word' id='word_1_334' title='bbox 1079 811 1269 843; x_wconf 83' lang='lat' dir='ltr'>Nomadico</span> <span class='ocrx_word' id='word_1_335' title='bbox 1285 822 1303 843; x_wconf 86' lang='lat' dir='ltr'>e</span> <span class='ocrx_word' id='word_1_336' title='bbox 1319 813 1427 853; x_wconf 82' lang='lat' dir='ltr'>Libya</span> <span class='ocrx_word' id='word_1_337' title='bbox 1440 812 1538 844; x_wconf 83' lang='lat' dir='ltr'>flavo.</span> <span class='ocrx_word' id='word_1_338' title='bbox 1588 813 1682 844; x_wconf 73' lang='lat' dir='ltr'>Vario</span> 
     </span>
     <span class='ocr_line' id='line_1_65' title="bbox 975 861 1682 901; baseline 0.003 -9"><span class='ocrx_word' id='word_1_339' title='bbox 975 861 1097 901; x_wconf 83' lang='lat' dir='ltr'>decore]</span> <span class='ocrx_word' id='word_1_340' title='bbox 1143 863 1302 893; x_wconf 82' lang='lat' dir='ltr'>Colorum</span> <span class='ocrx_word' id='word_1_341' title='bbox 1343 864 1506 894; x_wconf 81' lang='lat' dir='ltr'>varietate</span> <span class='ocrx_word' id='word_1_342' title='bbox 1546 869 1682 894; x_wconf 79' lang='lat' dir='ltr'>certant</span> 
     </span>
     <span class='ocr_line' id='line_1_66' title="bbox 982 923 1169 944; baseline 0.005 -1"><span class='ocrx_word' id='word_1_343' title='bbox 982 923 1169 944; x_wconf 83' lang='lat' dir='ltr'>marmora.</span> 
     </span>
    </p>

    <p class='ocr_par' dir='ltr' id='par_1_15' title="bbox 976 964 1681 1106">
     <span class='ocr_line' id='line_1_67' title="bbox 1020 964 1681 1006; baseline 0.002 -11"><span class='ocrx_word' id='word_1_344' title='bbox 1020 967 1060 995; x_wconf 78' lang='lat'>13</span> <span class='ocrx_word' id='word_1_345' title='bbox 1086 965 1192 995; x_wconf 71' lang='lat' dir='ltr'>Altius</span> <span class='ocrx_word' id='word_1_346' title='bbox 1206 964 1335 1004; x_wconf 75' lang='lat' dir='ltr'>cecidit]</span> <span class='ocrx_word' id='word_1_347' title='bbox 1361 965 1389 995; x_wconf 88' lang='lat' dir='ltr'>E</span> <span class='ocrx_word' id='word_1_348' title='bbox 1408 970 1511 1004; x_wconf 84' lang='lat' dir='ltr'>terra,</span> <span class='ocrx_word' id='word_1_349' title='bbox 1528 974 1546 995; x_wconf 87' lang='lat' dir='ltr'>e</span> <span class='ocrx_word' id='word_1_350' title='bbox 1564 965 1681 1006; x_wconf 87' lang='lat' dir='ltr'>lapici-</span> 
     </span>
     <span class='ocr_line' id='line_1_68' title="bbox 976 1015 1681 1056; baseline 0.001 -10"><span class='ocrx_word' id='word_1_351' title='bbox 976 1015 1076 1046; x_wconf 87' lang='lat' dir='ltr'>dina:</span> <span class='ocrx_word' id='word_1_352' title='bbox 1118 1017 1171 1046; x_wconf 83' lang='lat' dir='ltr'>vel</span> <span class='ocrx_word' id='word_1_353' title='bbox 1195 1022 1335 1056; x_wconf 85' lang='lat' dir='ltr'>propter</span> <span class='ocrx_word' id='word_1_354' title='bbox 1360 1016 1462 1047; x_wconf 86' lang='lat' dir='ltr'>moles</span> <span class='ocrx_word' id='word_1_355' title='bbox 1479 1026 1681 1048; x_wconf 82' lang='lat' dir='ltr'>marmorum</span> 
     </span>
     <span class='ocr_line' id='line_1_69' title="bbox 977 1067 1136 1106; baseline 0.013 -10"><span class='ocrx_word' id='word_1_356' title='bbox 977 1067 1136 1106; x_wconf 81' lang='lat' dir='ltr'>majores,</span> 
     </span>
    </p>

    <p class='ocr_par' dir='ltr' id='par_1_16' title="bbox 975 1116 1682 1616">
     <span class='ocr_line' id='line_1_70' title="bbox 1019 1116 1680 1157; baseline 0 -10"><span class='ocrx_word' id='word_1_357' title='bbox 1019 1119 1058 1148; x_wconf 77' lang='lat'>14</span> <span class='ocrx_word' id='word_1_358' title='bbox 1087 1117 1182 1157; x_wconf 68' lang='lat' dir='ltr'>Onya:</span> <span class='ocrx_word' id='word_1_359' title='bbox 1195 1117 1319 1148; x_wconf 77' lang='lat' dir='ltr'>anhelat</span> <span class='ocrx_word' id='word_1_360' title='bbox 1341 1117 1450 1157; x_wconf 71' lang='lat' dir='ltr'>cestus]</span> <span class='ocrx_word' id='word_1_361' title='bbox 1487 1116 1680 1157; x_wconf 70' lang='lat' dir='ltr'>Onychium</span> 
     </span>
     <span class='ocr_line' id='line_1_71' title="bbox 976 1166 1682 1209; baseline 0.001 -12"><span class='ocrx_word' id='word_1_362' title='bbox 976 1176 1121 1198; x_wconf 86' lang='lat' dir='ltr'>marmor</span> <span class='ocrx_word' id='word_1_363' title='bbox 1134 1167 1193 1209; x_wconf 78' lang='lat' dir='ltr'>&lt;de</span> <span class='ocrx_word' id='word_1_364' title='bbox 1211 1177 1276 1208; x_wconf 89' lang='lat' dir='ltr'>quo</span> <span class='ocrx_word' id='word_1_365' title='bbox 1289 1168 1380 1198; x_wconf 88' lang='lat' dir='ltr'>Plin.</span> <span class='ocrx_word' id='word_1_366' title='bbox 1395 1167 1452 1197; x_wconf 87' lang='lat' dir='ltr'>lib.</span> <span class='ocrx_word' id='word_1_367' title='bbox 1470 1170 1524 1198; x_wconf 82' lang='lat'>36.</span> <span class='ocrx_word' id='word_1_368' title='bbox 1541 1177 1616 1207; x_wconf 89' lang='lat' dir='ltr'>cap.</span> <span class='ocrx_word' id='word_1_369' title='bbox 1633 1166 1682 1207; x_wconf 88' lang='grc'><strong>7.)</strong></span> 
     </span>
     <span class='ocr_line' id='line_1_72' title="bbox 976 1218 1682 1257; baseline 0.001 -9"><span class='ocrx_word' id='word_1_370' title='bbox 976 1224 1061 1249; x_wconf 84' lang='lat' dir='ltr'>aestu</span> <span class='ocrx_word' id='word_1_371' title='bbox 1095 1219 1184 1249; x_wconf 76' lang='lat' dir='ltr'>sicco</span> <span class='ocrx_word' id='word_1_372' title='bbox 1226 1218 1375 1257; x_wconf 87' lang='lat' dir='ltr'>anhelat,</span> <span class='ocrx_word' id='word_1_373' title='bbox 1416 1218 1517 1248; x_wconf 84' lang='lat' dir='ltr'>sudat</span> <span class='ocrx_word' id='word_1_374' title='bbox 1554 1223 1682 1249; x_wconf 85' lang='lat' dir='ltr'>tamen.</span> 
     </span>
     <span class='ocr_line' id='line_1_73' title="bbox 976 1268 1681 1308; baseline -0.001 -9"><span class='ocrx_word' id='word_1_375' title='bbox 976 1269 1102 1299; x_wconf 78' lang='lat' dir='ltr'>Sensus</span> <span class='ocrx_word' id='word_1_376' title='bbox 1125 1274 1188 1308; x_wconf 86' lang='lat' dir='ltr'>est,</span> <span class='ocrx_word' id='word_1_377' title='bbox 1205 1274 1239 1298; x_wconf 85' lang='lat' dir='ltr'>ut</span> <span class='ocrx_word' id='word_1_378' title='bbox 1268 1269 1341 1298; x_wconf 85' lang='lat' dir='ltr'>vult</span> <span class='ocrx_word' id='word_1_379' title='bbox 1367 1268 1543 1299; x_wconf 86' lang='lat' dir='ltr'>Raderus:</span> <span class='ocrx_word' id='word_1_380' title='bbox 1579 1268 1681 1308; x_wconf 74' lang='lat' dir='ltr'>Onyx</span> 
     </span>
     <span class='ocr_line' id='line_1_74' title="bbox 975 1319 1680 1361; baseline -0.003 -11"><span class='ocrx_word' id='word_1_381' title='bbox 975 1320 1109 1361; x_wconf 86' lang='lat' dir='ltr'>pinguis</span> <span class='ocrx_word' id='word_1_382' title='bbox 1127 1329 1186 1350; x_wconf 89' lang='lat' dir='ltr'>seu</span> <span class='ocrx_word' id='word_1_383' title='bbox 1205 1319 1342 1358; x_wconf 86' lang='lat' dir='ltr'>sudans,</span> <span class='ocrx_word' id='word_1_384' title='bbox 1354 1319 1489 1349; x_wconf 79' lang='lat' dir='ltr'>anhelat</span> <span class='ocrx_word' id='word_1_385' title='bbox 1505 1323 1606 1349; x_wconf 87' lang='lat' dir='ltr'>aestus</span> <span class='ocrx_word' id='word_1_386' title='bbox 1618 1319 1680 1349; x_wconf 86' lang='lat' dir='ltr'>sic-</span> 
     </span>
     <span class='ocr_line' id='line_1_75' title="bbox 976 1370 1681 1410; baseline -0.003 -9"><span class='ocrx_word' id='word_1_387' title='bbox 976 1381 1046 1409; x_wconf 87' lang='lat' dir='ltr'>cos,</span> <span class='ocrx_word' id='word_1_388' title='bbox 1061 1371 1094 1402; x_wconf 88' lang='lat' dir='ltr'>id</span> <span class='ocrx_word' id='word_1_389' title='bbox 1110 1376 1174 1410; x_wconf 90' lang='lat' dir='ltr'>est,</span> <span class='ocrx_word' id='word_1_390' title='bbox 1198 1371 1322 1408; x_wconf 87' lang='lat' dir='ltr'>solem;</span> <span class='ocrx_word' id='word_1_391' title='bbox 1346 1370 1487 1410; x_wconf 83' lang='lat' dir='ltr'>perinde</span> <span class='ocrx_word' id='word_1_392' title='bbox 1502 1380 1542 1400; x_wconf 85' lang='lat' dir='ltr'>ac</span> <span class='ocrx_word' id='word_1_393' title='bbox 1568 1370 1596 1400; x_wconf 90' lang='lat' dir='ltr'>si</span> <span class='ocrx_word' id='word_1_394' title='bbox 1622 1370 1681 1400; x_wconf 90' lang='lat' dir='ltr'>ho-</span> 
     </span>
     <span class='ocr_line' id='line_1_76' title="bbox 977 1420 1681 1453; baseline 0 -1"><span class='ocrx_word' id='word_1_395' title='bbox 977 1423 1076 1453; x_wconf 85' lang='lat' dir='ltr'>minis</span> <span class='ocrx_word' id='word_1_396' title='bbox 1091 1431 1184 1453; x_wconf 83' lang='lat' dir='ltr'>more</span> <span class='ocrx_word' id='word_1_397' title='bbox 1198 1426 1285 1452; x_wconf 62' lang='lat' dir='ltr'>aestu</span> <span class='ocrx_word' id='word_1_398' title='bbox 1307 1421 1502 1452; x_wconf 84' lang='lat' dir='ltr'>balnearum</span> <span class='ocrx_word' id='word_1_399' title='bbox 1525 1420 1681 1452; x_wconf 78' lang='lat' dir='ltr'>laboret?</span> 
     </span>
     <span class='ocr_line' id='line_1_77' title="bbox 978 1472 1682 1512; baseline -0.001 -8"><span class='ocrx_word' id='word_1_400' title='bbox 978 1473 1054 1504; x_wconf 84' lang='lat' dir='ltr'>Nec</span> <span class='ocrx_word' id='word_1_401' title='bbox 1085 1472 1177 1503; x_wconf 87' lang='lat' dir='ltr'>aliud</span> <span class='ocrx_word' id='word_1_402' title='bbox 1208 1472 1305 1511; x_wconf 82' lang='lat' dir='ltr'>dicit,</span> <span class='ocrx_word' id='word_1_403' title='bbox 1344 1481 1442 1512; x_wconf 87' lang='lat' dir='ltr'>quam</span> <span class='ocrx_word' id='word_1_404' title='bbox 1478 1472 1512 1502; x_wconf 87' lang='lat' dir='ltr'>in</span> <span class='ocrx_word' id='word_1_405' title='bbox 1544 1473 1682 1503; x_wconf 78' lang='lat' dir='ltr'>thermis</span> 
     </span>
     <span class='ocr_line' id='line_1_78' title="bbox 976 1523 1680 1555; baseline 0 0"><span class='ocrx_word' id='word_1_406' title='bbox 976 1525 1113 1555; x_wconf 85' lang='lat' dir='ltr'>Etrusci</span> <span class='ocrx_word' id='word_1_407' title='bbox 1131 1524 1233 1555; x_wconf 89' lang='lat' dir='ltr'>etiam</span> <span class='ocrx_word' id='word_1_408' title='bbox 1252 1524 1339 1555; x_wconf 83' lang='lat' dir='ltr'>inter</span> <span class='ocrx_word' id='word_1_409' title='bbox 1361 1523 1424 1554; x_wconf 89' lang='lat' dir='ltr'>alia</span> <span class='ocrx_word' id='word_1_410' title='bbox 1448 1532 1614 1554; x_wconf 82' lang='lat' dir='ltr'>marmora</span> <span class='ocrx_word' id='word_1_411' title='bbox 1629 1533 1680 1555; x_wconf 82' lang='lat' dir='ltr'>re-</span> 
     </span>
     <span class='ocr_line' id='line_1_79' title="bbox 977 1574 1290 1616; baseline -0.003 -11"><span class='ocrx_word' id='word_1_412' title='bbox 977 1575 1081 1616; x_wconf 85' lang='lat' dir='ltr'>periri</span> <span class='ocrx_word' id='word_1_413' title='bbox 1100 1574 1290 1614; x_wconf 88' lang='lat' dir='ltr'>Onychem.</span> 
     </span>
    </p>

    <p class='ocr_par' dir='ltr' id='par_1_17' title="bbox 977 1624 1683 1766">
     <span class='ocr_line' id='line_1_80' title="bbox 1022 1624 1683 1665; baseline -0.002 -9"><span class='ocrx_word' id='word_1_414' title='bbox 1022 1629 1059 1656; x_wconf 88' lang='lat'>15</span> <span class='ocrx_word' id='word_1_415' title='bbox 1085 1626 1228 1656; x_wconf 83' lang='lat' dir='ltr'>Flamma</span> <span class='ocrx_word' id='word_1_416' title='bbox 1253 1624 1352 1665; x_wconf 75' lang='lat' dir='ltr'>tenui]</span> <span class='ocrx_word' id='word_1_417' title='bbox 1389 1625 1526 1664; x_wconf 70' lang='lat' dir='ltr'>Vapore</span> <span class='ocrx_word' id='word_1_418' title='bbox 1554 1628 1683 1665; x_wconf 84' lang='lat' dir='ltr'>tempe·</span> 
     </span>
     <span class='ocr_line' id='line_1_81' title="bbox 977 1674 1683 1715; baseline -0.003 -9"><span class='ocrx_word' id='word_1_419' title='bbox 977 1681 1064 1706; x_wconf 87' lang='lat' dir='ltr'>rato.</span> <span class='ocrx_word' id='word_1_420' title='bbox 1111 1674 1254 1715; x_wconf 79' lang='lat' dir='ltr'>Ophitce]</span> <span class='ocrx_word' id='word_1_421' title='bbox 1293 1675 1444 1705; x_wconf 86' lang='lat' dir='ltr'>Marmor</span> <span class='ocrx_word' id='word_1_422' title='bbox 1460 1675 1600 1705; x_wconf 87' lang='lat' dir='ltr'>maculis</span> <span class='ocrx_word' id='word_1_423' title='bbox 1617 1674 1683 1705; x_wconf 86' lang='lat' dir='ltr'>dis-</span> 
     </span>
     <span class='ocr_line' id='line_1_82' title="bbox 980 1724 1618 1766; baseline -0.003 -9"><span class='ocrx_word' id='word_1_424' title='bbox 980 1727 1127 1758; x_wconf 85' lang='lat' dir='ltr'>tinctum</span> <span class='ocrx_word' id='word_1_425' title='bbox 1144 1727 1251 1757; x_wconf 79' lang='lat' dir='ltr'>instar</span> <span class='ocrx_word' id='word_1_426' title='bbox 1270 1725 1439 1766; x_wconf 85' lang='lat' dir='ltr'>serpentis</span> <span class='ocrx_word' id='word_1_427' title='bbox 1454 1737 1462 1756; x_wconf 79' lang='lat'>2</span> <span class='ocrx_word' id='word_1_428' title='bbox 1487 1725 1528 1755; x_wconf 90' lang='lat' dir='ltr'>ab</span> <span class='ocrx_word' id='word_1_429' title='bbox 1543 1724 1618 1764; x_wconf 77' lang='grc' dir='ltr'><strong>ὄφις.</strong></span> 
     </span>
    </p>

    <p class='ocr_par' dir='ltr' id='par_1_18' title="bbox 977 1775 1683 2019">
     <span class='ocr_line' id='line_1_83' title="bbox 1023 1775 1682 1816; baseline -0.003 -8"><span class='ocrx_word' id='word_1_430' title='bbox 1023 1781 1063 1808; x_wconf 85' lang='grc'>16</span> <span class='ocrx_word' id='word_1_431' title='bbox 1088 1778 1181 1808; x_wconf 78' lang='lat' dir='ltr'>Ritus</span> <span class='ocrx_word' id='word_1_432' title='bbox 1210 1777 1239 1807; x_wconf 81' lang='lat' dir='ltr'>si</span> <span class='ocrx_word' id='word_1_433' title='bbox 1269 1777 1424 1816; x_wconf 80' lang='lat' dir='ltr'>placeant,</span> <span class='ocrx_word' id='word_1_434' title='bbox 1451 1775 1519 1816; x_wconf 52' lang='grc' dir='ltr'>ξω]</span> <span class='ocrx_word' id='word_1_435' title='bbox 1551 1775 1682 1806; x_wconf 86' lang='lat' dir='ltr'>Sudare</span> 
     </span>
     <span class='ocr_line' id='line_1_84' title="bbox 977 1825 1682 1867; baseline 0 -9"><span class='ocrx_word' id='word_1_436' title='bbox 977 1828 1067 1858; x_wconf 86' lang='lat' dir='ltr'>sicca</span> <span class='ocrx_word' id='word_1_437' title='bbox 1084 1827 1181 1865; x_wconf 85' lang='lat' dir='ltr'>cella,</span> <span class='ocrx_word' id='word_1_438' title='bbox 1192 1825 1316 1866; x_wconf 85' lang='lat' dir='ltr'>frigida</span> <span class='ocrx_word' id='word_1_439' title='bbox 1330 1826 1457 1865; x_wconf 84' lang='lat' dir='ltr'>lavare,</span> <span class='ocrx_word' id='word_1_440' title='bbox 1469 1831 1533 1857; x_wconf 51' lang='lat' dir='ltr'>«stc.</span> <span class='ocrx_word' id='word_1_441' title='bbox 1558 1831 1596 1857; x_wconf 88' lang='lat' dir='ltr'>ut</span> <span class='ocrx_word' id='word_1_442' title='bbox 1611 1836 1682 1867; x_wconf 87' lang='lat' dir='ltr'>seq.</span> 
     </span>
     <span class='ocr_line' id='line_1_85' title="bbox 977 1876 1683 1916; baseline 0.001 -9"><span class='ocrx_word' id='word_1_443' title='bbox 977 1877 1065 1908; x_wconf 69' lang='lat' dir='ltr'>Vide</span> <span class='ocrx_word' id='word_1_444' title='bbox 1090 1877 1286 1907; x_wconf 88' lang='lat' dir='ltr'>Mercurial.</span> <span class='ocrx_word' id='word_1_445' title='bbox 1314 1886 1391 1916; x_wconf 88' lang='lat' dir='ltr'>cap.</span> <span class='ocrx_word' id='word_1_446' title='bbox 1417 1880 1468 1907; x_wconf 90' lang='lat'>10.</span> <span class='ocrx_word' id='word_1_447' title='bbox 1500 1876 1557 1907; x_wconf 89' lang='lat' dir='ltr'>lib.</span> <span class='ocrx_word' id='word_1_448' title='bbox 1588 1881 1617 1908; x_wconf 87' lang='grc'>1.</span> <span class='ocrx_word' id='word_1_449' title='bbox 1647 1882 1683 1908; x_wconf 85' lang='lat' dir='ltr'>et</span> 
     </span>
     <span class='ocr_line' id='line_1_86' title="bbox 978 1927 1681 1968; baseline 0 -9"><span class='ocrx_word' id='word_1_450' title='bbox 978 1928 1067 1959; x_wconf 87' lang='lat' dir='ltr'>Plin.</span> <span class='ocrx_word' id='word_1_451' title='bbox 1101 1928 1212 1968; x_wconf 88' lang='lat' dir='ltr'>Epist.</span> <span class='ocrx_word' id='word_1_452' title='bbox 1244 1930 1294 1958; x_wconf 80' lang='lat'>17.</span> <span class='ocrx_word' id='word_1_453' title='bbox 1332 1927 1393 1958; x_wconf 85' lang='lat' dir='ltr'>lib.</span> <span class='ocrx_word' id='word_1_454' title='bbox 1420 1930 1452 1957; x_wconf 81' lang='lat'>2.</span> <span class='ocrx_word' id='word_1_455' title='bbox 1484 1932 1519 1958; x_wconf 90' lang='lat' dir='ltr'>et</span> <span class='ocrx_word' id='word_1_456' title='bbox 1558 1928 1618 1959; x_wconf 86' lang='lat' dir='ltr'>lib.</span> <span class='ocrx_word' id='word_1_457' title='bbox 1650 1931 1681 1960; x_wconf 86' lang='grc'>6.</span> 
     </span>
     <span class='ocr_line' id='line_1_87' title="bbox 977 1979 1136 2019; baseline -0.006 -10"><span class='ocrx_word' id='word_1_458' title='bbox 977 1979 1087 2019; x_wconf 85' lang='lat' dir='ltr'>Epist.</span> <span class='ocrx_word' id='word_1_459' title='bbox 1104 1982 1136 2008; x_wconf 87' lang='lat'>5.</span> 
     </span>
    </p>

    <p class='ocr_par' dir='ltr' id='par_1_19' title="bbox 976 2029 1682 2668">
     <span class='ocr_line' id='line_1_88' title="bbox 1021 2029 1682 2070; baseline -0.002 -9"><span class='ocrx_word' id='word_1_460' title='bbox 1021 2033 1061 2061; x_wconf 76' lang='lat'>18</span> <span class='ocrx_word' id='word_1_461' title='bbox 1088 2030 1208 2070; x_wconf 80' lang='lat' dir='ltr'>Cruda]</span> <span class='ocrx_word' id='word_1_462' title='bbox 1228 2029 1375 2070; x_wconf 83' lang='lat' dir='ltr'>Frigida,</span> <span class='ocrx_word' id='word_1_463' title='bbox 1392 2029 1524 2069; x_wconf 83' lang='lat' dir='ltr'>gelida:</span> <span class='ocrx_word' id='word_1_464' title='bbox 1550 2039 1639 2069; x_wconf 87' lang='lat' dir='ltr'>nam,</span> <span class='ocrx_word' id='word_1_465' title='bbox 1663 2039 1682 2060; x_wconf 90' lang='lat' dir='ltr'>a</span> 
     </span>
     <span class='ocr_line' id='line_1_89' title="bbox 976 2079 1682 2120; baseline 0 -9"><span class='ocrx_word' id='word_1_466' title='bbox 976 2080 1168 2119; x_wconf 85' lang='lat' dir='ltr'>sudatione,</span> <span class='ocrx_word' id='word_1_467' title='bbox 1178 2079 1302 2119; x_wconf 78' lang='lat' dir='ltr'>frigida</span> <span class='ocrx_word' id='word_1_468' title='bbox 1316 2091 1352 2111; x_wconf 86' lang='lat' dir='ltr'>se</span> <span class='ocrx_word' id='word_1_469' title='bbox 1365 2081 1563 2120; x_wconf 81' lang='lat' dir='ltr'>mergebant</span> <span class='ocrx_word' id='word_1_470' title='bbox 1576 2081 1682 2111; x_wconf 85' lang='lat' dir='ltr'>Laco-</span> 
     </span>
     <span class='ocr_line' id='line_1_90' title="bbox 977 2132 1679 2173; baseline 0 -11"><span class='ocrx_word' id='word_1_471' title='bbox 977 2141 1049 2171; x_wconf 85' lang='lat' dir='ltr'>nes,</span> <span class='ocrx_word' id='word_1_472' title='bbox 1067 2132 1191 2173; x_wconf 88' lang='lat' dir='ltr'>quibus</span> <span class='ocrx_word' id='word_1_473' title='bbox 1207 2132 1316 2162; x_wconf 85' lang='lat' dir='ltr'>calida</span> <span class='ocrx_word' id='word_1_474' title='bbox 1332 2132 1470 2163; x_wconf 88' lang='lat' dir='ltr'>omnino</span> <span class='ocrx_word' id='word_1_475' title='bbox 1485 2138 1558 2162; x_wconf 86' lang='lat' dir='ltr'>erat</span> <span class='ocrx_word' id='word_1_476' title='bbox 1573 2133 1679 2162; x_wconf 86' lang='lat' dir='ltr'>inter·</span> 
     </span>
     <span class='ocr_line' id='line_1_91' title="bbox 976 2181 1679 2222; baseline 0.001 -10"><span class='ocrx_word' id='word_1_477' title='bbox 976 2183 1080 2221; x_wconf 88' lang='lat' dir='ltr'>dicta,</span> <span class='ocrx_word' id='word_1_478' title='bbox 1094 2181 1218 2222; x_wconf 88' lang='lat' dir='ltr'>frigida</span> <span class='ocrx_word' id='word_1_479' title='bbox 1235 2183 1443 2222; x_wconf 87' lang='lat' dir='ltr'>quotidiana.</span> <span class='ocrx_word' id='word_1_480' title='bbox 1488 2182 1577 2213; x_wconf 68' lang='lat' dir='ltr'>Vide</span> <span class='ocrx_word' id='word_1_481' title='bbox 1596 2183 1679 2213; x_wconf 85' lang='lat' dir='ltr'>Plu—</span> 
     </span>
     <span class='ocr_line' id='line_1_92' title="bbox 978 2233 1679 2265; baseline 0 -2"><span class='ocrx_word' id='word_1_482' title='bbox 978 2234 1086 2265; x_wconf 85' lang='lat' dir='ltr'>tarch.</span> <span class='ocrx_word' id='word_1_483' title='bbox 1097 2233 1155 2263; x_wconf 92' lang='lat' dir='ltr'>lib.</span> <span class='ocrx_word' id='word_1_484' title='bbox 1169 2233 1371 2264; x_wconf 88' lang='lat' dir='ltr'>delnstitut.</span> <span class='ocrx_word' id='word_1_485' title='bbox 1387 2233 1576 2264; x_wconf 51' lang='lat' dir='ltr'>Laconici&amp;</span> <span class='ocrx_word' id='word_1_486' title='bbox 1594 2234 1679 2263; x_wconf 84' lang='lat' dir='ltr'>Tum</span> 
     </span>
     <span class='ocr_line' id='line_1_93' title="bbox 977 2282 1681 2324; baseline -0.001 -10"><span class='ocrx_word' id='word_1_487' title='bbox 977 2293 1076 2324; x_wconf 86' lang='lat' dir='ltr'>porro</span> <span class='ocrx_word' id='word_1_488' title='bbox 1087 2293 1205 2324; x_wconf 88' lang='lat' dir='ltr'>aquam</span> <span class='ocrx_word' id='word_1_489' title='bbox 1215 2282 1371 2324; x_wconf 79' lang='lat' dir='ltr'>frigidam</span> <span class='ocrx_word' id='word_1_490' title='bbox 1387 2288 1511 2314; x_wconf 86' lang='lat' dir='ltr'>vocant</span> <span class='ocrx_word' id='word_1_491' title='bbox 1526 2283 1681 2314; x_wconf 77' lang='lat' dir='ltr'>‘crudam</span> 
     </span>
     <span class='ocr_line' id='line_1_94' title="bbox 978 2333 1679 2375; baseline 0 -11"><span class='ocrx_word' id='word_1_492' title='bbox 978 2333 1186 2373; x_wconf 84' lang='lat' dir='ltr'>Vi1·gine1n:&#39;</span> <span class='ocrx_word' id='word_1_493' title='bbox 1218 2344 1294 2364; x_wconf 88' lang='lat' dir='ltr'>nam</span> <span class='ocrx_word' id='word_1_494' title='bbox 1317 2337 1326 2351; x_wconf 78' lang='lat'>‘</span> <span class='ocrx_word' id='word_1_495' title='bbox 1346 2334 1444 2375; x_wconf 78' lang='lat' dir='ltr'>Aqua</span> <span class='ocrx_word' id='word_1_496' title='bbox 1470 2334 1594 2374; x_wconf 83' lang='lat' dir='ltr'>Virgo&#39;</span> <span class='ocrx_word' id='word_1_497' title='bbox 1621 2344 1679 2364; x_wconf 93' lang='lat' dir='ltr'>no-</span> 
     </span>
     <span class='ocr_line' id='line_1_95' title="bbox 976 2384 1680 2426; baseline 0.003 -12"><span class='ocrx_word' id='word_1_498' title='bbox 976 2393 1054 2414; x_wconf 87' lang='lat' dir='ltr'>meu</span> <span class='ocrx_word' id='word_1_499' title='bbox 1071 2393 1166 2424; x_wconf 79' lang='lat' dir='ltr'>aquae</span> <span class='ocrx_word' id='word_1_500' title='bbox 1179 2385 1294 2414; x_wconf 63' lang='lat' dir='ltr'>Romae</span> <span class='ocrx_word' id='word_1_501' title='bbox 1308 2385 1460 2416; x_wconf 86' lang='lat' dir='ltr'>nobiliss.</span> <span class='ocrx_word' id='word_1_502' title='bbox 1476 2390 1513 2415; x_wconf 90' lang='lat' dir='ltr'>ut</span> <span class='ocrx_word' id='word_1_503' title='bbox 1528 2390 1564 2415; x_wconf 89' lang='lat' dir='ltr'>et</span> <span class='ocrx_word' id='word_1_504' title='bbox 1581 2384 1680 2426; x_wconf 87' lang='lat' dir='ltr'>Aqua</span> 
     </span>
     <span class='ocr_line' id='line_1_96' title="bbox 977 2433 1679 2475; baseline 0.003 -11"><span class='ocrx_word' id='word_1_505' title='bbox 977 2433 1116 2465; x_wconf 84' lang='lat' dir='ltr'>Martia.</span> <span class='ocrx_word' id='word_1_506' title='bbox 1166 2434 1310 2475; x_wconf 75' lang='lat' dir='ltr'>Virgine]</span> <span class='ocrx_word' id='word_1_507' title='bbox 1347 2435 1464 2474; x_wconf 82' lang='lat' dir='ltr'>Epigr.</span> <span class='ocrx_word' id='word_1_508' title='bbox 1486 2437 1540 2466; x_wconf 86' lang='lat'>21.</span> <span class='ocrx_word' id='word_1_509' title='bbox 1567 2435 1623 2465; x_wconf 79' lang='lat' dir='ltr'>lib.</span> <span class='ocrx_word' id='word_1_510' title='bbox 1646 2439 1679 2466; x_wconf 83' lang='lat'>5.</span> 
     </span>
     <span class='ocr_line' id='line_1_97' title="bbox 976 2484 1678 2525; baseline 0.001 -11"><span class='ocrx_word' id='word_1_511' title='bbox 976 2493 1063 2514; x_wconf 86' lang='lat' dir='ltr'>vers.</span> <span class='ocrx_word' id='word_1_512' title='bbox 1079 2487 1110 2515; x_wconf 88' lang='lat'>9.</span> <span class='ocrx_word' id='word_1_513' title='bbox 1155 2484 1314 2515; x_wconf 71' lang='lat' dir='ltr'>Marciave</span> <span class='ocrx_word' id='word_1_514' title='bbox 1333 2484 1449 2524; x_wconf 69' lang='lat' dir='ltr'>mergi]</span> <span class='ocrx_word' id='word_1_515' title='bbox 1472 2484 1586 2525; x_wconf 85' lang='lat' dir='ltr'>Aqua,</span> <span class='ocrx_word' id='word_1_516' title='bbox 1603 2495 1678 2525; x_wconf 85' lang='lat' dir='ltr'>quae</span> 
     </span>
     <span class='ocr_line' id='line_1_98' title="bbox 976 2534 1680 2576; baseline 0.003 -12"><span class='ocrx_word' id='word_1_517' title='bbox 976 2535 1054 2565; x_wconf 88' lang='lat' dir='ltr'>olim</span> <span class='ocrx_word' id='word_1_518' title='bbox 1079 2534 1221 2574; x_wconf 84' lang='lat' dir='ltr'>Anceia,</span> <span class='ocrx_word' id='word_1_519' title='bbox 1245 2535 1286 2566; x_wconf 85' lang='lat' dir='ltr'>ab</span> <span class='ocrx_word' id='word_1_520' title='bbox 1317 2534 1413 2566; x_wconf 82' lang='lat' dir='ltr'>Anco</span> <span class='ocrx_word' id='word_1_521' title='bbox 1437 2535 1563 2566; x_wconf 86' lang='lat' dir='ltr'>Martio</span> <span class='ocrx_word' id='word_1_522' title='bbox 1588 2545 1680 2576; x_wconf 81' lang='lat' dir='ltr'>rege,</span> 
     </span>
     <span class='ocr_line' id='line_1_99' title="bbox 977 2588 1677 2628; baseline 0.001 -11"><span class='ocrx_word' id='word_1_523' title='bbox 977 2592 1096 2628; x_wconf 88' lang='lat' dir='ltr'>postea</span> <span class='ocrx_word' id='word_1_524' title='bbox 1121 2597 1141 2617; x_wconf 88' lang='lat' dir='ltr'>a</span> <span class='ocrx_word' id='word_1_525' title='bbox 1169 2588 1210 2619; x_wconf 82' lang='lat' dir='ltr'>Q.</span> <span class='ocrx_word' id='word_1_526' title='bbox 1235 2588 1363 2618; x_wconf 81' lang='lat' dir='ltr'>Martio</span> <span class='ocrx_word' id='word_1_527' title='bbox 1387 2592 1536 2628; x_wconf 80' lang='lat' dir='ltr'>praetore</span> <span class='ocrx_word' id='word_1_528' title='bbox 1562 2588 1596 2618; x_wconf 88' lang='lat' dir='ltr'>in</span> <span class='ocrx_word' id='word_1_529' title='bbox 1623 2597 1677 2618; x_wconf 89' lang='lat' dir='ltr'>ur-</span> 
     </span>
     <span class='ocr_line' id='line_1_100' title="bbox 977 2637 1470 2668; baseline 0.002 -1"><span class='ocrx_word' id='word_1_530' title='bbox 977 2637 1053 2668; x_wconf 90' lang='lat' dir='ltr'>bem</span> <span class='ocrx_word' id='word_1_531' title='bbox 1071 2637 1206 2667; x_wconf 88' lang='lat' dir='ltr'>invecta</span> <span class='ocrx_word' id='word_1_532' title='bbox 1223 2642 1258 2668; x_wconf 86' lang='lat' dir='ltr'>et</span> <span class='ocrx_word' id='word_1_533' title='bbox 1275 2638 1470 2668; x_wconf 84' lang='lat' dir='ltr'>instaurata.</span> 
     </span>
    </p>

    <p class='ocr_par' dir='ltr' id='par_1_20' title="bbox 975 2686 1677 2778">
     <span class='ocr_line' id='line_1_101' title="bbox 1017 2686 1677 2728; baseline -0.002 -9"><span class='ocrx_word' id='word_1_534' title='bbox 1017 2689 1057 2719; x_wconf 84' lang='lat'>21</span> <span class='ocrx_word' id='word_1_535' title='bbox 1089 2687 1238 2728; x_wconf 78' lang='lat' dir='ltr'>Lygdon]</span> <span class='ocrx_word' id='word_1_536' title='bbox 1293 2688 1442 2718; x_wconf 84' lang='lat' dir='ltr'>Marmor</span> <span class='ocrx_word' id='word_1_537' title='bbox 1479 2686 1677 2719; x_wconf 87' lang='lat' dir='ltr'>candidissi-</span> 
     </span>
     <span class='ocr_line' id='line_1_102' title="bbox 975 2737 1575 2778; baseline -0.002 -9"><span class='ocrx_word' id='word_1_538' title='bbox 975 2747 1065 2769; x_wconf 89' lang='lat' dir='ltr'>mum</span> <span class='ocrx_word' id='word_1_539' title='bbox 1080 2747 1122 2770; x_wconf 86' lang='lat' dir='ltr'>ex</span> <span class='ocrx_word' id='word_1_540' title='bbox 1139 2738 1256 2778; x_wconf 84' lang='lat' dir='ltr'>Lygdo</span> <span class='ocrx_word' id='word_1_541' title='bbox 1275 2737 1308 2768; x_wconf 87' lang='lat' dir='ltr'>iu</span> <span class='ocrx_word' id='word_1_542' title='bbox 1321 2738 1431 2769; x_wconf 86' lang='lat' dir='ltr'>Tauro</span> <span class='ocrx_word' id='word_1_543' title='bbox 1449 2740 1575 2768; x_wconf 85' lang='lat' dir='ltr'>monte.</span> 
     </span>
    </p>
   </div>
  </div>
 </body>
</html>
