<?xml version="1.0" encoding="UTF-8"?>
<!DOCTYPE html PUBLIC "-//W3C//DTD XHTML 1.0 Transitional//EN"
    "http://www.w3.org/TR/xhtml1/DTD/xhtml1-transitional.dtd">
<html xmlns="http://www.w3.org/1999/xhtml" xml:lang="en" lang="en">
 <head>
  <title>
</title>
<meta http-equiv="Content-Type" content="text/html;charset=utf-8" />
  <meta name='ocr-system' content='tesseract 3.04.00' />
  <meta name='ocr-capabilities' content='ocr_page ocr_carea ocr_par ocr_line ocrx_word'/>
</head>
<body>
  <div class='ocr_page' id='page_1' title='image "./epigrammataexedi03martuoft_0094.png"; bbox 0 0 1866 3131; ppageno 0'>
   <div class='ocr_carea' id='block_1_1' title="bbox 252 157 364 198">
    <p class='ocr_par' dir='ltr' id='par_1_1' title="bbox 252 157 364 198">
     <span class='ocr_line' id='line_1_1' title="bbox 252 157 364 198; baseline 0 -1"><span class='ocrx_word' id='word_1_1' title='bbox 252 157 364 198; x_wconf 78' lang='lat'>1154</span> 
     </span>
    </p>
   </div>
   <div class='ocr_carea' id='block_1_2' title="bbox 245 258 955 2731">
    <p class='ocr_par' dir='ltr' id='par_1_2' title="bbox 248 258 953 394">
     <span class='ocr_line' id='line_1_2' title="bbox 250 258 953 299; baseline -0.004 -8"><span class='ocrx_word' id='word_1_2' title='bbox 250 264 286 290; x_wconf 84' lang='lat' dir='ltr'>ta</span> <span class='ocrx_word' id='word_1_3' title='bbox 302 269 361 291; x_wconf 89' lang='lat' dir='ltr'>seu</span> <span class='ocrx_word' id='word_1_4' title='bbox 386 259 530 291; x_wconf 82' lang='lat' dir='ltr'>coenatio</span> <span class='ocrx_word' id='word_1_5' title='bbox 557 268 659 290; x_wconf 87' lang='lat' dir='ltr'>aurea</span> <span class='ocrx_word' id='word_1_6' title='bbox 686 268 786 299; x_wconf 85' lang='lat' dir='ltr'>quam</span> <span class='ocrx_word' id='word_1_7' title='bbox 804 258 953 289; x_wconf 81' lang='lat' dir='ltr'>Domiti-</span> 
     </span>
     <span class='ocr_line' id='line_1_3' title="bbox 248 308 951 350; baseline -0.003 -9"><span class='ocrx_word' id='word_1_8' title='bbox 248 320 331 342; x_wconf 87' lang='lat' dir='ltr'>anus</span> <span class='ocrx_word' id='word_1_9' title='bbox 344 311 509 349; x_wconf 82' lang='lat' dir='ltr'>extruxit,</span> <span class='ocrx_word' id='word_1_10' title='bbox 523 315 591 341; x_wconf 85' lang='lat' dir='ltr'>eta</span> <span class='ocrx_word' id='word_1_11' title='bbox 605 309 774 350; x_wconf 87' lang='lat' dir='ltr'>parvitate</span> <span class='ocrx_word' id='word_1_12' title='bbox 792 309 932 340; x_wconf 88' lang='lat' dir='ltr'>‘micam</span> <span class='ocrx_word' id='word_1_13' title='bbox 943 308 951 321; x_wconf 85' lang='lat'>’</span> 
     </span>
     <span class='ocr_line' id='line_1_4' title="bbox 249 362 394 394; baseline -0.007 -1"><span class='ocrx_word' id='word_1_14' title='bbox 249 362 394 394; x_wconf 79' lang='lat' dir='ltr'>vocavit.</span> 
     </span>
    </p>

    <p class='ocr_par' dir='ltr' id='par_1_3' title="bbox 245 411 955 2112">
     <span class='ocr_line' id='line_1_5' title="bbox 291 411 951 451; baseline 0 -9"><span class='ocrx_word' id='word_1_15' title='bbox 291 415 311 442; x_wconf 83' lang='lat'><strong>2</strong></span> <span class='ocrx_word' id='word_1_16' title='bbox 339 411 480 451; x_wconf 74' lang='lat' dir='ltr'>Thalam]</span> <span class='ocrx_word' id='word_1_17' title='bbox 523 411 615 446; x_wconf 80' lang='lat' dir='ltr'>Quid</span> <span class='ocrx_word' id='word_1_18' title='bbox 644 411 689 444; x_wconf 85' lang='lat' dir='ltr'>sit</span> <span class='ocrx_word' id='word_1_19' title='bbox 718 411 844 451; x_wconf 80' lang='lat' dir='ltr'>tholus,</span> <span class='ocrx_word' id='word_1_20' title='bbox 874 411 951 442; x_wconf 89' lang='lat' dir='ltr'>vide</span> 
     </span>
     <span class='ocr_line' id='line_1_6' title="bbox 249 463 953 504; baseline 0 -10"><span class='ocrx_word' id='word_1_21' title='bbox 249 463 356 503; x_wconf 82' lang='lat' dir='ltr'><strong>epigr.</strong></span> <span class='ocrx_word' id='word_1_22' title='bbox 382 466 435 494; x_wconf 86' lang='grc'><strong>71.</strong></span> <span class='ocrx_word' id='word_1_23' title='bbox 466 464 487 495; x_wconf 90' lang='lat' dir='ltr'>l.</span> <span class='ocrx_word' id='word_1_24' title='bbox 515 467 544 495; x_wconf 92' lang='lat'>1.</span> <span class='ocrx_word' id='word_1_25' title='bbox 572 473 657 495; x_wconf 90' lang='lat' dir='ltr'>vers.</span> <span class='ocrx_word' id='word_1_26' title='bbox 683 466 713 495; x_wconf 83' lang='lat'>8.</span> <span class='ocrx_word' id='word_1_27' title='bbox 736 464 811 504; x_wconf 90' lang='lat' dir='ltr'>quis</span> <span class='ocrx_word' id='word_1_28' title='bbox 839 463 884 494; x_wconf 86' lang='lat' dir='ltr'>sit</span> <span class='ocrx_word' id='word_1_29' title='bbox 899 463 953 494; x_wconf 82' lang='lat' dir='ltr'>liic</span> 
     </span>
     <span class='ocr_line' id='line_1_7' title="bbox 249 512 952 554; baseline -0.001 -11"><span class='ocrx_word' id='word_1_30' title='bbox 249 513 360 544; x_wconf 83' lang='lat' dir='ltr'>tholus</span> <span class='ocrx_word' id='word_1_31' title='bbox 383 522 448 544; x_wconf 90' lang='lat' dir='ltr'>non</span> <span class='ocrx_word' id='word_1_32' title='bbox 470 512 574 544; x_wconf 83' lang='lat' dir='ltr'>facile</span> <span class='ocrx_word' id='word_1_33' title='bbox 599 513 678 544; x_wconf 88' lang='lat' dir='ltr'>sciri</span> <span class='ocrx_word' id='word_1_34' title='bbox 697 518 826 554; x_wconf 87' lang='lat' dir='ltr'>potest.</span> <span class='ocrx_word' id='word_1_35' title='bbox 873 513 952 543; x_wconf 82' lang='lat' dir='ltr'>Nou</span> 
     </span>
     <span class='ocr_line' id='line_1_8' title="bbox 249 563 953 604; baseline 0 -11"><span class='ocrx_word' id='word_1_36' title='bbox 249 563 390 594; x_wconf 87' lang='lat' dir='ltr'>dubium</span> <span class='ocrx_word' id='word_1_37' title='bbox 418 568 484 604; x_wconf 89' lang='lat' dir='ltr'>est,</span> <span class='ocrx_word' id='word_1_38' title='bbox 513 563 623 604; x_wconf 85' lang='lat' dir='ltr'>inquit</span> <span class='ocrx_word' id='word_1_39' title='bbox 652 564 726 596; x_wconf 84' lang='lat' dir='ltr'>Jos.</span> <span class='ocrx_word' id='word_1_40' title='bbox 753 563 844 594; x_wconf 90' lang='lat' dir='ltr'>Scal.</span> <span class='ocrx_word' id='word_1_41' title='bbox 871 563 893 594; x_wconf 84' lang='lat'>1.</span> <span class='ocrx_word' id='word_1_42' title='bbox 921 566 953 594; x_wconf 87' lang='lat'>2.</span> 
     </span>
     <span class='ocr_line' id='line_1_9' title="bbox 248 613 953 655; baseline -0.001 -11"><span class='ocrx_word' id='word_1_43' title='bbox 248 615 327 645; x_wconf 88' lang='lat' dir='ltr'>lect.</span> <span class='ocrx_word' id='word_1_44' title='bbox 346 613 472 646; x_wconf 79' lang='lat' dir='ltr'>Auson.</span> <span class='ocrx_word' id='word_1_45' title='bbox 491 624 522 648; x_wconf 86' lang='lat' dir='ltr'>c.</span> <span class='ocrx_word' id='word_1_46' title='bbox 536 617 589 646; x_wconf 78' lang='lat'>26.</span> <span class='ocrx_word' id='word_1_47' title='bbox 614 615 694 655; x_wconf 89' lang='lat' dir='ltr'>quin</span> <span class='ocrx_word' id='word_1_48' title='bbox 710 614 745 645; x_wconf 90' lang='lat' dir='ltr'>in</span> <span class='ocrx_word' id='word_1_49' title='bbox 761 614 953 644; x_wconf 85' lang='lat' dir='ltr'>coeuatione</span> 
     </span>
     <span class='ocr_line' id='line_1_10' title="bbox 249 664 953 705; baseline -0.001 -10"><span class='ocrx_word' id='word_1_50' title='bbox 249 674 310 695; x_wconf 89' lang='lat' dir='ltr'>seu</span> <span class='ocrx_word' id='word_1_51' title='bbox 337 664 489 696; x_wconf 90' lang='lat' dir='ltr'>stibadio</span> <span class='ocrx_word' id='word_1_52' title='bbox 516 665 702 696; x_wconf 88' lang='lat' dir='ltr'>Domitiani</span> <span class='ocrx_word' id='word_1_53' title='bbox 733 666 822 696; x_wconf 81' lang='lat' dir='ltr'>Caes.</span> <span class='ocrx_word' id='word_1_54' title='bbox 853 674 953 705; x_wconf 87' lang='lat' dir='ltr'>quam</span> 
     </span>
     <span class='ocr_line' id='line_1_11' title="bbox 249 714 953 756; baseline 0 -11"><span class='ocrx_word' id='word_1_55' title='bbox 249 714 322 754; x_wconf 84' lang='lat' dir='ltr'>ipse</span> <span class='ocrx_word' id='word_1_56' title='bbox 335 720 479 755; x_wconf 88' lang='lat' dir='ltr'>propter</span> <span class='ocrx_word' id='word_1_57' title='bbox 495 715 717 756; x_wconf 82' lang='lat' dir='ltr'>exiguitatem</span> <span class='ocrx_word' id='word_1_58' title='bbox 737 715 872 746; x_wconf 90' lang='lat' dir='ltr'>vocavit</span> <span class='ocrx_word' id='word_1_59' title='bbox 888 715 953 745; x_wconf 72' lang='lat' dir='ltr'>Mi-</span> 
     </span>
     <span class='ocr_line' id='line_1_12' title="bbox 247 765 953 805; baseline 0 -10"><span class='ocrx_word' id='word_1_60' title='bbox 247 774 313 795; x_wconf 82' lang='lat' dir='ltr'>cam</span> <span class='ocrx_word' id='word_1_61' title='bbox 327 775 463 805; x_wconf 79' lang='lat' dir='ltr'>auream,</span> <span class='ocrx_word' id='word_1_62' title='bbox 474 774 492 795; x_wconf 90' lang='lat' dir='ltr'>e</span> <span class='ocrx_word' id='word_1_63' title='bbox 509 765 601 796; x_wconf 87' lang='lat' dir='ltr'>tholo</span> <span class='ocrx_word' id='word_1_64' title='bbox 619 766 787 805; x_wconf 78' lang='lat' dir='ltr'>penderet</span> <span class='ocrx_word' id='word_1_65' title='bbox 802 766 953 796; x_wconf 87' lang='lat' dir='ltr'>cranium</span> 
     </span>
     <span class='ocr_line' id='line_1_13' title="bbox 248 815 955 856; baseline 0.001 -10"><span class='ocrx_word' id='word_1_66' title='bbox 248 815 386 854; x_wconf 86' lang='lat' dir='ltr'>mortui,</span> <span class='ocrx_word' id='word_1_67' title='bbox 399 815 488 856; x_wconf 88' lang='lat' dir='ltr'>quod</span> <span class='ocrx_word' id='word_1_68' title='bbox 502 817 619 847; x_wconf 87' lang='lat' dir='ltr'>mortis</span> <span class='ocrx_word' id='word_1_69' title='bbox 633 817 843 847; x_wconf 82' lang='lat' dir='ltr'>admoneret.</span> <span class='ocrx_word' id='word_1_70' title='bbox 869 817 955 848; x_wconf 79' lang='lat' dir='ltr'>Sini-</span> 
     </span>
     <span class='ocr_line' id='line_1_14' title="bbox 247 866 952 908; baseline 0.003 -12"><span class='ocrx_word' id='word_1_71' title='bbox 247 866 369 906; x_wconf 89' lang='lat' dir='ltr'>plicius</span> <span class='ocrx_word' id='word_1_72' title='bbox 387 871 512 904; x_wconf 84' lang='lat' dir='ltr'>tamen,</span> <span class='ocrx_word' id='word_1_73' title='bbox 537 867 602 897; x_wconf 88' lang='lat' dir='ltr'>etsi</span> <span class='ocrx_word' id='word_1_74' title='bbox 627 877 690 898; x_wconf 89' lang='lat' dir='ltr'>nec</span> <span class='ocrx_word' id='word_1_75' title='bbox 708 868 801 898; x_wconf 85' lang='lat' dir='ltr'>circa</span> <span class='ocrx_word' id='word_1_76' title='bbox 817 868 952 908; x_wconf 87' lang='lat' dir='ltr'>conjec-</span> 
     </span>
     <span class='ocr_line' id='line_1_15' title="bbox 247 917 953 958; baseline 0.003 -12"><span class='ocrx_word' id='word_1_77' title='bbox 247 922 370 955; x_wconf 80' lang='lat' dir='ltr'>turam,</span> <span class='ocrx_word' id='word_1_78' title='bbox 401 917 457 957; x_wconf 82' lang='lat' dir='ltr'>qui</span> <span class='ocrx_word' id='word_1_79' title='bbox 497 926 556 956; x_wconf 87' lang='lat' dir='ltr'>per</span> <span class='ocrx_word' id='word_1_80' title='bbox 594 918 721 948; x_wconf 85' lang='lat' dir='ltr'>tholum</span> <span class='ocrx_word' id='word_1_81' title='bbox 758 918 953 958; x_wconf 79' lang='lat' dir='ltr'>intelligunt</span> 
     </span>
     <span class='ocr_line' id='line_1_16' title="bbox 248 967 951 1008; baseline 0.003 -11"><span class='ocrx_word' id='word_1_82' title='bbox 248 967 461 998; x_wconf 82' lang='lat' dir='ltr'>Mausoleum</span> <span class='ocrx_word' id='word_1_83' title='bbox 492 967 652 1008; x_wconf 81' lang='lat' dir='ltr'>Augusti,</span> <span class='ocrx_word' id='word_1_84' title='bbox 679 967 781 1008; x_wconf 85' lang='lat' dir='ltr'>quod,</span> <span class='ocrx_word' id='word_1_85' title='bbox 808 978 885 999; x_wconf 93' lang='lat' dir='ltr'>cum</span> <span class='ocrx_word' id='word_1_86' title='bbox 918 969 951 999; x_wconf 89' lang='lat' dir='ltr'>in</span> 
     </span>
     <span class='ocr_line' id='line_1_17' title="bbox 248 1019 952 1057; baseline 0.001 -8"><span class='ocrx_word' id='word_1_87' title='bbox 248 1019 374 1050; x_wconf 88' lang='lat' dir='ltr'>vicinia</span> <span class='ocrx_word' id='word_1_88' title='bbox 389 1024 494 1057; x_wconf 84' lang='lat' dir='ltr'>esset,</span> <span class='ocrx_word' id='word_1_89' title='bbox 512 1026 549 1050; x_wconf 90' lang='lat' dir='ltr'>ut</span> <span class='ocrx_word' id='word_1_90' title='bbox 561 1026 725 1050; x_wconf 80' lang='lat' dir='ltr'>consonat</span> <span class='ocrx_word' id='word_1_91' title='bbox 740 1020 816 1050; x_wconf 83' lang='lat' dir='ltr'>liuic</span> <span class='ocrx_word' id='word_1_92' title='bbox 835 1019 952 1050; x_wconf 82' lang='lat' dir='ltr'>fidem-</span> 
     </span>
     <span class='ocr_line' id='line_1_18' title="bbox 248 1069 951 1110; baseline 0.003 -11"><span class='ocrx_word' id='word_1_93' title='bbox 248 1079 313 1110; x_wconf 91' lang='lat' dir='ltr'>que</span> <span class='ocrx_word' id='word_1_94' title='bbox 329 1069 411 1100; x_wconf 86' lang='lat' dir='ltr'>facit</span> <span class='ocrx_word' id='word_1_95' title='bbox 428 1071 536 1110; x_wconf 71' lang='lat' dir='ltr'>epigr.</span> <span class='ocrx_word' id='word_1_96' title='bbox 553 1073 606 1101; x_wconf 76' lang='lat'>64.</span> <span class='ocrx_word' id='word_1_97' title='bbox 619 1070 640 1101; x_wconf 95' lang='lat' dir='ltr'>l.</span> <span class='ocrx_word' id='word_1_98' title='bbox 656 1074 686 1101; x_wconf 86' lang='lat'>5.</span> <span class='ocrx_word' id='word_1_99' title='bbox 702 1076 817 1110; x_wconf 86' lang='lat' dir='ltr'>posset</span> <span class='ocrx_word' id='word_1_100' title='bbox 834 1071 951 1102; x_wconf 81' lang='lat' dir='ltr'>mortis</span> 
     </span>
     <span class='ocr_line' id='line_1_19' title="bbox 248 1120 950 1161; baseline 0.001 -11"><span class='ocrx_word' id='word_1_101' title='bbox 248 1120 441 1159; x_wconf 80' lang='lat' dir='ltr'>admonere,</span> <span class='ocrx_word' id='word_1_102' title='bbox 467 1126 569 1161; x_wconf 87' lang='lat' dir='ltr'>atque</span> <span class='ocrx_word' id='word_1_103' title='bbox 597 1120 638 1151; x_wconf 88' lang='lat' dir='ltr'>ad</span> <span class='ocrx_word' id='word_1_104' title='bbox 656 1121 735 1151; x_wconf 84' lang='lat' dir='ltr'>vitae</span> <span class='ocrx_word' id='word_1_105' title='bbox 753 1131 846 1152; x_wconf 87' lang='lat' dir='ltr'>usum</span> <span class='ocrx_word' id='word_1_106' title='bbox 863 1121 950 1152; x_wconf 83' lang='lat' dir='ltr'>fruc-</span> 
     </span>
     <span class='ocr_line' id='line_1_20' title="bbox 246 1171 951 1203; baseline 0.003 -3"><span class='ocrx_word' id='word_1_107' title='bbox 246 1178 317 1201; x_wconf 86' lang='lat' dir='ltr'>tum</span> <span class='ocrx_word' id='word_1_108' title='bbox 332 1171 469 1202; x_wconf 84' lang='lat' dir='ltr'>hortari.</span> <span class='ocrx_word' id='word_1_109' title='bbox 514 1171 722 1202; x_wconf 84' lang='lat' dir='ltr'>Ramiresius</span> <span class='ocrx_word' id='word_1_110' title='bbox 738 1181 818 1202; x_wconf 90' lang='lat' dir='ltr'>vero</span> <span class='ocrx_word' id='word_1_111' title='bbox 832 1172 951 1203; x_wconf 82' lang='lat' dir='ltr'>existi-</span> 
     </span>
     <span class='ocr_line' id='line_1_21' title="bbox 247 1223 950 1261; baseline 0.004 -9"><span class='ocrx_word' id='word_1_112' title='bbox 247 1227 329 1261; x_wconf 84' lang='lat' dir='ltr'>mat,</span> <span class='ocrx_word' id='word_1_113' title='bbox 354 1223 475 1253; x_wconf 84' lang='lat' dir='ltr'>micam</span> <span class='ocrx_word' id='word_1_114' title='bbox 500 1223 585 1254; x_wconf 81' lang='lat' dir='ltr'>hanc</span> <span class='ocrx_word' id='word_1_115' title='bbox 603 1224 652 1254; x_wconf 88' lang='lat' dir='ltr'>ita</span> <span class='ocrx_word' id='word_1_116' title='bbox 673 1223 777 1254; x_wconf 81' lang='lat' dir='ltr'>fuisse</span> <span class='ocrx_word' id='word_1_117' title='bbox 800 1224 950 1255; x_wconf 72' lang='lat' dir='ltr'>exaedifi-</span> 
     </span>
     <span class='ocr_line' id='line_1_22' title="bbox 245 1273 951 1314; baseline 0.001 -11"><span class='ocrx_word' id='word_1_118' title='bbox 245 1279 358 1304; x_wconf 87' lang='lat' dir='ltr'>catam</span> <span class='ocrx_word' id='word_1_119' title='bbox 376 1277 413 1303; x_wconf 89' lang='lat' dir='ltr'>ut</span> <span class='ocrx_word' id='word_1_120' title='bbox 429 1283 471 1303; x_wconf 81' lang='lat' dir='ltr'>ex</span> <span class='ocrx_word' id='word_1_121' title='bbox 487 1273 562 1313; x_wconf 88' lang='lat' dir='ltr'>ipso</span> <span class='ocrx_word' id='word_1_122' title='bbox 580 1273 729 1304; x_wconf 86' lang='lat' dir='ltr'>triclinio</span> <span class='ocrx_word' id='word_1_123' title='bbox 743 1275 951 1314; x_wconf 85' lang='lat' dir='ltr'>prospicere-</span> 
     </span>
     <span class='ocr_line' id='line_1_23' title="bbox 248 1323 951 1365; baseline 0.006 -13"><span class='ocrx_word' id='word_1_124' title='bbox 248 1329 303 1353; x_wconf 77' lang='lat' dir='ltr'>tur</span> <span class='ocrx_word' id='word_1_125' title='bbox 316 1323 434 1364; x_wconf 81' lang='lat' dir='ltr'>aliquis</span> <span class='ocrx_word' id='word_1_126' title='bbox 448 1323 557 1354; x_wconf 89' lang='lat' dir='ltr'>tholus</span> <span class='ocrx_word' id='word_1_127' title='bbox 570 1323 720 1363; x_wconf 63' lang='lat' dir='ltr'>aedificii,</span> <span class='ocrx_word' id='word_1_128' title='bbox 732 1324 822 1365; x_wconf 84' lang='lat' dir='ltr'>quod</span> <span class='ocrx_word' id='word_1_129' title='bbox 839 1326 951 1365; x_wconf 88' lang='lat' dir='ltr'>sepul-</span> 
     </span>
     <span class='ocr_line' id='line_1_24' title="bbox 248 1374 951 1415; baseline 0.003 -12"><span class='ocrx_word' id='word_1_130' title='bbox 248 1374 364 1404; x_wconf 84' lang='lat' dir='ltr'>chrum</span> <span class='ocrx_word' id='word_1_131' title='bbox 383 1374 524 1414; x_wconf 87' lang='lat' dir='ltr'>alicujus</span> <span class='ocrx_word' id='word_1_132' title='bbox 543 1375 712 1415; x_wconf 80' lang='lat' dir='ltr'>praeteriti</span> <span class='ocrx_word' id='word_1_133' title='bbox 728 1375 951 1415; x_wconf 86' lang='lat' dir='ltr'>Imperatoris</span> 
     </span>
     <span class='ocr_line' id='line_1_25' title="bbox 249 1424 953 1467; baseline 0.003 -13"><span class='ocrx_word' id='word_1_134' title='bbox 249 1424 444 1456; x_wconf 88' lang='lat' dir='ltr'>contineret</span> <span class='ocrx_word' id='word_1_135' title='bbox 461 1435 469 1455; x_wconf 91' lang='lat'>:</span> <span class='ocrx_word' id='word_1_136' title='bbox 501 1430 535 1455; x_wconf 87' lang='lat' dir='ltr'>et</span> <span class='ocrx_word' id='word_1_137' title='bbox 563 1425 685 1464; x_wconf 83' lang='lat' dir='ltr'>ausim,</span> <span class='ocrx_word' id='word_1_138' title='bbox 715 1426 836 1467; x_wconf 86' lang='lat' dir='ltr'>inquit,</span> <span class='ocrx_word' id='word_1_139' title='bbox 864 1426 953 1457; x_wconf 84' lang='lat' dir='ltr'>affir-</span> 
     </span>
     <span class='ocr_line' id='line_1_26' title="bbox 247 1475 953 1517; baseline 0.006 -13"><span class='ocrx_word' id='word_1_140' title='bbox 247 1484 341 1505; x_wconf 85' lang='lat' dir='ltr'>mare</span> <span class='ocrx_word' id='word_1_141' title='bbox 371 1484 446 1505; x_wconf 88' lang='lat' dir='ltr'>esse</span> <span class='ocrx_word' id='word_1_142' title='bbox 471 1475 686 1506; x_wconf 83' lang='lat' dir='ltr'>Mausoleum</span> <span class='ocrx_word' id='word_1_143' title='bbox 711 1477 758 1506; x_wconf 91' lang='lat' dir='ltr'>D.</span> <span class='ocrx_word' id='word_1_144' title='bbox 787 1476 953 1517; x_wconf 79' lang='lat' dir='ltr'>Augusti3</span> 
     </span>
     <span class='ocr_line' id='line_1_27' title="bbox 248 1525 954 1567; baseline 0.006 -12"><span class='ocrx_word' id='word_1_145' title='bbox 248 1525 338 1566; x_wconf 86' lang='lat' dir='ltr'>quod</span> <span class='ocrx_word' id='word_1_146' title='bbox 365 1526 502 1566; x_wconf 86' lang='lat' dir='ltr'>quidem</span> <span class='ocrx_word' id='word_1_147' title='bbox 529 1536 571 1557; x_wconf 77' lang='lat' dir='ltr'>ex</span> <span class='ocrx_word' id='word_1_148' title='bbox 600 1526 674 1566; x_wconf 85' lang='lat' dir='ltr'>ejus</span> <span class='ocrx_word' id='word_1_149' title='bbox 699 1527 891 1567; x_wconf 79' lang='lat' dir='ltr'><strong>ruderibus,</strong></span> <span class='ocrx_word' id='word_1_150' title='bbox 918 1533 954 1559; x_wconf 84' lang='lat' dir='ltr'>et</span> 
     </span>
     <span class='ocr_line' id='line_1_28' title="bbox 246 1575 954 1618; baseline 0.004 -12"><span class='ocrx_word' id='word_1_151' title='bbox 246 1576 348 1606; x_wconf 86' lang='lat' dir='ltr'>modo</span> <span class='ocrx_word' id='word_1_152' title='bbox 364 1575 500 1607; x_wconf 81' lang='lat' dir='ltr'>aedificii</span> <span class='ocrx_word' id='word_1_153' title='bbox 517 1577 710 1617; x_wconf 85' lang='lat' dir='ltr'>conjectare</span> <span class='ocrx_word' id='word_1_154' title='bbox 734 1588 822 1608; x_wconf 88' lang='lat' dir='ltr'>nnnc</span> <span class='ocrx_word' id='word_1_155' title='bbox 840 1588 954 1618; x_wconf 87' lang='lat' dir='ltr'>possu-</span> 
     </span>
     <span class='ocr_line' id='line_1_29' title="bbox 248 1628 954 1669; baseline 0.003 -11"><span class='ocrx_word' id='word_1_156' title='bbox 248 1637 333 1666; x_wconf 86' lang='lat' dir='ltr'>mus,</span> <span class='ocrx_word' id='word_1_157' title='bbox 349 1628 383 1658; x_wconf 90' lang='lat' dir='ltr'>in</span> <span class='ocrx_word' id='word_1_158' title='bbox 413 1629 539 1659; x_wconf 84' lang='lat' dir='ltr'>tholum</span> <span class='ocrx_word' id='word_1_159' title='bbox 569 1628 773 1666; x_wconf 86' lang='lat' dir='ltr'>desinebat;</span> <span class='ocrx_word' id='word_1_160' title='bbox 800 1639 863 1669; x_wconf 84' lang='lat' dir='ltr'>quo</span> <span class='ocrx_word' id='word_1_161' title='bbox 886 1630 954 1660; x_wconf 82' lang='lat' dir='ltr'>viso</span> 
     </span>
     <span class='ocr_line' id='line_1_30' title="bbox 247 1678 955 1718; baseline 0.003 -10"><span class='ocrx_word' id='word_1_162' title='bbox 247 1678 518 1708; x_wconf 82' lang='lat' dir='ltr'>admonebantur</span> <span class='ocrx_word' id='word_1_163' title='bbox 533 1678 686 1709; x_wconf 80' lang='lat' dir='ltr'>convivae</span> <span class='ocrx_word' id='word_1_164' title='bbox 704 1688 770 1709; x_wconf 79' lang='lat' dir='ltr'>suae</span> <span class='ocrx_word' id='word_1_165' title='bbox 788 1680 901 1718; x_wconf 83' lang='lat' dir='ltr'>sortis,</span> <span class='ocrx_word' id='word_1_166' title='bbox 919 1686 955 1710; x_wconf 88' lang='lat' dir='ltr'>et</span> 
     </span>
     <span class='ocr_line' id='line_1_31' title="bbox 245 1729 954 1770; baseline 0.001 -11"><span class='ocrx_word' id='word_1_167' title='bbox 245 1734 378 1760; x_wconf 83' lang='lat' dir='ltr'>naturae</span> <span class='ocrx_word' id='word_1_168' title='bbox 392 1729 649 1767; x_wconf 74' lang='lat' dir='ltr'>imbecillitatis,</span> <span class='ocrx_word' id='word_1_169' title='bbox 662 1729 750 1770; x_wconf 88' lang='lat' dir='ltr'>quod</span> <span class='ocrx_word' id='word_1_170' title='bbox 763 1729 875 1760; x_wconf 83' lang='lat' dir='ltr'>brevis</span> <span class='ocrx_word' id='word_1_171' title='bbox 891 1730 954 1761; x_wconf 82' lang='lat' dir='ltr'>aevi</span> 
     </span>
     <span class='ocr_line' id='line_1_32' title="bbox 249 1779 952 1819; baseline 0.001 -9"><span class='ocrx_word' id='word_1_172' title='bbox 249 1785 376 1819; x_wconf 91' lang='lat' dir='ltr'>essent,</span> <span class='ocrx_word' id='word_1_173' title='bbox 392 1784 426 1810; x_wconf 88' lang='lat' dir='ltr'>et</span> <span class='ocrx_word' id='word_1_174' title='bbox 439 1780 506 1810; x_wconf 83' lang='lat' dir='ltr'>cito</span> <span class='ocrx_word' id='word_1_175' title='bbox 520 1779 688 1810; x_wconf 88' lang='lat' dir='ltr'>morituri.</span> <span class='ocrx_word' id='word_1_176' title='bbox 735 1779 822 1810; x_wconf 81' lang='lat' dir='ltr'>Nam</span> <span class='ocrx_word' id='word_1_177' title='bbox 839 1780 866 1810; x_wconf 90' lang='lat' dir='ltr'>si</span> <span class='ocrx_word' id='word_1_178' title='bbox 882 1779 952 1811; x_wconf 85' lang='lat' dir='ltr'>Au-</span> 
     </span>
     <span class='ocr_line' id='line_1_33' title="bbox 247 1829 953 1869; baseline 0.003 -10"><span class='ocrx_word' id='word_1_179' title='bbox 247 1834 379 1869; x_wconf 83' lang='lat' dir='ltr'>gustus,</span> <span class='ocrx_word' id='word_1_180' title='bbox 396 1829 452 1869; x_wconf 89' lang='lat' dir='ltr'>qui</span> <span class='ocrx_word' id='word_1_181' title='bbox 471 1830 562 1860; x_wconf 89' lang='lat' dir='ltr'>Deus</span> <span class='ocrx_word' id='word_1_182' title='bbox 578 1829 725 1865; x_wconf 82' lang='lat' dir='ltr'>habitus,</span> <span class='ocrx_word' id='word_1_183' title='bbox 742 1830 953 1861; x_wconf 83' lang='lat' dir='ltr'>condebatur</span> 
     </span>
     <span class='ocr_line' id='line_1_34' title="bbox 247 1880 952 1920; baseline 0.001 -9"><span class='ocrx_word' id='word_1_184' title='bbox 247 1881 306 1911; x_wconf 89' lang='lat' dir='ltr'>illo</span> <span class='ocrx_word' id='word_1_185' title='bbox 334 1880 526 1920; x_wconf 80' lang='lat' dir='ltr'>sepulchro,</span> <span class='ocrx_word' id='word_1_186' title='bbox 553 1880 610 1920; x_wconf 86' lang='lat' dir='ltr'>qui</span> <span class='ocrx_word' id='word_1_187' title='bbox 639 1885 754 1920; x_wconf 79' lang='lat' dir='ltr'>posset</span> <span class='ocrx_word' id='word_1_188' title='bbox 782 1880 952 1912; x_wconf 77' lang='lat' dir='ltr'>inferioris</span> 
     </span>
     <span class='ocr_line' id='line_1_35' title="bbox 248 1932 953 1972; baseline 0.003 -10"><span class='ocrx_word' id='word_1_189' title='bbox 248 1932 351 1962; x_wconf 89' lang='lat' dir='ltr'>sortis</span> <span class='ocrx_word' id='word_1_190' title='bbox 368 1932 464 1962; x_wconf 81' lang='lat' dir='ltr'>homo</span> <span class='ocrx_word' id='word_1_191' title='bbox 476 1940 657 1971; x_wconf 77' lang='lat' dir='ltr'>properam</span> <span class='ocrx_word' id='word_1_192' title='bbox 669 1941 735 1961; x_wconf 90' lang='lat' dir='ltr'>non</span> <span class='ocrx_word' id='word_1_193' title='bbox 748 1937 953 1972; x_wconf 76' lang='lat' dir='ltr'>exspectare</span> 
     </span>
     <span class='ocr_line' id='line_1_36' title="bbox 247 1980 955 2014; baseline 0.003 -2"><span class='ocrx_word' id='word_1_194' title='bbox 247 1981 412 2012; x_wconf 81' lang='lat' dir='ltr'>mortem?</span> <span class='ocrx_word' id='word_1_195' title='bbox 437 1980 522 2011; x_wconf 85' lang='lat' dir='ltr'>Haec</span> <span class='ocrx_word' id='word_1_196' title='bbox 536 1985 648 2011; x_wconf 89' lang='lat' dir='ltr'>autem</span> <span class='ocrx_word' id='word_1_197' title='bbox 661 1981 780 2011; x_wconf 87' lang='lat' dir='ltr'>mortis</span> <span class='ocrx_word' id='word_1_198' title='bbox 794 1984 955 2014; x_wconf 87' lang='lat' dir='ltr'>memoria</span> 
     </span>
     <span class='ocr_line' id='line_1_37' title="bbox 248 2029 954 2064; baseline 0.003 -2"><span class='ocrx_word' id='word_1_199' title='bbox 248 2031 402 2062; x_wconf 87' lang='lat' dir='ltr'>ethnicos</span> <span class='ocrx_word' id='word_1_200' title='bbox 417 2030 493 2061; x_wconf 89' lang='lat' dir='ltr'>illos</span> <span class='ocrx_word' id='word_1_201' title='bbox 510 2029 551 2060; x_wconf 89' lang='lat' dir='ltr'>ad</span> <span class='ocrx_word' id='word_1_202' title='bbox 566 2029 643 2060; x_wconf 86' lang='lat' dir='ltr'>vitae</span> <span class='ocrx_word' id='word_1_203' title='bbox 660 2030 811 2061; x_wconf 84' lang='lat' dir='ltr'>lautitias</span> <span class='ocrx_word' id='word_1_204' title='bbox 826 2032 954 2064; x_wconf 70' lang='lat' dir='ltr'>excita-</span> 
     </span>
     <span class='ocr_line' id='line_1_38' title="bbox 250 2081 321 2112; baseline -0.014 0"><span class='ocrx_word' id='word_1_205' title='bbox 250 2081 321 2112; x_wconf 87' lang='lat' dir='ltr'>bat.</span> 
     </span>
    </p>

    <p class='ocr_par' dir='ltr' id='par_1_4' title="bbox 248 2130 952 2731">
     <span class='ocr_line' id='line_1_39' title="bbox 291 2130 952 2174; baseline 0.003 -12"><span class='ocrx_word' id='word_1_206' title='bbox 291 2135 310 2162; x_wconf 82' lang='lat'><strong>3</strong></span> <span class='ocrx_word' id='word_1_207' title='bbox 338 2132 474 2171; x_wconf 82' lang='lat' dir='ltr'>Frange,</span> <span class='ocrx_word' id='word_1_208' title='bbox 496 2130 564 2171; x_wconf 58' lang='lat' dir='ltr'>fison]</span> <span class='ocrx_word' id='word_1_209' title='bbox 597 2131 706 2162; x_wconf 85' lang='lat' dir='ltr'>Utere</span> <span class='ocrx_word' id='word_1_210' title='bbox 733 2135 849 2171; x_wconf 81' lang='lat' dir='ltr'>aetate,</span> <span class='ocrx_word' id='word_1_211' title='bbox 876 2142 952 2174; x_wconf 81' lang='lat' dir='ltr'>quae</span> 
     </span>
     <span class='ocr_line' id='line_1_40' title="bbox 250 2182 952 2222; baseline 0.001 -8"><span class='ocrx_word' id='word_1_212' title='bbox 250 2183 376 2222; x_wconf 81' lang='lat' dir='ltr'>brevis,</span> <span class='ocrx_word' id='word_1_213' title='bbox 393 2183 496 2222; x_wconf 81' lang='lat' dir='ltr'>fluxa,</span> <span class='ocrx_word' id='word_1_214' title='bbox 513 2184 667 2221; x_wconf 76' lang='lat' dir='ltr'>incerta3</span> <span class='ocrx_word' id='word_1_215' title='bbox 691 2182 847 2214; x_wconf 77' lang='lat' dir='ltr'>disturba</span> <span class='ocrx_word' id='word_1_216' title='bbox 862 2190 952 2215; x_wconf 89' lang='lat' dir='ltr'>toros</span> 
     </span>
     <span class='ocr_line' id='line_1_41' title="bbox 250 2233 950 2275; baseline 0 -9"><span class='ocrx_word' id='word_1_217' title='bbox 250 2235 481 2275; x_wconf 86' lang='lat' dir='ltr'>compositos;</span> <span class='ocrx_word' id='word_1_218' title='bbox 508 2233 583 2270; x_wconf 86' lang='lat' dir='ltr'>ede,</span> <span class='ocrx_word' id='word_1_219' title='bbox 607 2234 700 2273; x_wconf 89' lang='lat' dir='ltr'>bibe,</span> <span class='ocrx_word' id='word_1_220' title='bbox 731 2233 823 2274; x_wconf 89' lang='lat' dir='ltr'>lude,</span> <span class='ocrx_word' id='word_1_221' title='bbox 851 2235 950 2266; x_wconf 85' lang='lat' dir='ltr'>sertis</span> 
     </span>
     <span class='ocr_line' id='line_1_42' title="bbox 249 2285 950 2326; baseline -0.001 -9"><span class='ocrx_word' id='word_1_222' title='bbox 249 2291 430 2317; x_wconf 86' lang='lat' dir='ltr'>coronatus</span> <span class='ocrx_word' id='word_1_223' title='bbox 458 2289 493 2316; x_wconf 86' lang='lat' dir='ltr'>et</span> <span class='ocrx_word' id='word_1_224' title='bbox 518 2289 654 2315; x_wconf 86' lang='lat' dir='ltr'>unctus.</span> <span class='ocrx_word' id='word_1_225' title='bbox 706 2285 832 2324; x_wconf 82' lang='lat' dir='ltr'>Frange</span> <span class='ocrx_word' id='word_1_226' title='bbox 854 2285 950 2326; x_wconf 86' lang='lat' dir='ltr'>toros]</span> 
     </span>
     <span class='ocr_line' id='line_1_43' title="bbox 249 2335 952 2375; baseline -0.003 -8"><span class='ocrx_word' id='word_1_227' title='bbox 249 2336 414 2367; x_wconf 79' lang='lat' dir='ltr'>Assiduus</span> <span class='ocrx_word' id='word_1_228' title='bbox 431 2335 593 2366; x_wconf 87' lang='lat' dir='ltr'>accumbe</span> <span class='ocrx_word' id='word_1_229' title='bbox 610 2341 645 2365; x_wconf 87' lang='lat' dir='ltr'>et</span> <span class='ocrx_word' id='word_1_230' title='bbox 663 2335 770 2366; x_wconf 85' lang='lat' dir='ltr'>asside</span> <span class='ocrx_word' id='word_1_231' title='bbox 786 2335 819 2365; x_wconf 89' lang='lat' dir='ltr'>iu</span> <span class='ocrx_word' id='word_1_232' title='bbox 838 2336 952 2375; x_wconf 86' lang='lat' dir='ltr'>thoris,</span> 
     </span>
     <span class='ocr_line' id='line_1_44' title="bbox 248 2384 948 2426; baseline -0.003 -8"><span class='ocrx_word' id='word_1_233' title='bbox 248 2391 286 2418; x_wconf 89' lang='lat' dir='ltr'>ut</span> <span class='ocrx_word' id='word_1_234' title='bbox 302 2396 362 2417; x_wconf 89' lang='lat' dir='ltr'>usu</span> <span class='ocrx_word' id='word_1_235' title='bbox 375 2387 495 2418; x_wconf 89' lang='lat' dir='ltr'>diurno</span> <span class='ocrx_word' id='word_1_236' title='bbox 507 2390 740 2426; x_wconf 88' lang='lat' dir='ltr'>nocturnoque</span> <span class='ocrx_word' id='word_1_237' title='bbox 751 2384 948 2425; x_wconf 81' lang='lat' dir='ltr'>frangatur:</span> 
     </span>
     <span class='ocr_line' id='line_1_45' title="bbox 251 2434 950 2473; baseline -0.001 -6"><span class='ocrx_word' id='word_1_238' title='bbox 251 2437 304 2467; x_wconf 91' lang='lat' dir='ltr'>vel</span> <span class='ocrx_word' id='word_1_239' title='bbox 329 2435 561 2467; x_wconf 84' lang='lat' dir='ltr'>accumbendo</span> <span class='ocrx_word' id='word_1_240' title='bbox 586 2434 753 2473; x_wconf 82' lang='lat' dir='ltr'>disturba,</span> <span class='ocrx_word' id='word_1_241' title='bbox 778 2440 815 2465; x_wconf 89' lang='lat' dir='ltr'>ut</span> <span class='ocrx_word' id='word_1_242' title='bbox 842 2436 950 2466; x_wconf 86' lang='lat' dir='ltr'>lectus</span> 
     </span>
     <span class='ocr_line' id='line_1_46' title="bbox 249 2485 952 2527; baseline -0.003 -9"><span class='ocrx_word' id='word_1_243' title='bbox 249 2487 457 2527; x_wconf 85' lang='lat' dir='ltr'>compositus</span> <span class='ocrx_word' id='word_1_244' title='bbox 481 2487 569 2517; x_wconf 86' lang='lat' dir='ltr'>solet</span> <span class='ocrx_word' id='word_1_245' title='bbox 599 2485 744 2524; x_wconf 80' lang='lat' dir='ltr'>turbari,</span> <span class='ocrx_word' id='word_1_246' title='bbox 773 2495 847 2516; x_wconf 81' lang='lat' dir='ltr'>cuin</span> <span class='ocrx_word' id='word_1_247' title='bbox 882 2487 952 2516; x_wconf 87' lang='lat' dir='ltr'>itur</span> 
     </span>
     <span class='ocr_line' id='line_1_47' title="bbox 250 2537 950 2578; baseline 0 -10"><span class='ocrx_word' id='word_1_248' title='bbox 250 2538 414 2578; x_wconf 86' lang='lat' dir='ltr'>cubitum,</span> <span class='ocrx_word' id='word_1_249' title='bbox 430 2542 488 2569; x_wconf 87' lang='lat' dir='ltr'>aut</span> <span class='ocrx_word' id='word_1_250' title='bbox 513 2537 633 2568; x_wconf 86' lang='lat' dir='ltr'>cubitu</span> <span class='ocrx_word' id='word_1_251' title='bbox 656 2537 816 2577; x_wconf 85' lang='lat' dir='ltr'>surgitur.</span> <span class='ocrx_word' id='word_1_252' title='bbox 862 2537 950 2568; x_wconf 91' lang='lat' dir='ltr'>‘To-</span> 
     </span>
     <span class='ocr_line' id='line_1_48' title="bbox 249 2588 949 2629; baseline -0.001 -10"><span class='ocrx_word' id='word_1_253' title='bbox 249 2588 323 2619; x_wconf 89' lang='lat' dir='ltr'>rus&#39;</span> <span class='ocrx_word' id='word_1_254' title='bbox 341 2598 423 2629; x_wconf 84' lang='lat' dir='ltr'>ergo</span> <span class='ocrx_word' id='word_1_255' title='bbox 441 2589 503 2619; x_wconf 91' lang='lat' dir='ltr'>hoc</span> <span class='ocrx_word' id='word_1_256' title='bbox 521 2589 595 2618; x_wconf 91' lang='lat' dir='ltr'>loco</span> <span class='ocrx_word' id='word_1_257' title='bbox 613 2597 674 2627; x_wconf 86' lang='lat' dir='ltr'>pro</span> <span class='ocrx_word' id='word_1_258' title='bbox 700 2588 791 2618; x_wconf 83' lang='lat' dir='ltr'>lecto</span> <span class='ocrx_word' id='word_1_259' title='bbox 807 2588 879 2628; x_wconf 90' lang='lat' dir='ltr'>ipso</span> <span class='ocrx_word' id='word_1_260' title='bbox 895 2598 949 2619; x_wconf 88' lang='lat' dir='ltr'>ca-</span> 
     </span>
     <span class='ocr_line' id='line_1_49' title="bbox 249 2637 948 2680; baseline -0.001 -10"><span class='ocrx_word' id='word_1_261' title='bbox 249 2639 351 2679; x_wconf 90' lang='lat' dir='ltr'>pitur,</span> <span class='ocrx_word' id='word_1_262' title='bbox 366 2640 400 2670; x_wconf 89' lang='lat' dir='ltr'>iu</span> <span class='ocrx_word' id='word_1_263' title='bbox 417 2648 481 2680; x_wconf 91' lang='lat' dir='ltr'>quo</span> <span class='ocrx_word' id='word_1_264' title='bbox 497 2637 663 2669; x_wconf 82' lang='lat' dir='ltr'>coenaturi</span> <span class='ocrx_word' id='word_1_265' title='bbox 689 2638 948 2669; x_wconf 83' lang='lat' dir='ltr'>accumbebant.</span> 
     </span>
     <span class='ocr_line' id='line_1_50' title="bbox 251 2689 951 2731; baseline 0.001 -12"><span class='ocrx_word' id='word_1_266' title='bbox 251 2690 330 2721; x_wconf 77' lang='lat' dir='ltr'>vide</span> <span class='ocrx_word' id='word_1_267' title='bbox 346 2691 453 2731; x_wconf 86' lang='lat' dir='ltr'>epigr.</span> <span class='ocrx_word' id='word_1_268' title='bbox 467 2693 496 2722; x_wconf 83' lang='lat'>8.</span> <span class='ocrx_word' id='word_1_269' title='bbox 511 2690 569 2721; x_wconf 75' lang='lat' dir='ltr'>lib.</span> <span class='ocrx_word' id='word_1_270' title='bbox 582 2698 632 2720; x_wconf 81' lang='lat' dir='ltr'>lv.</span> <span class='ocrx_word' id='word_1_271' title='bbox 650 2689 804 2721; x_wconf 75' lang='lat' dir='ltr'>Raderus.</span> <span class='ocrx_word' id='word_1_272' title='bbox 851 2689 951 2720; x_wconf 82' lang='lat' dir='ltr'>Rosus</span> 
     </span>
    </p>
   </div>
   <div class='ocr_carea' id='block_1_3' title="bbox 680 165 1246 196">
    <p class='ocr_par' dir='ltr' id='par_1_5' title="bbox 680 165 1246 196">
     <span class='ocr_line' id='line_1_51' title="bbox 680 165 1246 196; baseline -0.004 0"><span class='ocrx_word' id='word_1_273' title='bbox 680 169 685 173; x_wconf 90' lang='lat'>&#39;</span> <span class='ocrx_word' id='word_1_274' title='bbox 719 165 862 196; x_wconf 83' lang='lat' dir='ltr'><strong>NOTAE</strong></span> <span class='ocrx_word' id='word_1_275' title='bbox 900 165 1161 195; x_wconf 74' lang='lat' dir='ltr'>VARloRUM</span> <span class='ocrx_word' id='word_1_276' title='bbox 1197 166 1246 195; x_wconf 79' lang='lat' dir='ltr'>IN</span> 
     </span>
    </p>
   </div>
   <div class='ocr_carea' id='block_1_4' title="bbox 998 257 1715 2733">
    <p class='ocr_par' dir='ltr' id='par_1_6' title="bbox 1003 257 1714 693">
     <span class='ocr_line' id='line_1_52' title="bbox 1003 257 1711 298; baseline 0.001 -10"><span class='ocrx_word' id='word_1_277' title='bbox 1003 257 1089 298; x_wconf 83' lang='lat' dir='ltr'>cape]</span> <span class='ocrx_word' id='word_1_278' title='bbox 1114 258 1339 296; x_wconf 67' lang='lat' dir='ltr'>Coi-ollarum,</span> <span class='ocrx_word' id='word_1_279' title='bbox 1351 257 1469 298; x_wconf 86' lang='lat' dir='ltr'>quibus</span> <span class='ocrx_word' id='word_1_280' title='bbox 1480 257 1664 289; x_wconf 81' lang='lat' dir='ltr'>utebantur</span> <span class='ocrx_word' id='word_1_281' title='bbox 1676 257 1711 289; x_wconf 88' lang='lat' dir='ltr'>in</span> 
     </span>
     <span class='ocr_line' id='line_1_53' title="bbox 1004 308 1709 349; baseline 0 -10"><span class='ocrx_word' id='word_1_282' title='bbox 1004 309 1178 347; x_wconf 76' lang='lat' dir='ltr'>conviviis,</span> <span class='ocrx_word' id='word_1_283' title='bbox 1214 308 1343 340; x_wconf 84' lang='lat' dir='ltr'>mentio</span> <span class='ocrx_word' id='word_1_284' title='bbox 1381 308 1523 346; x_wconf 84' lang='lat' dir='ltr'>crebra3</span> <span class='ocrx_word' id='word_1_285' title='bbox 1569 318 1709 349; x_wconf 88' lang='lat' dir='ltr'>quarum</span> 
     </span>
     <span class='ocr_line' id='line_1_54' title="bbox 1003 358 1711 399; baseline 0.001 -9"><span class='ocrx_word' id='word_1_286' title='bbox 1003 369 1081 390; x_wconf 86' lang='lat' dir='ltr'>usus</span> <span class='ocrx_word' id='word_1_287' title='bbox 1097 359 1272 399; x_wconf 84' lang='lat' dir='ltr'>praecipue</span> <span class='ocrx_word' id='word_1_288' title='bbox 1296 358 1338 390; x_wconf 88' lang='lat' dir='ltr'>ad</span> <span class='ocrx_word' id='word_1_289' title='bbox 1365 359 1546 390; x_wconf 81' lang='lat' dir='ltr'>arcendam</span> <span class='ocrx_word' id='word_1_290' title='bbox 1563 360 1711 391; x_wconf 86' lang='lat' dir='ltr'>ebrieta-</span> 
     </span>
     <span class='ocr_line' id='line_1_55' title="bbox 1004 409 1713 449; baseline 0.001 -9"><span class='ocrx_word' id='word_1_291' title='bbox 1004 415 1085 449; x_wconf 86' lang='lat' dir='ltr'>tem,</span> <span class='ocrx_word' id='word_1_292' title='bbox 1100 414 1138 440; x_wconf 87' lang='lat' dir='ltr'>ut</span> <span class='ocrx_word' id='word_1_293' title='bbox 1153 409 1256 441; x_wconf 88' lang='lat' dir='ltr'>docet</span> <span class='ocrx_word' id='word_1_294' title='bbox 1273 409 1450 441; x_wconf 84' lang='lat' dir='ltr'>Plutarch.</span> <span class='ocrx_word' id='word_1_295' title='bbox 1467 409 1501 440; x_wconf 88' lang='lat' dir='ltr'>in</span> <span class='ocrx_word' id='word_1_296' title='bbox 1517 419 1665 449; x_wconf 84' lang='lat' dir='ltr'>sympos.</span> <span class='ocrx_word' id='word_1_297' title='bbox 1677 415 1713 441; x_wconf 90' lang='lat' dir='ltr'>et</span> 
     </span>
     <span class='ocr_line' id='line_1_56' title="bbox 1004 458 1711 492; baseline 0.003 -2"><span class='ocrx_word' id='word_1_298' title='bbox 1004 460 1094 491; x_wconf 85' lang='lat' dir='ltr'>Plin.</span> <span class='ocrx_word' id='word_1_299' title='bbox 1109 461 1130 490; x_wconf 86' lang='lat' dir='ltr'>l.</span> <span class='ocrx_word' id='word_1_300' title='bbox 1146 463 1198 491; x_wconf 84' lang='lat'>21.</span> <span class='ocrx_word' id='word_1_301' title='bbox 1216 470 1244 491; x_wconf 94' lang='lat' dir='ltr'>c.</span> <span class='ocrx_word' id='word_1_302' title='bbox 1264 463 1316 491; x_wconf 83' lang='lat'>19.</span> <span class='ocrx_word' id='word_1_303' title='bbox 1362 461 1464 491; x_wconf 79' lang='lat' dir='ltr'>Serta</span> <span class='ocrx_word' id='word_1_304' title='bbox 1480 460 1554 492; x_wconf 82' lang='lat' dir='ltr'>haec</span> <span class='ocrx_word' id='word_1_305' title='bbox 1569 458 1674 491; x_wconf 89' lang='lat' dir='ltr'>florea</span> <span class='ocrx_word' id='word_1_306' title='bbox 1691 471 1711 492; x_wconf 89' lang='lat' dir='ltr'>a</span> 
     </span>
     <span class='ocr_line' id='line_1_57' title="bbox 1004 509 1713 550; baseline 0.001 -10"><span class='ocrx_word' id='word_1_307' title='bbox 1004 511 1092 541; x_wconf 90' lang='lat' dir='ltr'>collo</span> <span class='ocrx_word' id='word_1_308' title='bbox 1116 511 1240 550; x_wconf 83' lang='lat' dir='ltr'>saepius</span> <span class='ocrx_word' id='word_1_309' title='bbox 1272 511 1374 541; x_wconf 86' lang='lat' dir='ltr'>etiam</span> <span class='ocrx_word' id='word_1_310' title='bbox 1405 509 1713 550; x_wconf 79' lang='lat' dir='ltr'>suspendebantur.</span> 
     </span>
     <span class='ocr_line' id='line_1_58' title="bbox 1003 560 1713 600; baseline 0.001 -9"><span class='ocrx_word' id='word_1_311' title='bbox 1003 560 1126 592; x_wconf 87' lang='lat' dir='ltr'>Horat.</span> <span class='ocrx_word' id='word_1_312' title='bbox 1151 560 1194 591; x_wconf 88' lang='lat' dir='ltr'>de</span> <span class='ocrx_word' id='word_1_313' title='bbox 1222 561 1421 600; x_wconf 84' lang='lat' dir='ltr'>Polemone,</span> <span class='ocrx_word' id='word_1_314' title='bbox 1445 563 1453 577; x_wconf 92' lang='lat'>‘</span> <span class='ocrx_word' id='word_1_315' title='bbox 1469 566 1570 600; x_wconf 88' lang='lat' dir='ltr'>potus</span> <span class='ocrx_word' id='word_1_316' title='bbox 1595 565 1633 592; x_wconf 92' lang='lat' dir='ltr'>ut</span> <span class='ocrx_word' id='word_1_317' title='bbox 1655 561 1713 592; x_wconf 85' lang='lat' dir='ltr'>ille</span> 
     </span>
     <span class='ocr_line' id='line_1_59' title="bbox 1004 611 1714 652; baseline 0.003 -11"><span class='ocrx_word' id='word_1_318' title='bbox 1004 611 1140 642; x_wconf 86' lang='lat' dir='ltr'>Dicitur</span> <span class='ocrx_word' id='word_1_319' title='bbox 1157 621 1199 643; x_wconf 75' lang='lat' dir='ltr'>ex</span> <span class='ocrx_word' id='word_1_320' title='bbox 1215 612 1302 643; x_wconf 92' lang='lat' dir='ltr'>collo</span> <span class='ocrx_word' id='word_1_321' title='bbox 1327 611 1445 643; x_wconf 81' lang='lat' dir='ltr'>furtim</span> <span class='ocrx_word' id='word_1_322' title='bbox 1465 612 1644 652; x_wconf 84' lang='lat' dir='ltr'>carpsisse</span> <span class='ocrx_word' id='word_1_323' title='bbox 1660 621 1714 643; x_wconf 89' lang='lat' dir='ltr'>co-</span> 
     </span>
     <span class='ocr_line' id='line_1_60' title="bbox 1003 662 1279 693; baseline 0.007 -2"><span class='ocrx_word' id='word_1_324' title='bbox 1003 662 1124 693; x_wconf 61' lang='lat' dir='ltr'>ronas?</span> <span class='ocrx_word' id='word_1_325' title='bbox 1144 662 1279 693; x_wconf 75' lang='lat' dir='ltr'>Heralcl.</span> 
     </span>
    </p>

    <p class='ocr_par' dir='ltr' id='par_1_7' title="bbox 1000 713 1715 1311">
     <span class='ocr_line' id='line_1_61' title="bbox 1048 713 1715 754; baseline 0.001 -11"><span class='ocrx_word' id='word_1_326' title='bbox 1048 715 1067 743; x_wconf 86' lang='grc'>4</span> <span class='ocrx_word' id='word_1_327' title='bbox 1097 713 1138 743; x_wconf 86' lang='lat' dir='ltr'>Te</span> <span class='ocrx_word' id='word_1_328' title='bbox 1154 713 1344 754; x_wconf 84' lang='lat' dir='ltr'>meminisse]</span> <span class='ocrx_word' id='word_1_329' title='bbox 1377 713 1603 744; x_wconf 81' lang='lat' dir='ltr'>Musambert.</span> <span class='ocrx_word' id='word_1_330' title='bbox 1629 713 1715 752; x_wconf 70' lang='lat' dir='ltr'>legit</span> 
     </span>
     <span class='ocr_line' id='line_1_62' title="bbox 1002 764 1711 797; baseline 0.003 -4"><span class='ocrx_word' id='word_1_331' title='bbox 1002 764 1214 795; x_wconf 80' lang='lat' dir='ltr'>dememinisse</span> <span class='ocrx_word' id='word_1_332' title='bbox 1239 765 1339 796; x_wconf 80' lang='lat' dir='ltr'>Deus.</span> <span class='ocrx_word' id='word_1_333' title='bbox 1396 766 1481 797; x_wconf 84' lang='lat' dir='ltr'>Quae</span> <span class='ocrx_word' id='word_1_334' title='bbox 1512 765 1615 796; x_wconf 90' lang='lat' dir='ltr'>lectio</span> <span class='ocrx_word' id='word_1_335' title='bbox 1643 774 1711 796; x_wconf 91' lang='lat' dir='ltr'>non</span> 
     </span>
     <span class='ocr_line' id='line_1_63' title="bbox 1005 814 1710 854; baseline 0.004 -11"><span class='ocrx_word' id='word_1_336' title='bbox 1005 814 1140 854; x_wconf 86' lang='lat' dir='ltr'>probari</span> <span class='ocrx_word' id='word_1_337' title='bbox 1164 820 1299 854; x_wconf 79' lang='lat' dir='ltr'>potest:</span> <span class='ocrx_word' id='word_1_338' title='bbox 1325 826 1401 846; x_wconf 89' lang='lat' dir='ltr'>nam</span> <span class='ocrx_word' id='word_1_339' title='bbox 1425 816 1544 846; x_wconf 88' lang='lat' dir='ltr'>mortis</span> <span class='ocrx_word' id='word_1_340' title='bbox 1565 825 1710 847; x_wconf 89' lang='lat' dir='ltr'>comme-</span> 
     </span>
     <span class='ocr_line' id='line_1_64' title="bbox 1003 866 1710 907; baseline 0.004 -12"><span class='ocrx_word' id='word_1_341' title='bbox 1003 866 1224 896; x_wconf 83' lang='lat' dir='ltr'>morationem</span> <span class='ocrx_word' id='word_1_342' title='bbox 1247 867 1290 897; x_wconf 90' lang='lat' dir='ltr'>ad</span> <span class='ocrx_word' id='word_1_343' title='bbox 1317 867 1537 898; x_wconf 83' lang='lat' dir='ltr'>concitandas</span> <span class='ocrx_word' id='word_1_344' title='bbox 1556 868 1710 907; x_wconf 86' lang='lat' dir='ltr'>volupta-</span> 
     </span>
     <span class='ocr_line' id='line_1_65' title="bbox 1005 917 1710 954; baseline 0.004 -9"><span class='ocrx_word' id='word_1_345' title='bbox 1005 920 1068 954; x_wconf 78' lang='lat' dir='ltr'>tes,</span> <span class='ocrx_word' id='word_1_346' title='bbox 1085 921 1121 946; x_wconf 84' lang='lat' dir='ltr'>et</span> <span class='ocrx_word' id='word_1_347' title='bbox 1136 917 1249 946; x_wconf 75' lang='lat' dir='ltr'>luxum</span> <span class='ocrx_word' id='word_1_348' title='bbox 1266 917 1455 948; x_wconf 86' lang='lat' dir='ltr'>acuendum</span> <span class='ocrx_word' id='word_1_349' title='bbox 1474 918 1642 948; x_wconf 87' lang='lat' dir='ltr'>inservire</span> <span class='ocrx_word' id='word_1_350' title='bbox 1657 928 1710 949; x_wconf 91' lang='lat' dir='ltr'>vo-</span> 
     </span>
     <span class='ocr_line' id='line_1_66' title="bbox 1004 965 1710 1007; baseline 0.004 -12"><span class='ocrx_word' id='word_1_351' title='bbox 1004 965 1141 1004; x_wconf 82' lang='lat' dir='ltr'>lel›aut;</span> <span class='ocrx_word' id='word_1_352' title='bbox 1167 970 1298 996; x_wconf 87' lang='lat' dir='ltr'>tantum</span> <span class='ocrx_word' id='word_1_353' title='bbox 1326 966 1444 997; x_wconf 87' lang='lat' dir='ltr'>aberat</span> <span class='ocrx_word' id='word_1_354' title='bbox 1469 973 1505 998; x_wconf 86' lang='lat' dir='ltr'>ut</span> <span class='ocrx_word' id='word_1_355' title='bbox 1523 967 1710 1007; x_wconf 68' lang='lat' dir='ltr'>morfisju·</span> 
     </span>
     <span class='ocr_line' id='line_1_67' title="bbox 1004 1017 1709 1059; baseline 0.004 -12"><span class='ocrx_word' id='word_1_356' title='bbox 1004 1017 1126 1048; x_wconf 89' lang='lat' dir='ltr'>berent</span> <span class='ocrx_word' id='word_1_357' title='bbox 1152 1017 1399 1050; x_wconf 82' lang='lat' dir='ltr'>deineminisse.</span> <span class='ocrx_word' id='word_1_358' title='bbox 1427 1019 1560 1051; x_wconf 78' lang='lat' dir='ltr'>Herald.</span> <span class='ocrx_word' id='word_1_359' title='bbox 1605 1019 1709 1059; x_wconf 81' lang='lat' dir='ltr'>Deus]</span> 
     </span>
     <span class='ocr_line' id='line_1_68' title="bbox 1001 1067 1710 1110; baseline 0.003 -12"><span class='ocrx_word' id='word_1_360' title='bbox 1001 1067 1233 1104; x_wconf 86' lang='lat' dir='ltr'>Domitianus,</span> <span class='ocrx_word' id='word_1_361' title='bbox 1250 1068 1277 1098; x_wconf 83' lang='lat' dir='ltr'>si</span> <span class='ocrx_word' id='word_1_362' title='bbox 1288 1069 1441 1108; x_wconf 83' lang='lat' dir='ltr'>suspensi</span> <span class='ocrx_word' id='word_1_363' title='bbox 1456 1070 1562 1100; x_wconf 87' lang='lat' dir='ltr'>cranii</span> <span class='ocrx_word' id='word_1_364' title='bbox 1575 1070 1710 1110; x_wconf 82' lang='lat' dir='ltr'>exposi-</span> 
     </span>
     <span class='ocr_line' id='line_1_69' title="bbox 1002 1117 1711 1159; baseline 0.006 -12"><span class='ocrx_word' id='word_1_365' title='bbox 1002 1118 1086 1148; x_wconf 90' lang='lat' dir='ltr'>tioni</span> <span class='ocrx_word' id='word_1_366' title='bbox 1101 1117 1232 1156; x_wconf 82' lang='lat' dir='ltr'>faveas3</span> <span class='ocrx_word' id='word_1_367' title='bbox 1248 1119 1301 1149; x_wconf 90' lang='lat' dir='ltr'>vel</span> <span class='ocrx_word' id='word_1_368' title='bbox 1312 1118 1711 1159; x_wconf 76' lang='lat' dir='ltr'>A11g11stns,siMausolei</span> 
     </span>
     <span class='ocr_line' id='line_1_70' title="bbox 1000 1167 1710 1211; baseline 0.004 -13"><span class='ocrx_word' id='word_1_369' title='bbox 1000 1168 1043 1199; x_wconf 92' lang='lat' dir='ltr'>D.</span> <span class='ocrx_word' id='word_1_370' title='bbox 1061 1167 1207 1208; x_wconf 81' lang='lat' dir='ltr'>Augusti</span> <span class='ocrx_word' id='word_1_371' title='bbox 1236 1169 1365 1200; x_wconf 87' lang='lat' dir='ltr'>tholum</span> <span class='ocrx_word' id='word_1_372' title='bbox 1393 1179 1469 1201; x_wconf 79' lang='lat' dir='ltr'>esse</span> <span class='ocrx_word' id='word_1_373' title='bbox 1499 1171 1656 1211; x_wconf 87' lang='lat' dir='ltr'>placeat:</span> <span class='ocrx_word' id='word_1_374' title='bbox 1681 1171 1710 1201; x_wconf 86' lang='lat' dir='ltr'>si</span> 
     </span>
     <span class='ocr_line' id='line_1_71' title="bbox 1001 1218 1709 1252; baseline 0.006 -4"><span class='ocrx_word' id='word_1_375' title='bbox 1001 1218 1088 1249; x_wconf 90' lang='lat' dir='ltr'>enim</span> <span class='ocrx_word' id='word_1_376' title='bbox 1107 1219 1163 1249; x_wconf 88' lang='lat' dir='ltr'>ille</span> <span class='ocrx_word' id='word_1_377' title='bbox 1188 1219 1221 1249; x_wconf 88' lang='lat' dir='ltr'>in</span> <span class='ocrx_word' id='word_1_378' title='bbox 1239 1219 1322 1249; x_wconf 89' lang='lat' dir='ltr'>vivis</span> <span class='ocrx_word' id='word_1_379' title='bbox 1342 1221 1435 1251; x_wconf 86' lang='lat' dir='ltr'>Deus</span> <span class='ocrx_word' id='word_1_380' title='bbox 1451 1221 1585 1252; x_wconf 85' lang='lat' dir='ltr'>habitus</span> <span class='ocrx_word' id='word_1_381' title='bbox 1608 1222 1709 1252; x_wconf 89' lang='lat' dir='ltr'>morti</span> 
     </span>
     <span class='ocr_line' id='line_1_72' title="bbox 1001 1270 1567 1311; baseline 0.004 -11"><span class='ocrx_word' id='word_1_382' title='bbox 1001 1270 1117 1309; x_wconf 87' lang='lat' dir='ltr'>cessit,</span> <span class='ocrx_word' id='word_1_383' title='bbox 1134 1275 1170 1300; x_wconf 90' lang='lat' dir='ltr'>tu</span> <span class='ocrx_word' id='word_1_384' title='bbox 1183 1280 1395 1311; x_wconf 82' lang='lat' dir='ltr'>nequaqnam</span> <span class='ocrx_word' id='word_1_385' title='bbox 1413 1270 1567 1311; x_wconf 79' lang='lat' dir='ltr'>effugies.</span> 
     </span>
    </p>

    <p class='ocr_par' dir='ltr' id='par_1_8' title="bbox 1003 1321 1712 1659">
     <span class='ocr_line' id='line_1_73' title="bbox 1045 1321 1709 1362; baseline 0.005 -12"><span class='ocrx_word' id='word_1_386' title='bbox 1045 1321 1148 1350; x_wconf 72' lang='lat' dir='ltr'>Eme.</span> <span class='ocrx_word' id='word_1_387' title='bbox 1165 1329 1223 1351; x_wconf 77' lang='lat' dir='ltr'>Lx.</span> <span class='ocrx_word' id='word_1_388' title='bbox 1250 1323 1265 1350; x_wconf 97' lang='grc'><strong>1</strong></span> <span class='ocrx_word' id='word_1_389' title='bbox 1291 1321 1418 1351; x_wconf 72' lang='lat' dir='ltr'>Armati</span> <span class='ocrx_word' id='word_1_390' title='bbox 1434 1322 1568 1362; x_wconf 80' lang='lat' dir='ltr'>tribuni]</span> <span class='ocrx_word' id='word_1_391' title='bbox 1584 1323 1709 1353; x_wconf 85' lang='lat' dir='ltr'>Monet</span> 
     </span>
     <span class='ocr_line' id='line_1_74' title="bbox 1006 1370 1709 1412; baseline 0.003 -10"><span class='ocrx_word' id='word_1_392' title='bbox 1006 1370 1142 1412; x_wconf 84' lang='lat' dir='ltr'>Hyllum</span> <span class='ocrx_word' id='word_1_393' title='bbox 1158 1381 1310 1411; x_wconf 88' lang='lat' dir='ltr'>puerum,</span> <span class='ocrx_word' id='word_1_394' title='bbox 1324 1377 1360 1402; x_wconf 89' lang='lat' dir='ltr'>ut</span> <span class='ocrx_word' id='word_1_395' title='bbox 1373 1372 1528 1403; x_wconf 82' lang='lat' dir='ltr'>discedat</span> <span class='ocrx_word' id='word_1_396' title='bbox 1545 1373 1586 1404; x_wconf 87' lang='lat' dir='ltr'>ab</span> <span class='ocrx_word' id='word_1_397' title='bbox 1603 1383 1709 1404; x_wconf 88' lang='lat' dir='ltr'>uxore</span> 
     </span>
     <span class='ocr_line' id='line_1_75' title="bbox 1003 1425 1709 1465; baseline 0.006 -11"><span class='ocrx_word' id='word_1_398' title='bbox 1003 1425 1124 1455; x_wconf 86' lang='lat' dir='ltr'>armati</span> <span class='ocrx_word' id='word_1_399' title='bbox 1140 1425 1296 1465; x_wconf 77' lang='lat' dir='ltr'>Tribuni,</span> <span class='ocrx_word' id='word_1_400' title='bbox 1312 1435 1373 1457; x_wconf 84' lang='lat' dir='ltr'>nec</span> <span class='ocrx_word' id='word_1_401' title='bbox 1387 1426 1522 1457; x_wconf 78' lang='lat' dir='ltr'>natibus</span> <span class='ocrx_word' id='word_1_402' title='bbox 1538 1426 1709 1465; x_wconf 88' lang='lat' dir='ltr'>confidat;</span> 
     </span>
     <span class='ocr_line' id='line_1_76' title="bbox 1006 1476 1711 1516; baseline 0.004 -12"><span class='ocrx_word' id='word_1_403' title='bbox 1006 1484 1083 1504; x_wconf 80' lang='lat' dir='ltr'>nani</span> <span class='ocrx_word' id='word_1_404' title='bbox 1112 1476 1268 1516; x_wconf 81' lang='lat' dir='ltr'>quamvis</span> <span class='ocrx_word' id='word_1_405' title='bbox 1292 1477 1434 1507; x_wconf 84' lang='lat' dir='ltr'>castrari</span> <span class='ocrx_word' id='word_1_406' title='bbox 1460 1486 1568 1507; x_wconf 81' lang='lat' dir='ltr'>mares</span> <span class='ocrx_word' id='word_1_407' title='bbox 1586 1477 1711 1508; x_wconf 85' lang='lat' dir='ltr'>vetuis-</span> 
     </span>
     <span class='ocr_line' id='line_1_77' title="bbox 1005 1526 1712 1566; baseline 0.003 -10"><span class='ocrx_word' id='word_1_408' title='bbox 1005 1532 1058 1556; x_wconf 87' lang='lat' dir='ltr'>set</span> <span class='ocrx_word' id='word_1_409' title='bbox 1091 1526 1318 1566; x_wconf 86' lang='lat' dir='ltr'>Domitianus,</span> <span class='ocrx_word' id='word_1_410' title='bbox 1350 1532 1507 1558; x_wconf 79' lang='lat' dir='ltr'>vetuerat</span> <span class='ocrx_word' id='word_1_411' title='bbox 1537 1528 1639 1558; x_wconf 89' lang='lat' dir='ltr'>etiam</span> <span class='ocrx_word' id='word_1_412' title='bbox 1677 1532 1712 1558; x_wconf 83' lang='lat' dir='ltr'>et</span> 
     </span>
     <span class='ocr_line' id='line_1_78' title="bbox 1006 1575 1710 1617; baseline 0.004 -12"><span class='ocrx_word' id='word_1_413' title='bbox 1006 1575 1187 1607; x_wconf 87' lang='lat' dir='ltr'>adulteria.</span> <span class='ocrx_word' id='word_1_414' title='bbox 1206 1578 1360 1608; x_wconf 78' lang='lat' dir='ltr'>Ramires.</span> <span class='ocrx_word' id='word_1_415' title='bbox 1402 1577 1544 1617; x_wconf 74' lang='lat' dir='ltr'>Armati]</span> <span class='ocrx_word' id='word_1_416' title='bbox 1567 1577 1710 1609; x_wconf 84' lang='lat' dir='ltr'>Tribuni</span> 
     </span>
     <span class='ocr_line' id='line_1_79' title="bbox 1005 1626 1172 1659; baseline 0 -3"><span class='ocrx_word' id='word_1_417' title='bbox 1005 1626 1172 1659; x_wconf 77' lang='lat' dir='ltr'>militaris.</span> 
     </span>
    </p>

    <p class='ocr_par' dir='ltr' id='par_1_9' title="bbox 1003 1678 1710 1863">
     <span class='ocr_line' id='line_1_80' title="bbox 1047 1678 1710 1718; baseline 0.003 -10"><span class='ocrx_word' id='word_1_418' title='bbox 1047 1681 1066 1708; x_wconf 82' lang='lat'><strong>3</strong></span> <span class='ocrx_word' id='word_1_419' title='bbox 1094 1678 1177 1708; x_wconf 84' lang='lat' dir='ltr'>Dum</span> <span class='ocrx_word' id='word_1_420' title='bbox 1192 1678 1287 1718; x_wconf 79' lang='lat' dir='ltr'>ludis]</span> <span class='ocrx_word' id='word_1_421' title='bbox 1317 1679 1404 1709; x_wconf 87' lang='lat' dir='ltr'>Dum</span> <span class='ocrx_word' id='word_1_422' title='bbox 1417 1679 1606 1710; x_wconf 82' lang='lat' dir='ltr'>moecliaris.</span> <span class='ocrx_word' id='word_1_423' title='bbox 1633 1679 1710 1710; x_wconf 84' lang='lat' dir='ltr'>Cas-</span> 
     </span>
     <span class='ocr_line' id='line_1_81' title="bbox 1003 1730 1710 1772; baseline 0.003 -12"><span class='ocrx_word' id='word_1_424' title='bbox 1003 1730 1139 1771; x_wconf 74' lang='lat' dir='ltr'>trabere]</span> <span class='ocrx_word' id='word_1_425' title='bbox 1165 1731 1322 1772; x_wconf 85' lang='lat' dir='ltr'>Namque</span> <span class='ocrx_word' id='word_1_426' title='bbox 1338 1732 1410 1763; x_wconf 60' lang='lat' dir='ltr'>llaec</span> <span class='ocrx_word' id='word_1_427' title='bbox 1429 1741 1527 1772; x_wconf 85' lang='lat' dir='ltr'>poena</span> <span class='ocrx_word' id='word_1_428' title='bbox 1544 1731 1710 1763; x_wconf 83' lang='lat' dir='ltr'>adulteris</span> 
     </span>
     <span class='ocr_line' id='line_1_82' title="bbox 1003 1781 1708 1822; baseline 0.003 -11"><span class='ocrx_word' id='word_1_429' title='bbox 1003 1781 1224 1821; x_wconf 81' lang='lat' dir='ltr'>deprehensis</span> <span class='ocrx_word' id='word_1_430' title='bbox 1241 1783 1402 1822; x_wconf 81' lang='lat' dir='ltr'>irrogata.</span> <span class='ocrx_word' id='word_1_431' title='bbox 1427 1783 1505 1812; x_wconf 79' lang='lat' dir='ltr'>Val.</span> <span class='ocrx_word' id='word_1_432' title='bbox 1522 1783 1616 1814; x_wconf 78' lang='lat' dir='ltr'>Max.</span> <span class='ocrx_word' id='word_1_433' title='bbox 1640 1783 1660 1813; x_wconf 94' lang='lat' dir='ltr'>l.</span> <span class='ocrx_word' id='word_1_434' title='bbox 1676 1785 1708 1814; x_wconf 82' lang='grc'><strong>6.</strong></span> 
     </span>
     <span class='ocr_line' id='line_1_83' title="bbox 1003 1830 1439 1863; baseline 0.009 -4"><span class='ocrx_word' id='word_1_435' title='bbox 1003 1840 1031 1860; x_wconf 90' lang='lat' dir='ltr'>c.</span> <span class='ocrx_word' id='word_1_436' title='bbox 1049 1833 1078 1860; x_wconf 93' lang='lat'>1.</span> <span class='ocrx_word' id='word_1_437' title='bbox 1097 1830 1220 1861; x_wconf 87' lang='lat' dir='ltr'>Horat.</span> <span class='ocrx_word' id='word_1_438' title='bbox 1236 1831 1344 1862; x_wconf 86' lang='lat' dir='ltr'>Serm.</span> <span class='ocrx_word' id='word_1_439' title='bbox 1364 1835 1392 1862; x_wconf 91' lang='grc'><strong>1.</strong></span> <span class='ocrx_word' id='word_1_440' title='bbox 1409 1835 1439 1863; x_wconf 83' lang='grc'><strong>2.</strong></span> 
     </span>
    </p>

    <p class='ocr_par' dir='ltr' id='par_1_10' title="bbox 1003 1881 1709 2121">
     <span class='ocr_line' id='line_1_84' title="bbox 1045 1881 1709 1921; baseline 0.008 -11"><span class='ocrx_word' id='word_1_441' title='bbox 1045 1884 1064 1910; x_wconf 81' lang='grc'>4</span> <span class='ocrx_word' id='word_1_442' title='bbox 1091 1881 1164 1911; x_wconf 83' lang='lat' dir='ltr'>Non</span> <span class='ocrx_word' id='word_1_443' title='bbox 1188 1881 1259 1912; x_wconf 81' lang='lat' dir='ltr'>licet</span> <span class='ocrx_word' id='word_1_444' title='bbox 1285 1881 1354 1921; x_wconf 81' lang='lat' dir='ltr'>hoc]</span> <span class='ocrx_word' id='word_1_445' title='bbox 1379 1883 1470 1921; x_wconf 80' lang='lat' dir='ltr'>Lege</span> <span class='ocrx_word' id='word_1_446' title='bbox 1497 1889 1634 1914; x_wconf 86' lang='lat' dir='ltr'>cautum</span> <span class='ocrx_word' id='word_1_447' title='bbox 1655 1889 1709 1915; x_wconf 87' lang='lat' dir='ltr'>est</span> 
     </span>
     <span class='ocr_line' id='line_1_85' title="bbox 1004 1931 1707 1972; baseline 0.007 -12"><span class='ocrx_word' id='word_1_448' title='bbox 1004 1940 1114 1961; x_wconf 83' lang='lat' dir='ltr'>mares</span> <span class='ocrx_word' id='word_1_449' title='bbox 1139 1931 1293 1962; x_wconf 85' lang='lat' dir='ltr'>castrari.</span> <span class='ocrx_word' id='word_1_450' title='bbox 1316 1931 1457 1963; x_wconf 78' lang='lat' dir='ltr'>Sueten.</span> <span class='ocrx_word' id='word_1_451' title='bbox 1481 1942 1556 1972; x_wconf 83' lang='lat' dir='ltr'>cap.</span> <span class='ocrx_word' id='word_1_452' title='bbox 1581 1936 1612 1964; x_wconf 78' lang='lat'>7.</span> <span class='ocrx_word' id='word_1_453' title='bbox 1640 1934 1707 1965; x_wconf 92' lang='lat' dir='ltr'>Do-</span> 
     </span>
     <span class='ocr_line' id='line_1_86' title="bbox 1003 1981 1709 2024; baseline 0.006 -13"><span class='ocrx_word' id='word_1_454' title='bbox 1003 1981 1134 2012; x_wconf 86' lang='lat' dir='ltr'>mitian.</span> <span class='ocrx_word' id='word_1_455' title='bbox 1182 1982 1278 2020; x_wconf 75' lang='lat' dir='ltr'>Qzu&#39;a&#39;,</span> <span class='ocrx_word' id='word_1_456' title='bbox 1304 1982 1371 2022; x_wconf 53' lang='lat' dir='ltr'>Sym]</span> <span class='ocrx_word' id='word_1_457' title='bbox 1397 1982 1449 2012; x_wconf 78' lang='lat' dir='ltr'>An</span> <span class='ocrx_word' id='word_1_458' title='bbox 1473 1983 1588 2024; x_wconf 89' lang='lat' dir='ltr'>itaque</span> <span class='ocrx_word' id='word_1_459' title='bbox 1615 1985 1709 2015; x_wconf 80' lang='lat' dir='ltr'>nulla</span> 
     </span>
     <span class='ocr_line' id='line_1_87' title="bbox 1005 2033 1708 2074; baseline 0.007 -13"><span class='ocrx_word' id='word_1_460' title='bbox 1005 2042 1104 2072; x_wconf 87' lang='lat' dir='ltr'>poena</span> <span class='ocrx_word' id='word_1_461' title='bbox 1119 2033 1240 2062; x_wconf 80' lang='lat' dir='ltr'>moeclii</span> <span class='ocrx_word' id='word_1_462' title='bbox 1257 2033 1469 2063; x_wconf 82' lang='lat' dir='ltr'>mulctandi?</span> <span class='ocrx_word' id='word_1_463' title='bbox 1494 2039 1529 2064; x_wconf 89' lang='lat' dir='ltr'>et</span> <span class='ocrx_word' id='word_1_464' title='bbox 1545 2035 1618 2074; x_wconf 86' lang='lat' dir='ltr'>ipse</span> <span class='ocrx_word' id='word_1_465' title='bbox 1636 2035 1708 2066; x_wconf 91' lang='lat' dir='ltr'>Do-</span> 
     </span>
     <span class='ocr_line' id='line_1_88' title="bbox 1004 2081 1709 2121; baseline 0.009 -10"><span class='ocrx_word' id='word_1_466' title='bbox 1004 2081 1161 2112; x_wconf 85' lang='lat' dir='ltr'>mitianus</span> <span class='ocrx_word' id='word_1_467' title='bbox 1177 2082 1257 2112; x_wconf 86' lang='lat' dir='ltr'>tulit</span> <span class='ocrx_word' id='word_1_468' title='bbox 1269 2082 1377 2121; x_wconf 85' lang='lat' dir='ltr'>legem</span> <span class='ocrx_word' id='word_1_469' title='bbox 1390 2088 1509 2113; x_wconf 85' lang='lat' dir='ltr'>contra</span> <span class='ocrx_word' id='word_1_470' title='bbox 1526 2084 1709 2117; x_wconf 86' lang='lat' dir='ltr'>adulteros.</span> 
     </span>
    </p>

    <p class='ocr_par' dir='ltr' id='par_1_11' title="bbox 1001 2132 1707 2577">
     <span class='ocr_line' id='line_1_89' title="bbox 1047 2132 1707 2174; baseline 0.006 -12"><span class='ocrx_word' id='word_1_471' title='bbox 1047 2132 1154 2162; x_wconf 73' lang='lat' dir='ltr'>Eme.</span> <span class='ocrx_word' id='word_1_472' title='bbox 1172 2140 1247 2162; x_wconf 72' lang='lat' dir='ltr'>th.</span> <span class='ocrx_word' id='word_1_473' title='bbox 1274 2135 1289 2162; x_wconf 94' lang='grc'><strong>1</strong></span> <span class='ocrx_word' id='word_1_474' title='bbox 1311 2133 1548 2174; x_wconf 70' lang='lat' dir='ltr'>Cunzcz&#39;bz&#39;,55c.]</span> <span class='ocrx_word' id='word_1_475' title='bbox 1571 2134 1707 2166; x_wconf 81' lang='lat' dir='ltr'>Acerbe</span> 
     </span>
     <span class='ocr_line' id='line_1_90' title="bbox 1003 2181 1706 2225; baseline 0.009 -14"><span class='ocrx_word' id='word_1_476' title='bbox 1003 2181 1175 2212; x_wconf 82' lang='lat' dir='ltr'>invehitur</span> <span class='ocrx_word' id='word_1_477' title='bbox 1204 2183 1238 2212; x_wconf 90' lang='lat' dir='ltr'>in</span> <span class='ocrx_word' id='word_1_478' title='bbox 1269 2183 1472 2214; x_wconf 87' lang='lat' dir='ltr'>maledicum</span> <span class='ocrx_word' id='word_1_479' title='bbox 1503 2186 1706 2225; x_wconf 83' lang='lat' dir='ltr'>quemdam;</span> 
     </span>
     <span class='ocr_line' id='line_1_91' title="bbox 1002 2232 1707 2275; baseline 0.01 -14"><span class='ocrx_word' id='word_1_480' title='bbox 1002 2232 1058 2273; x_wconf 90' lang='lat' dir='ltr'>qui</span> <span class='ocrx_word' id='word_1_481' title='bbox 1075 2242 1175 2272; x_wconf 88' lang='lat' dir='ltr'>quum</span> <span class='ocrx_word' id='word_1_482' title='bbox 1193 2237 1294 2263; x_wconf 84' lang='lat' dir='ltr'>autea</span> <span class='ocrx_word' id='word_1_483' title='bbox 1314 2232 1448 2264; x_wconf 84' lang='lat' dir='ltr'>fellator</span> <span class='ocrx_word' id='word_1_484' title='bbox 1463 2241 1566 2275; x_wconf 87' lang='lat' dir='ltr'>esset,</span> <span class='ocrx_word' id='word_1_485' title='bbox 1581 2236 1707 2268; x_wconf 85' lang='lat' dir='ltr'>deinde</span> 
     </span>
     <span class='ocr_line' id='line_1_92' title="bbox 1002 2282 1707 2320; baseline 0.009 -8"><span class='ocrx_word' id='word_1_486' title='bbox 1002 2283 1241 2313; x_wconf 84' lang='lat' dir='ltr'>maledicentia</span> <span class='ocrx_word' id='word_1_487' title='bbox 1266 2282 1409 2315; x_wconf 80' lang='lat' dir='ltr'>famosus</span> <span class='ocrx_word' id='word_1_488' title='bbox 1439 2284 1550 2317; x_wconf 77' lang='lat' dir='ltr'>fuctus</span> <span class='ocrx_word' id='word_1_489' title='bbox 1577 2286 1707 2320; x_wconf 85' lang='lat' dir='ltr'>fuerat.</span> 
     </span>
     <span class='ocr_line' id='line_1_93' title="bbox 1003 2333 1706 2373; baseline 0.009 -11"><span class='ocrx_word' id='word_1_490' title='bbox 1003 2333 1072 2363; x_wconf 91' lang='lat' dir='ltr'>Pro</span> <span class='ocrx_word' id='word_1_491' title='bbox 1093 2333 1185 2363; x_wconf 82' lang='lat' dir='ltr'>dubia</span> <span class='ocrx_word' id='word_1_492' title='bbox 1209 2334 1293 2373; x_wconf 84' lang='lat' dir='ltr'>legit</span> <span class='ocrx_word' id='word_1_493' title='bbox 1321 2333 1476 2366; x_wconf 84' lang='lat' dir='ltr'>Pulmau.</span> <span class='ocrx_word' id='word_1_494' title='bbox 1501 2340 1618 2368; x_wconf 76' lang='lat' dir='ltr'>tenera.</span> <span class='ocrx_word' id='word_1_495' title='bbox 1645 2338 1706 2368; x_wconf 85' lang='lat' dir='ltr'>sed</span> 
     </span>
     <span class='ocr_line' id='line_1_94' title="bbox 1001 2383 1706 2424; baseline 0.009 -11"><span class='ocrx_word' id='word_1_496' title='bbox 1001 2384 1094 2414; x_wconf 72' lang='lat' dir='ltr'>dubia</span> <span class='ocrx_word' id='word_1_497' title='bbox 1111 2383 1343 2424; x_wconf 83' lang='lat' dir='ltr'>praeferimus:</span> <span class='ocrx_word' id='word_1_498' title='bbox 1369 2395 1446 2416; x_wconf 91' lang='lat' dir='ltr'>nam</span> <span class='ocrx_word' id='word_1_499' title='bbox 1471 2387 1597 2418; x_wconf 74' lang='lat' dir='ltr'>dubium</span> <span class='ocrx_word' id='word_1_500' title='bbox 1621 2388 1706 2420; x_wconf 87' lang='lat' dir='ltr'>illud</span> 
     </span>
     <span class='ocr_line' id='line_1_95' title="bbox 1001 2435 1702 2478; baseline 0.006 -13"><span class='ocrx_word' id='word_1_501' title='bbox 1001 2435 1139 2473; x_wconf 77' lang='lat' dir='ltr'>dicitur,</span> <span class='ocrx_word' id='word_1_502' title='bbox 1170 2435 1259 2475; x_wconf 85' lang='lat' dir='ltr'>quod</span> <span class='ocrx_word' id='word_1_503' title='bbox 1287 2444 1347 2465; x_wconf 88' lang='lat' dir='ltr'>nos</span> <span class='ocrx_word' id='word_1_504' title='bbox 1378 2436 1494 2467; x_wconf 82' lang='lat' dir='ltr'>reddit</span> <span class='ocrx_word' id='word_1_505' title='bbox 1525 2438 1702 2478; x_wconf 84' lang='lat' dir='ltr'>ancipites.</span> 
     </span>
     <span class='ocr_line' id='line_1_96' title="bbox 1002 2485 1702 2528; baseline 0.006 -13"><span class='ocrx_word' id='word_1_506' title='bbox 1002 2485 1055 2515; x_wconf 81' lang='lat' dir='ltr'>Sic</span> <span class='ocrx_word' id='word_1_507' title='bbox 1072 2485 1167 2516; x_wconf 72' lang='lat' dir='ltr'>dubia</span> <span class='ocrx_word' id='word_1_508' title='bbox 1180 2486 1293 2524; x_wconf 74' lang='lat' dir='ltr'>lanugo</span> <span class='ocrx_word' id='word_1_509' title='bbox 1307 2495 1348 2515; x_wconf 86' lang='lat' dir='ltr'>ea</span> <span class='ocrx_word' id='word_1_510' title='bbox 1360 2491 1423 2525; x_wconf 87' lang='lat' dir='ltr'>est,</span> <span class='ocrx_word' id='word_1_511' title='bbox 1440 2498 1513 2528; x_wconf 65' lang='lat' dir='ltr'>quae</span> <span class='ocrx_word' id='word_1_512' title='bbox 1528 2488 1581 2518; x_wconf 69' lang='lat' dir='ltr'>vix</span> <span class='ocrx_word' id='word_1_513' title='bbox 1598 2489 1702 2519; x_wconf 87' lang='lat' dir='ltr'>oculis</span> 
     </span>
     <span class='ocr_line' id='line_1_97' title="bbox 1001 2537 1381 2577; baseline 0.003 -11"><span class='ocrx_word' id='word_1_514' title='bbox 1001 2537 1200 2577; x_wconf 83' lang='lat' dir='ltr'>percipitur.</span> <span class='ocrx_word' id='word_1_515' title='bbox 1226 2537 1381 2567; x_wconf 63' lang='lat' dir='ltr'>Itamires.</span> 
     </span>
    </p>

    <p class='ocr_par' dir='ltr' id='par_1_12' title="bbox 998 2589 1705 2733">
     <span class='ocr_line' id='line_1_98' title="bbox 1043 2589 1705 2631; baseline 0.008 -13"><span class='ocrx_word' id='word_1_516' title='bbox 1043 2591 1060 2618; x_wconf 83' lang='lat'><strong>3</strong></span> <span class='ocrx_word' id='word_1_517' title='bbox 1087 2589 1347 2630; x_wconf 42' lang='lat' dir='ltr'>Postquainssqu</span> <span class='ocrx_word' id='word_1_518' title='bbox 1373 2590 1553 2631; x_wconf 83' lang='lat' dir='ltr'>Postquam</span> <span class='ocrx_word' id='word_1_519' title='bbox 1570 2592 1635 2623; x_wconf 85' lang='lat' dir='ltr'>oris</span> <span class='ocrx_word' id='word_1_520' title='bbox 1654 2592 1705 2623; x_wconf 88' lang='lat' dir='ltr'>tui</span> 
     </span>
     <span class='ocr_line' id='line_1_99' title="bbox 1000 2639 1701 2682; baseline 0.006 -13"><span class='ocrx_word' id='word_1_521' title='bbox 1000 2639 1206 2678; x_wconf 79' lang='lat' dir='ltr'>spurcissimi</span> <span class='ocrx_word' id='word_1_522' title='bbox 1234 2646 1334 2679; x_wconf 78' lang='lat' dir='ltr'>turpe</span> <span class='ocrx_word' id='word_1_523' title='bbox 1359 2641 1582 2672; x_wconf 74' lang='lat' dir='ltr'>ministerium</span> <span class='ocrx_word' id='word_1_524' title='bbox 1597 2644 1701 2682; x_wconf 71' lang='lat' dir='ltr'>coepit</span> 
     </span>
     <span class='ocr_line' id='line_1_100' title="bbox 998 2688 1701 2733; baseline 0.006 -13"><span class='ocrx_word' id='word_1_525' title='bbox 998 2688 1145 2721; x_wconf 81' lang='lat' dir='ltr'>fastidiri</span> <span class='ocrx_word' id='word_1_526' title='bbox 1162 2690 1204 2721; x_wconf 86' lang='lat' dir='ltr'>ab</span> <span class='ocrx_word' id='word_1_527' title='bbox 1222 2690 1343 2721; x_wconf 84' lang='lat' dir='ltr'>infimis</span> <span class='ocrx_word' id='word_1_528' title='bbox 1359 2690 1560 2732; x_wconf 80' lang='lat' dir='ltr'>hominibus,</span> <span class='ocrx_word' id='word_1_529' title='bbox 1579 2693 1701 2733; x_wconf 84' lang='lat' dir='ltr'>vespil-</span> 
     </span>
    </p>
   </div>
  </div>
 </body>
</html>
