1866 3131
240 186 353 228 1324

289 295 309 323 4
346 293 494 333 Uniones]
525 292 748 333 MargaritaS,
779 302 940 334 gemmas.

239 344 308 375 Per
321 353 361 375 ea
375 354 467 383 vero,
483 355 558 385 quae
576 344 639 375 sibi
656 345 853 376 charissima
870 344 941 376 fue-

242 400 332 433 runt,
351 395 518 435 jurabant
535 397 691 427 Veteres.

283 449 322 477 10
351 447 436 477 Eheu
449 457 551 487 quam,
564 447 635 487 ξω]
654 447 684 478 Ο
701 447 828 478 utinam
845 447 940 478 unio·

241 507 301 527 nes
319 497 378 528 hos
395 497 603 529 subduceret
632 498 766 538 piceata
782 497 864 528 furis
879 498 938 528 ali-

237 547 347 587 cujus,
361 548 470 588 qualis
484 547 550 580 fuit
563 548 626 579 An.
641 550 941 587 SerenusmianuS,

238 603 276 628 ut
293 599 407 628 statim
435 604 625 630 moreretur
641 600 756 631 Gellia
773 609 834 630 usu
861 601 939 630 vitae

237 647 388 687 indigna,
421 650 474 680 vel
502 650 544 680 ob
573 650 648 689 hoc,
691 650 780 691 quod
811 650 942 680 nesciat

239 699 321 739 quid
347 700 380 730 in
408 702 477 731 vita
492 701 535 731 sit
559 701 751 732 amandum.
806 700 941 740 Argnte

240 759 322 790 ergo
350 751 397 781 ait
414 750 525 781 Poeta
557 761 630 781 earn
658 751 792 790 diguam
817 755 940 789 morte,

238 810 314 841 quae
332 810 480 841 gemmas
498 802 572 841 plns
603 801 692 840 Diis,
717 802 791 840 plns
809 800 879 831 suis
904 800 940 830 li-

238 851 341 891 beris,
373 853 447 892 plus
477 862 534 882 sua
562 853 633 882 vita
662 857 697 882 et
723 861 758 882 se
777 851 852 892 ipsa
869 851 943 882 dili·

241 906 312 941 gat.

284 952 390 982 Eme.
419 960 562 983 Lxxxn.
611 951 744 983 Laudat
776 951 943 982 Domitia-

238 1012 331 1040 num,
357 1003 446 1044 quod
473 1002 589 1034 faveat
620 1003 754 1043 poetis‘3
778 1013 839 1033 nec
856 1013 943 1033 sum-

238 1053 300 1083 mis
317 1059 351 1083 et
368 1055 474 1093 epicis
495 1055 708 1094 tantunl,sed
723 1057 941 1095 epigramma-

241 1104 337 1134 tariis
354 1105 470 1134 etiam.
757 1116 761 1120 ’

282 1158 296 1185 l
335 1156 486 1191 Qaerulos
512 1156 643 1197 libellos]
685 1157 833 1188 Libellos
861 1167 939 1198 sup-

236 1205 356 1245 plices.

279 1259 299 1286 2
325 1256 393 1286 Nos
415 1265 538 1296 quoqne,
567 1258 634 1297 qui]
658 1257 739 1295 Alii,
756 1259 845 1298 quod.
893 1258 939 1288 Ut

238 1307 309 1337 scil.
325 1308 448 1347 populo
464 1308 546 1338 licet
576 1318 695 1348 preces
721 1307 881 1346 fundere,
905 1313 941 1338 et

237 1356 372 1387 libellos
386 1358 555 1397 supplices
573 1359 635 1389 tibi
648 1357 792 1395 offerre3
819 1359 866 1389 ita
884 1368 941 1388 no-

239 1407 289 1437 bis
318 1407 440 1448 poetis,
466 1418 485 1438 o
519 1411 646 1447 Caesar,
675 1410 757 1440 licet
786 1409 943 1440 Carmina

237 1457 411 1496 porrigere
431 1463 465 1487 et
491 1458 663 1489 dedicare.
711 1460 859 1490 Carmina
874 1468 944 1498 μαι·-

236 1506 288 1546 va]
325 1508 594 1548 Epigrammata.
640 1510 704 1539 Vel
732 1519 806 1550 quae
838 1515 942 1540 mate·

239 1557 323 1587 riam
343 1568 406 1588 non
430 1559 595 1590 illustrem
612 1561 901 1600 complectuntur.

281 1611 299 1639 3
325 1608 442 1648 Deum]
465 1610 525 1648 Te,
559 1611 689 1641 Domit.
736 1611 944 1651 Epigramm.

243 1662 275 1690 S.
302 1659 360 1690 lib.
378 1663 409 1689 5.
432 1669 516 1690 vers.
536 1663 562 1691 l.
588 1660 692 1691 Rebus
713 1660 848 1700 pariter]
875 1661 943 1691 Ad-

240 1710 482 1740 ministrationi
518 1711 617 1751 Reip.
653 1718 687 1741 et
712 1712 802 1742 orbis
840 1718 944 1742 terra.-

240 1770 325 1791 rum.
373 1761 546 1801 Musisque,
565 1761 635 1802 Qu]
659 1762 802 1801 Studiis,
825 1762 942 1801 literis,

244 1811 472 1842 Carminibus.

280 1865 297 1891 5
327 1861 420 1901 Tuos,
441 1861 509 1902 ξω]
531 1862 587 1892 Sic
621 1863 767 1894 Quintil.
798 1863 855 1893 lib.
893 1866 941 1894 10.

706 197 847 228 NOTAE
882 198 1142 228 VARIORUM
1178 198 1227 228 ΙΝ

994 302 1067 333 cap.
1100 296 1130 324 1.

994 346 1060 374 &c-

1036 397 1054 424 7
1080 395 1153 425 Non
1177 403 1319 434 quercus,
1342 393 1410 433 Sym]
1443 394 1522 425 Non
1552 403 1696 434 quercus

995 445 1066 475 sola
1087 451 1134 485 te,
1151 455 1170 476 ο
1190 445 1394 485 Imperator,
1418 445 1532 485 decet,
1546 454 1611 476 non
1628 445 1698 476 lau-

996 506 1066 533 rus,
1089 496 1133 527 ob
1170 501 1323 527 servatos
1353 497 1446 527 cives
1477 496 1699 537 devictosque

995 546 1136 585 hostes-3
1171 546 1229 576 sed
1266 551 1302 578 et
1337 547 1485 586 hederae,
1520 547 1698 578 doctarum

997 597 1137 637 praemia
1162 596 1337 637 frontinm,
1365 597 1427 628 tibi
1444 597 1554 638 po’etae
1573 597 1699 639 poetis-

996 659 1060 690 que
1095 648 1228 681 faventi
1260 649 1452 688 debentur-3
1500 651 1549 681 sic
1577 648 1701 680 affatur

996 699 1189 739 Augustum
1220 701 1340 740 virgil.
1369 701 1487 740 Eclog.
1517 703 1549 730 8.
1573 700 1700 731 ‘Hanc

995 750 1067 781 sine
1092 757 1244 791 tempora
1265 752 1393 782 circum
1422 751 1518 782 Inter
1534 751 1697 782 victrices

997 799 1133 831 ederam
1152 801 1211 831 tibi
1226 810 1363 841 serpere
1380 801 1517 832 lauros)
1542 801 1701 832 Poneba-

999 854 1054 880 tur
1077 850 1164 880 enim
1183 860 1309 890 querna
1321 852 1580 890 corona,civica
1596 852 1703 891 dieta,

998 900 1032 930 in
1056 900 1220 931 vestibulo
1253 901 1394 941 palatii:
1419 901 1531 931 laurus
1563 907 1640 932 ante
1663 902 1702 932 li-

998 951 1099 982 mina.
1147 951 1248 984 Quod
1287 953 1433 992 primum
1470 953 1502 982 in
1537 952 1700 983 honorem

999 1001 1148 1042 Augusti
1177 1002 1329 1033 factum:
1357 1002 1481 1033 deinde
1514 1007 1549 1033 et
1565 1002 1701 1033 caeteris

998 1053 1269 1093 Imperatoribus
1283 1053 1413 1084 datum.
1441 1054 1578 1085 Herald.

1039 1107 1057 1134 S
1084 1104 1159 1135 Fiat
1189 1108 1220 1134 et
1249 1115 1289 1135 ex
1317 1105 1424 1144 edera]
1461 1105 1507 1135 Et
1538 1114 1700 1135 coronam

997 1155 1167 1195 poeticam
1190 1155 1342 1194 mereris,
1366 1155 1418 1185 vel
1436 1156 1513 1195 quia
1530 1155 1602 1194 ipse
1621 1155 1702 1195 poe—

997 1206 1102 1244 ta‚ve1
1116 1205 1191 1246 quia
1205 1204 1298 1235 faves
1310 1205 1430 1246 poetis.
1448 1206 1572 1245 virgil.
1585 1206 1701 1245 Eclog.

994 1258 1026 1286 7.
1071 1256 1079 1272 ‘
1095 1256 1272 1295 Pastores,
1314 1256 1441 1286 hedera
1488 1260 1701 1286 crescentem

995 1312 1114 1338 ornate
1135 1306 1291 1347 poetam.⁷
1336 1308 1474 1337 Servius
1498 1307 1617 1346 poetas
1643 1307 1701 1336 he-

998 1358 1080 1388 dera
1097 1358 1252 1388 coronari
1271 1357 1366 1395 dicit,
1384 1357 1474 1397 quod
1500 1357 1588 1387 sacri
1617 1357 1704 1387 Bac-

998 1409 1075 1447 cho,
1105 1409 1158 1439 cui
1175 1408 1303 1439 hedera
1322 1418 1439 1446 sacra3
1472 1407 1562 1438 unde
1586 1413 1621 1440 et
1638 1408 1703 1448 ipsi

999 1461 1094 1490 velut
1112 1460 1258 1490 Bacchae
1271 1460 1418 1490 insanire
1432 1460 1610 1490 dicuntur:
1646 1459 1702 1489 vel

999 1511 1078 1551 quia
1089 1519 1221 1549 semper
1238 1509 1349 1540 virent
1367 1509 1502 1540 hederae
1517 1520 1525 1547 ;
1542 1510 1702 1550 quemad-

999 1560 1132 1590 modum
1151 1560 1309 1590 Carmina
1338 1561 1565 1590 arten-nitatem
1582 1565 1617 1590 et
1633 1570 1701 1591 rne-

1000 1616 1128 1648 rentur,
1151 1615 1186 1641 et
1215 1611 1287 1640 aliis
1309 1611 1455 1650 pariunt.
1504 1610 1612 1641 Civica
1636 1620 1704 1641 nos-

1000 1661 1066 1700 tra]
1094 1664 1178 1692 Quae
1207 1661 1303 1692 nobis
1335 1662 1465 1691 civibus
1496 1661 1561 1691 tuis
1588 1661 1701 1701 datur,

1000 1712 1058 1742 illa
1082 1713 1184 1742 etiam
1203 1718 1238 1742 te
1267 1712 1376 1742 decet.
1424 1711 1494 1742 Ant
1523 1712 1583 1743 fiat
1610 1722 1702 1743 coro-

999 1773 1042 1793 na
1069 1763 1143 1799 libi,
1175 1763 1380 1803 Imperator,
1409 1773 1448 1793 ex
1480 1763 1597 1803 edera,
1627 1764 1705 1804 qnia

1001 1814 1121 1853 poetas
1136 1815 1299 1843 minorum
1313 1816 1475 1854 gentium,
1489 1824 1547 1845 seu
1559 1815 1704 1845 minores

999 1864 1100 1894 etiam
1118 1874 1224 1904 amas,
1240 1873 1368 1902 servas,
1385 1872 1418 1895 et
1432 1875 1544 1896 ornas,
1570 1865 1652 1896 Raa.

1182 292 1308 324 ‘Amas
1338 291 1523 333 poeticam,
1552 292 1692 334 Caesar,'

518 2176 559 2222 E
570 2175 846 2224 PIGRAM
856 2177 913 2223 M
920 2177 1125 2224 ATUM
1166 2178 1307 2225 LIB.
1341 2179 1443 2226 IX.

285 2310 389 2342 Epic.
419 2319 443 2340 1.
485 2312 498 2340 l
531 2311 623 2350 Note,
652 2311 723 2342 licet
754 2312 845 2352 nolis]
884 2313 946 2343 Ut-

245 2371 380 2401 cunque
399 2362 499 2392 sciam
530 2367 690 2402 quantum
711 2364 865 2394 Carmine
891 2374 944 2394 va-

247 2413 332 2450 lem,
371 2418 565 2454 quantoque
604 2414 833 2445 sublimiorem
874 2414 945 2455 ipse

253 2463 422 2502 potuisses
453 2463 590 2502 imagini
627 2470 751 2495 nostrae
780 2465 946 2505 adjecisse

246 2514 526 2553 inscriptionem3
561 2514 732 2545 subscribe
764 2521 890 2554 tamen,
920 2516 947 2546 si

249 2565 373 2604 placet,
386 2565 447 2595 boc
465 2565 689 2596 tetrastichon
707 2567 841 2606 imagini
855 2577 950 2607 me‘ae,

249 2624 348 2653 qnam
377 2614 410 2645 iu
438 2614 678 2646 bibliothecam
712 2621 804 2648 tuam
830 2617 951 2648 admit-

256 2669 328 2694 tere
356 2664 518 2704 dignaris-
564 2664 643 2704 Alii,
675 2666 748 2696 Nou
772 2670 802 2696 te
827 2667 950 2699 celabis.

256 2713 364 2755 Nolis]
388 2715 455 2747 Pro
469 2714 566 2756 uobis,
581 2725 658 2748 cum
673 2715 821 2748 Grutero
836 2717 952 2758 legen-

1002 2312 1078 2344 dnm
1093 2324 1147 2344 nos
1157 2314 1216 2353 ris,
1233 2316 1264 2345 id
1279 2321 1343 2356 est,
1357 2317 1520 2350 Quamvis
1530 2318 1600 2359 ipse
1613 2322 1703 2350 tuam

1002 2362 1126 2394 famam
1149 2375 1295 2404 premas.

1044 2417 1062 2444 3
1090 2415 1191 2445 Breve
1217 2426 1351 2454 carmen,
1375 2417 1442 2457 ξιπ]
1465 2418 1703 2450 Tetrastichou

1002 2465 1090 2505 quod
1108 2474 1179 2506 seq.
1194 2467 1202 2481 ‘
1218 2465 1278 2496 llle
1293 2476 1356 2506 ego
1374 2467 1470 2507 sum‚’
1487 2470 1552 2499 διο.

1044 2518 1063 2545 4
1090 2515 1162 2546 Νοη
1177 2516 1268 2556 viris]
1294 2518 1434 2548 Clariss.
1451 2524 1607 2550 autorum
1622 2520 1701 2551 ima-

1005 2566 1139 2607 ginibus
1156 2567 1187 2597 in
1205 2567 1412 2600 bibliotheca
1428 2574 1498 2601 tua.

1047 2620 1067 2648 6
1090 2618 1188 2653 Quem
1203 2628 1262 2649 non
1277 2620 1412 2658 miraris,
1427 2620 1494 2660 ἐξα]
1517 2619 1605 2651 Vide
1623 2620 1701 2660 Epi—

1007 2676 1113 2708 gram.
1139 2671 1192 2699 49.
1212 2668 1271 2700 lib.
1294 2673 1326 2702 4.
1350 2670 1438 2702 ‘Illa
1463 2676 1576 2703 tamen
1600 2670 1702 2702 laud.’

1006 2721 1069 2750 ἃς.
