1866 3131
367 202 416 231 M.

128 293 301 335 respicere
317 294 465 333 videtur,
477 304 551 335 quae
564 292 658 324 nuda
668 292 825 333 pingeba-

129 352 196 382 tur,
227 350 324 377 cesto
352 350 483 377 tautum
514 345 709 385 praecincta.
755 343 828 374 Non

129 401 174 428 est
191 396 276 436 tuus]
301 396 388 437 Quia
405 401 531 426 castus.

171 451 190 479 4
217 447 406 485 cessar-iana,
423 444 507 484 reni]
540 445 624 477 Caes.
641 443 827 476 Domitiani

129 507 252 529 numen
284 497 476 538 peculiare3
510 506 609 537 quam
637 496 743 526 Deam
775 505 827 525 su-

130 548 323 588 perstitiose
348 547 472 587 coluit;
496 556 597 587 seque
625 546 699 586 ejus
722 545 826 576 filium

127 599 241 629 haberi
259 598 375 629 voluit.
412 598 504 628 Suet.
524 597 621 627 Dom.
639 606 714 636 cap.
730 599 761 626 4.

170 649 273 680 Eric.
289 657 327 679 11.
372 647 554 678 Blanditur
570 647 766 678 Domitiano
782 646 825 678 ob

129 698 286 730 reditum.

172 753 186 779 1
213 749 378 780 Fastorum
389 748 525 788 genitor,
539 747 608 788 ‹ij-a]
637 747 825 787 Librorum,

127 800 400 841 quisiugulorum
423 808 584 829 annorum
608 804 702 838 gesta
717 797 825 828 conti-

126 850 263 889 nebant,
279 860 298 881 a
312 850 399 882 Jauo
419 855 533 880 autem
549 854 736 889 temporum
752 858 822 878 rec-

127 907 199 933 tore
218 901 404 942 auspicium
420 900 557 932 habent.
595 900 713 940 Epigr.
727 903 758 930 8.
776 899 824 929 iu-

126 952 189 982 fra.

168 1005 188 1033 2
216 1002 462 1043 Victorern‚2‘j·c.]
497 1002 579 1033 Cmn
596 1000 824 1031 Domitianum

126 1062 144 1082 a
161 1052 321 1084 Sarmatis
338 1053 493 1084 reducem
511 1051 654 1083 videret.

168 1106 187 1134 3
212 1104 269 1134 Tot
291 1104 403 1143 rullzw,
435 1103 504 1143 εμπ]
541 1103 647 1142 Duos,
672 1103 725 1133 vel
744 1113 823 1144 qua-

124 1160 209 1185 tuor.
254 1153 388 1185 Bifrons
403 1154 492 1184 euim
505 1153 640 1193 fingitur
651 1153 770 1193 JanuS‚
788 1159 823 1185 ut

125 1205 180 1246 qui
193 1214 313 1235 anuum
329 1205 482 1244 elapsum
495 1204 668 1243 respiciat,
682 1214 823 1243 sequen-

123 1260 191 1286 tem
208 1255 399 1296 prospiciat.
424 1254 531 1284 Immo
549 1258 584 1284 et
596 1252 823 1295 quadrifrons,

124 1311 264 1346 propter
294 1309 440 1346 quatuor
466 1305 635 1335 elementa
662 1305 713 1335 vel
744 1315 824 1345 qua-

122 1362 200 1387 tuor
217 1356 295 1387 anni
312 1359 549 1396 tempestates.
582 1355 717 1386 Servius
733 1355 775 1386 ad
793 1360 822 1388 8.

123 1407 254 1439 AEneid.
269 1412 304 1438 et
319 1406 402 1437 Fab.
421 1406 553 1437 Pictor.

162 1462 182 1490 4
209 1459 397 1499 Optavitque
406 1458 519 1498 oculos]
538 1457 755 1488 Desiderium
768 1467 823 1488 ve-

122 1510 262 1540 hemens
278 1509 413 1539 videndi
426 1509 573 1539 Caesaris
587 1508 766 1548 siguificat.

165 1564 182 1590 5
210 1559 320 1598 Omni]
343 1559 438 1589 Binis
454 1560 508 1590 vel
521 1564 666 1600 quatuor
682 1559 820 1598 linguis:

123 1615 158 1640 ut
176 1609 274 1640 modo
291 1619 376 1639 vers.
393 1612 424 1640 3.

166 1663 186 1690 ὓ
210 1659 355 1698 Domino,
380 1658 447 1699 Esou]
480 1658 676 1689 Domitiano
702 1658 762 1689 lib.
792 1663 822 1689 5.

126 1711 242 1751 Epigr.
257 1714 431 1742 8.vers.1.

166 1765 183 1792 7
209 1761 333 1802 Pyliam
348 1765 456 1801 quater
470 1760 635 1800 senectam]
667 1762 822 1794 Quattuor

124 1817 243 1842 aetates
261 1811 429 1851 Nestoris,
443 1820 486 1842 ex
503 1820 560 1842 ore
577 1816 761 1851 quaterno:
787 1811 820 1842 id

124 1867 188 1900 est,
202 1864 253 1892 12.
270 1862 394 1892 secula.

165 1916 184 1942 8
208 1911 318 1951 Pater,
342 1915 428 1942 tumn
449 1911 609 1952 rogamus]
644 1912 822 1943 Immorta-

122 1964 266 1994 litatem.
311 1963 418 1995 Jauus
448 1963 535 1993 enim
567 1964 671 1994 Deus.
715 1964 820 1994 Vete-

121 2024 173 2045 res
197 2014 284 2045 benc
310 2015 376 2045 suis
405 2014 673 2055 Imperator-ibus
701 2025 819 2055 preca-

121 2065 255 2104 bantur,
280 2065 351 2096 sive
381 2065 544 2096 natalitiis
580 2065 712 2104 diebus,
747 2065 819 2095 sive

123 2115 293 2155 Calendis,
314 2116 385 2146 sive
415 2116 450 2146 in
481 2116 605 2154 reditu,
634 2116 819 2156 longosque

123 2175 227 2196 annos
243 2166 419 2206 optabant.
465 2167 521 2206 Et,
537 2177 620 2207 quos
634 2167 754 2197 eximie
771 2167 820 2196 di-

121 2215 282 2255 ligebant,
307 2216 355 2246 eis
369 2215 484 2247 dicere
502 2217 669 2255 solebant,
686 2222 820 2257 paratos

120 2275 155 2296 se
170 2271 300 2306 partem
313 2276 472 2298 annorum
489 2277 621 2298 suorum
638 2268 733 2299 (lare.

167 2316 271 2346 Eric.
287 2325 343 2347 m.
388 2317 501 2357 Fingit
515 2328 550 2348 se
575 2328 592 2348 a
619 2319 719 2348 Musa
740 2318 819 2349 inci-

122 2371 230 2396 tatum
246 2366 287 2396 ad
306 2367 574 2408 prosequendum
590 2369 820 2408 Epigramma—

123 2421 192 2446 tum
208 2416 461 2447 scribendorum
477 2417 638 2449 studium.

164 2470 181 2496 5
208 2466 336 2497 Etcum
353 2467 742 2511 Meswloe....Licin2‚&c.]
760 2469 820 2500 At-

122 2526 186 2557 que
217 2516 274 2547 ubi
297 2517 463 2549 invidiosa
487 2524 634 2550 vetustas
657 2521 688 2550 iu
706 2521 821 2560 pulve-

122 2577 192 2597 rem
207 2568 349 2599 verterit
365 2577 567 2600 marmoreas
585 2570 675 2602 aedes
694 2571 745 2601 vel
763 2580 820 2611 po-

121 2617 189 2647 tius
221 2618 412 2658 sepulchra.
458 2620 511 2650 Sic
549 2621 637 2651 enim
672 2621 821 2662 loquitur

122 2667 294 2699 Juvenalis
308 2668 429 2709 Satyra
447 2672 496 2701 10.
511 2679 596 2701 vers.
612 2674 683 2703 143.
696 2676 731 2702 et
745 2672 820 2702 huic

123 2722 284 2748 consonat
301 2719 429 2750 Noster
451 2720 568 2761 Epigr.
586 2724 616 2753 2.
629 2722 687 2752 lib.
700 2725 751 2752 10.
770 2722 820 2752 M.

122 2768 199 2801 Val„
230 2769 366 2802 Corvini
390 2770 560 2812 Messaiae,
582 2772 724 2803 oratoris
753 2772 819 2803 cla-

449 200 559 230 VAL.
593 199 866 230 MARTIALIS
903 199 1062 230 EPIGR.
1099 200 1193 230 1218.
1226 200 1331 229 vul.

1466 187 1577 230 1299

879 292 948 323 rias.
972 297 1006 323 et
1029 293 1152 332 Licini,
1178 293 1334 324 ditissimi
1358 292 1472 324 liberti
1491 293 1580 325 Cara.

878 343 1037 383 Augusti.
1082 345 1201 384 Licini]
1221 346 1334 376 Palat.
1350 346 1437 386 legit
1454 345 1579 376 Licinia

879 400 913 425 et
933 395 1057 433 Licin«,
1084 396 1172 435 quod
1200 397 1353 427 ultimum
1379 397 1406 427 si
1431 394 1581 427 a‹{mitti-'

878 454 965 484 mus,
981 445 1065 475 illud
1081 446 1089 461 ‘
1102 445 1196 476 cum’
1213 447 1279 477 erit
1293 447 1499 488 praepositio,
1513 457 1576 478 uon

879 494 1089 526 adverbium.

920 549 940 577 9
966 547 1055 577 Nona
1069 546 1222 586 sororum]
1246 547 1482 578 Uuaenovem
1501 548 1576 578 Mu-

877 597 934 637 sis,
949 607 1016 628 uou
1032 603 1145 627 tamen
1160 598 1289 636 infima,
1311 599 1440 638 Thalia,
1467 600 1580 630 convi-

877 648 938 678 viis
970 654 1062 688 apta,
1091 653 1195 679 uncta
1221 649 1338 689 itaque
1358 659 1418 689 pro
1441 659 1534 680 more
1559 660 1578 680 a

876 698 1007 729 balneis
1022 704 1056 729 et
1074 704 1152 730 ante
1168 699 1335 730 convivia.
1358 699 1446 729 Vide
1463 700 1579 740 Epigr.

875 753 906 781 S.
922 751 981 781 lib.
997 753 1029 781 4.
1047 760 1136 781 vers·
1156 753 1206 781 12.

925 805 957 832 11
986 802 1108 841 Nugas]
1131 801 1394 841 Epigrammata.

920 855 957 883 13
982 852 1107 882 iS'occum
1123 851 1309 892 transferre]
1344 854 1489 884 Versum
1515 855 1574 884 liu-

875 904 987 934 milem
1016 908 1051 934 et
1077 904 1185 933 levem
1217 904 1321 934 instar
1354 904 1575 942 comicorum,

877 964 1015 994 quorum
1034 953 1170 993 proprie
1187 958 1237 984 est
1254 963 1387 984 soccus.
1444 954 1575 984 cothur-

875 1004 943 1043 nos}
968 1005 1139 1044 Epigram.
1156 1007 1209 1034 20.
1226 1004 1285 1034 lib.
1303 1006 1334 1034 3.
1353 1013 1443 1035 vers.
1457 1007 1488 1035 7.

920 1057 957 1085 14
984 1054 1130 1092 Pan-ibus,
1142 1053 1211 1093 ἔξω]
1230 1054 1394 1084 Versibus
1407 1054 1563 1084 heroicis.

920 1108 957 1135 15
977 1103 1215 1143 Pcrlegat,&c.]
1232 1104 1356 1134 Melior
1368 1104 1471 1134 lectio
1486 1105 1574 1135 Pra'-

875 1155 956 1194 legat
969 1166 979 1186 .·
1003 1155 1052 1185 uti
1069 1155 1101 1184 in
1119 1154 1237 1184 scholis
1255 1155 1448 1194 praelegunt
1465 1161 1500 1186 et
1520 1165 1581 1186 ex·

875 1210 1004 1245 ponunt
1029 1204 1182 1244 magistri
1213 1204 1413 1243 Homerum,
1437 1205 1576 1245 Virgili-

876 1267 944 1296 um,
968 1261 1001 1287 et
1027 1257 1110 1287 aiios
1133 1260 1268 1286 autores
1292 1255 1420 1295 epicos.
1467 1256 1576 1287 Rauca

873 1306 958 1346 vnce]
981 1306 1047 1339 Qui
1066 1305 1107 1337 ad
1125 1307 1229 1336 ravim
1245 1315 1350 1346 usque
1367 1306 1504 1338 clamet.

918 1361 957 1388 16
983 1356 1110 1398 Oderit]
1133 1356 1266 1394 Taedio,
1283 1356 1338 1386 vel
1355 1360 1497 1397 propter
1508 1367 1576 1397 pce-

874 1418 933 1439 nas
948 1408 1127 1447 irrogatas,
1150 1407 1241 1447 ipsos
1257 1412 1464 1438 execrentur
1481 1411 1576 1438 auto—

874 1470 926 1491 res
942 1459 1111 1499 discipuli.

917 1513 956 1540 18
982 1510 1066 1544 Quos
1092 1509 1205 1546 media,
1230 1508 1298 1548 ἐγὼ]
1334 1509 1427 1541 Quos
1461 1510 1575 1540 elucu-

873 1560 1044 1591 brationes
1063 1559 1208 1590 reddunt
1227 1560 1379 1591 miseros.
1424 1560 1574 1600 Miseros]

874 1610 1019 1641 Miseret
1034 1619 1086 1641 me
1102 1610 1241 1641 istorum
1250 1612 1433 1642 miserorum
1444 1612 1574 1651 (quam-

873 1661 924 1691 vis
940 1661 1157 1701 interpretari
1174 1671 1292 1701 queas,
1308 1662 1519 1700 laboriosos),
1537 1667 1574 1692 ut

874 1715 970 1751 puto,
995 1721 1060 1741 uon
1089 1721 1151 1741 sua
1176 1721 1239 1742 nec
1264 1712 1430 1742 Martialis
1451 1713 1572 1753 culpa;

873 1761 927 1801 qui
956 1771 1039 1791 seros
1067 1761 1140 1791 illos
1172 1761 1396 1792 concinnasse
1425 1762 1574 1800 videtur,

873 1821 939 1841 nou
965 1813 1111 1842 miseros:
1135 1815 1172 1841 ut
1196 1811 1352 1851 Virgilio,
1375 1812 1516 1844 ‘AEneas
1539 1823 1574 1843 se

872 1861 1058 1892 matutinus
1070 1861 1216 1902 agel›at.’
1243 1862 1431 1893 Gronovius.

915 1915 955 1943 19
978 1912 1050 1943 Sale
1070 1912 1157 1951 tinge
1183 1912 1316 1952 libellos]
1352 1913 1477 1945 Jocoso
1499 1923 1577 1944 acu-

871 1963 972 1993 mine.

913 2016 954 2044 20
978 2013 1135 2052 Agnoscat
1151 2011 1262 2052 mores]
1286 2012 1380 2045 Quos
1397 2017 1510 2044 tamen
1526 2013 1574 2045 ita

871 2065 1049 2105 describit,
1071 2069 1108 2095 ut
1136 2071 1253 2105 parcat
1276 2066 1443 2106 personis,
1470 2075 1573 2106 expo-

870 2122 928 2148 nat
945 2117 1039 2147 vitia.
1069 2116 1178 2155 Epist.
1196 2115 1253 2146 lib.
1271 2118 1301 2147 1.

913 2170 952 2198 21
977 2167 1123 2204 Angusta
1147 2164 1259 2204 avena]
1289 2164 1397 2196 Tenui
1413 2165 1574 2205 carmine,

871 2218 942 2248 sive
959 2225 1092 2247 versum
1117 2215 1186 2246 sive
1211 2219 1446 2256 argumentum
1467 2216 1573 2256 respi-

870 2268 950 2298 cias.

912 2321 953 2349 22
980 2318 1067 2348 Dum
1083 2320 1150 2354 tua,
1170 2315 1238 2355 ἐξα]
1267 2315 1354 2346 Dum
1372 2316 1447 2356 plus
1465 2315 1571 2347 laudis

870 2370 1120 2409 Epigrammate
1139 2368 1313 2405 merearis,
1326 2376 1423 2406 quam
1441 2367 1497 2397 alii
1513 2367 1570 2397 he-

871 2420 963 2451 roico
991 2428 1108 2457 versu;
1148 2418 1213 2458 Ep.
1246 2419 1298 2448 49.
1330 2416 1390 2447 lib.
1420 2420 1451 2448 4.
1481 2427 1570 2449 verS.

871 2472 901 2500 7.
931 2472 961 2499 8.

914 2520 1016 2550 EPJG.
1046 2527 1095 2548 iv.
1141 2517 1232 2547 Deos
1273 2521 1308 2547 et
1337 2517 1486 2548 homines
1522 2518 1571 2549 ait

871 2569 1034 2610 gratulari
1051 2568 1233 2598 adventum
1251 2568 1392 2607 Caesari,
1414 2573 1450 2599 et
1466 2577 1572 2609 sacra,

871 2630 932 2661 pro
949 2619 1133 2659 gratiarum
1152 2619 1298 2658 actione,
1309 2618 1434 2650 facere.

915 2674 929 2701 1
956 2670 1082 2707 Mundi,
1097 2667 1164 2708 ὁμη]
1203 2668 1258 2699 Ab
1276 2669 1364 2700 omui
1387 2668 1475 2700 orbis
1493 2670 1568 2700 loco

869 2720 1029 2761 frequens
1067 2720 1208 2760 populus
1244 2719 1500 2761 supplicationis
1534 2725 1567 2755 et

870 2770 1109 2812 gratulationis
1135 2780 1247 2803 causa.
