<?xml version="1.0" encoding="UTF-8"?>
<!DOCTYPE html PUBLIC "-//W3C//DTD XHTML 1.0 Transitional//EN"
    "http://www.w3.org/TR/xhtml1/DTD/xhtml1-transitional.dtd">
<html xmlns="http://www.w3.org/1999/xhtml" xml:lang="en" lang="en">
 <head>
  <title>
</title>
<meta http-equiv="Content-Type" content="text/html;charset=utf-8" />
  <meta name='ocr-system' content='tesseract 3.04.00' />
  <meta name='ocr-capabilities' content='ocr_page ocr_carea ocr_par ocr_line ocrx_word'/>
</head>
<body>
  <div class='ocr_page' id='page_1' title='image "./epigrammataexedi03martuoft_0272.png"; bbox 0 0 1866 3131; ppageno 0'>
   <div class='ocr_carea' id='block_1_1' title="bbox 261 206 374 249">
    <p class='ocr_par' dir='ltr' id='par_1_1' title="bbox 261 206 374 249">
     <span class='ocr_line' id='line_1_1' title="bbox 261 206 374 249; baseline 0.009 -2"><span class='ocrx_word' id='word_1_1' title='bbox 261 206 374 249; x_wconf 77' lang='lat'><strong>1332</strong></span> 
     </span>
    </p>
   </div>
   <div class='ocr_carea' id='block_1_2' title="bbox 249 310 961 2880">
    <p class='ocr_par' dir='ltr' id='par_1_2' title="bbox 256 310 961 648">
     <span class='ocr_line' id='line_1_2' title="bbox 301 310 959 352; baseline 0.002 -10"><span class='ocrx_word' id='word_1_2' title='bbox 301 314 322 342; x_wconf 89' lang='grc'><strong>6</strong></span> <span class='ocrx_word' id='word_1_3' title='bbox 343 313 420 348; x_wconf 81' lang='lat' dir='ltr'>Quae</span> <span class='ocrx_word' id='word_1_4' title='bbox 437 311 540 351; x_wconf 80' lang='lat' dir='ltr'>turba,</span> <span class='ocrx_word' id='word_1_5' title='bbox 556 310 626 352; x_wconf 49' lang='grc' dir='ltr'>θα]</span> <span class='ocrx_word' id='word_1_6' title='bbox 650 310 751 343; x_wconf 86' lang='lat' dir='ltr'>Isidis</span> <span class='ocrx_word' id='word_1_7' title='bbox 765 312 959 343; x_wconf 81' lang='lat' dir='ltr'>sacerdotes</span> 
     </span>
     <span class='ocr_line' id='line_1_3' title="bbox 260 363 959 404; baseline 0.004 -12"><span class='ocrx_word' id='word_1_8' title='bbox 260 363 396 394; x_wconf 86' lang='lat' dir='ltr'>invento</span> <span class='ocrx_word' id='word_1_9' title='bbox 430 363 533 394; x_wconf 83' lang='lat' dir='ltr'><strong>Osiri.</strong></span> <span class='ocrx_word' id='word_1_10' title='bbox 577 363 755 395; x_wconf 83' lang='lat' dir='ltr'>Juvenalis</span> <span class='ocrx_word' id='word_1_11' title='bbox 787 364 902 404; x_wconf 75' lang='lat' dir='ltr'>Satyr.</span> <span class='ocrx_word' id='word_1_12' title='bbox 929 366 959 395; x_wconf 83' lang='lat'>8.</span> 
     </span>
     <span class='ocr_line' id='line_1_4' title="bbox 258 414 960 455; baseline 0.003 -12"><span class='ocrx_word' id='word_1_13' title='bbox 258 422 344 445; x_wconf 78' lang='lat' dir='ltr'>vers.</span> <span class='ocrx_word' id='word_1_14' title='bbox 360 418 411 447; x_wconf 73' lang='lat'>25.</span> <span class='ocrx_word' id='word_1_15' title='bbox 429 416 481 445; x_wconf 87' lang='lat' dir='ltr'>vel</span> <span class='ocrx_word' id='word_1_16' title='bbox 501 415 629 455; x_wconf 88' lang='lat' dir='ltr'>impura</span> <span class='ocrx_word' id='word_1_17' title='bbox 650 414 748 445; x_wconf 90' lang='lat' dir='ltr'>turba</span> <span class='ocrx_word' id='word_1_18' title='bbox 761 424 836 455; x_wconf 86' lang='lat' dir='ltr'>quae</span> <span class='ocrx_word' id='word_1_19' title='bbox 851 415 885 445; x_wconf 91' lang='lat' dir='ltr'>in</span> <span class='ocrx_word' id='word_1_20' title='bbox 903 415 960 445; x_wconf 91' lang='lat' dir='ltr'>Se-</span> 
     </span>
     <span class='ocr_line' id='line_1_5' title="bbox 257 465 959 505; baseline 0 -10"><span class='ocrx_word' id='word_1_21' title='bbox 257 465 384 505; x_wconf 84' lang='lat' dir='ltr'>rapidis</span> <span class='ocrx_word' id='word_1_22' title='bbox 401 466 505 496; x_wconf 86' lang='lat' dir='ltr'>sacris</span> <span class='ocrx_word' id='word_1_23' title='bbox 521 465 713 496; x_wconf 81' lang='lat' dir='ltr'>solennibus</span> <span class='ocrx_word' id='word_1_24' title='bbox 727 465 768 496; x_wconf 92' lang='lat' dir='ltr'>ad</span> <span class='ocrx_word' id='word_1_25' title='bbox 786 466 959 505; x_wconf 86' lang='lat' dir='ltr'>Canopum</span> 
     </span>
     <span class='ocr_line' id='line_1_6' title="bbox 258 514 961 555; baseline 0 -10"><span class='ocrx_word' id='word_1_26' title='bbox 258 524 320 555; x_wconf 88' lang='lat' dir='ltr'>per</span> <span class='ocrx_word' id='word_1_27' title='bbox 335 514 457 546; x_wconf 86' lang='lat' dir='ltr'>fossam</span> <span class='ocrx_word' id='word_1_28' title='bbox 476 526 518 546; x_wconf 78' lang='lat' dir='ltr'>ex</span> <span class='ocrx_word' id='word_1_29' title='bbox 532 515 737 547; x_wconf 73' lang='lat' dir='ltr'><strong>Alexandria</strong></span> <span class='ocrx_word' id='word_1_30' title='bbox 749 515 961 546; x_wconf 85' lang='lat' dir='ltr'>descendunt</span> 
     </span>
     <span class='ocr_line' id='line_1_7' title="bbox 256 565 958 606; baseline 0.001 -11"><span class='ocrx_word' id='word_1_31' title='bbox 256 565 290 595; x_wconf 88' lang='lat' dir='ltr'>iu</span> <span class='ocrx_word' id='word_1_32' title='bbox 308 567 470 597; x_wconf 76' lang='lat' dir='ltr'>naviculis</span> <span class='ocrx_word' id='word_1_33' title='bbox 483 571 669 606; x_wconf 54' lang='lat' dir='ltr'>cantantem,</span> <span class='ocrx_word' id='word_1_34' title='bbox 684 565 880 606; x_wconf 85' lang='lat' dir='ltr'>frementes,</span> <span class='ocrx_word' id='word_1_35' title='bbox 896 569 958 598; x_wconf 74' lang='grc' dir='ltr'>διο.</span> 
     </span>
     <span class='ocr_line' id='line_1_8' title="bbox 259 616 520 648; baseline 0.011 -3"><span class='ocrx_word' id='word_1_36' title='bbox 259 616 373 647; x_wconf 85' lang='lat' dir='ltr'>Strab.</span> <span class='ocrx_word' id='word_1_37' title='bbox 390 617 449 648; x_wconf 88' lang='lat' dir='ltr'>lib.</span> <span class='ocrx_word' id='word_1_38' title='bbox 468 620 520 648; x_wconf 85' lang='lat'>17.</span> 
     </span>
    </p>

    <p class='ocr_par' dir='ltr' id='par_1_3' title="bbox 256 667 957 800">
     <span class='ocr_line' id='line_1_9' title="bbox 299 667 957 709; baseline -0.002 -9"><span class='ocrx_word' id='word_1_39' title='bbox 299 672 318 700; x_wconf 81' lang='lat'>7</span> <span class='ocrx_word' id='word_1_40' title='bbox 339 669 464 700; x_wconf 76' lang='lat' dir='ltr'>Cirrata</span> <span class='ocrx_word' id='word_1_41' title='bbox 475 673 598 701; x_wconf 68' lang='lat' dir='ltr'>caterva</span> <span class='ocrx_word' id='word_1_42' title='bbox 610 668 769 709; x_wconf 72' lang='lat' dir='ltr'><strong><em>magistri]</em></strong></span> <span class='ocrx_word' id='word_1_43' title='bbox 784 667 957 700; x_wconf 78' lang='lat' dir='ltr'>l&#39;uericir-</span> 
     </span>
     <span class='ocr_line' id='line_1_10' title="bbox 258 719 957 761; baseline 0.004 -12"><span class='ocrx_word' id='word_1_44' title='bbox 258 719 322 750; x_wconf 87' lang='lat' dir='ltr'>rati</span> <span class='ocrx_word' id='word_1_45' title='bbox 342 720 375 750; x_wconf 90' lang='lat' dir='ltr'>in</span> <span class='ocrx_word' id='word_1_46' title='bbox 398 721 530 752; x_wconf 86' lang='lat' dir='ltr'>scholis.</span> <span class='ocrx_word' id='word_1_47' title='bbox 554 721 653 752; x_wconf 80' lang='lat' dir='ltr'>Pers.</span> <span class='ocrx_word' id='word_1_48' title='bbox 676 721 789 761; x_wconf 71' lang='lat' dir='ltr'>satyr.</span> <span class='ocrx_word' id='word_1_49' title='bbox 816 723 846 752; x_wconf 89' lang='lat' dir='ltr'>l.</span> <span class='ocrx_word' id='word_1_50' title='bbox 868 730 957 752; x_wconf 79' lang='lat' dir='ltr'>vers.</span> 
     </span>
     <span class='ocr_line' id='line_1_11' title="bbox 256 771 308 800; baseline 0.019 -1"><span class='ocrx_word' id='word_1_51' title='bbox 256 771 308 800; x_wconf 83' lang='lat'>29.</span> 
     </span>
    </p>

    <p class='ocr_par' dir='ltr' id='par_1_4' title="bbox 256 819 960 1005">
     <span class='ocr_line' id='line_1_12' title="bbox 298 819 960 861; baseline 0.003 -12"><span class='ocrx_word' id='word_1_52' title='bbox 298 821 318 849; x_wconf 89' lang='grc'>8</span> <span class='ocrx_word' id='word_1_53' title='bbox 341 819 535 860; x_wconf 73' lang='lat' dir='ltr'>Strymonio,</span> <span class='ocrx_word' id='word_1_54' title='bbox 561 820 628 861; x_wconf 57' lang='lat' dir='ltr'>dyo]</span> <span class='ocrx_word' id='word_1_55' title='bbox 667 821 828 859; x_wconf 88' lang='lat' dir='ltr'>Gruibus‚</span> <span class='ocrx_word' id='word_1_56' title='bbox 854 820 960 851; x_wconf 84' lang='lat' dir='ltr'>inimi-</span> 
     </span>
     <span class='ocr_line' id='line_1_13' title="bbox 256 871 958 910; baseline 0.003 -10"><span class='ocrx_word' id='word_1_57' title='bbox 256 875 359 900; x_wconf 85' lang='lat' dir='ltr'>nente</span> <span class='ocrx_word' id='word_1_58' title='bbox 376 876 595 910; x_wconf 82' lang='lat' dir='ltr'>tempestate,</span> <span class='ocrx_word' id='word_1_59' title='bbox 613 872 665 901; x_wconf 88' lang='lat' dir='ltr'>vel</span> <span class='ocrx_word' id='word_1_60' title='bbox 686 871 821 909; x_wconf 74' lang='lat' dir='ltr'>hyeme,</span> <span class='ocrx_word' id='word_1_61' title='bbox 837 881 958 910; x_wconf 86' lang='lat' dir='ltr'>magno</span> 
     </span>
     <span class='ocr_line' id='line_1_14' title="bbox 256 921 957 963; baseline 0.003 -13"><span class='ocrx_word' id='word_1_62' title='bbox 256 929 330 950; x_wconf 85' lang='lat' dir='ltr'>cum</span> <span class='ocrx_word' id='word_1_63' title='bbox 356 921 515 960; x_wconf 84' lang='lat' dir='ltr'>clangore</span> <span class='ocrx_word' id='word_1_64' title='bbox 533 931 550 952; x_wconf 88' lang='lat' dir='ltr'>e</span> <span class='ocrx_word' id='word_1_65' title='bbox 564 921 724 960; x_wconf 84' lang='lat' dir='ltr'>Thracia,</span> <span class='ocrx_word' id='word_1_66' title='bbox 752 922 847 963; x_wconf 87' lang='lat' dir='ltr'>cujus</span> <span class='ocrx_word' id='word_1_67' title='bbox 863 922 957 963; x_wconf 91' lang='lat' dir='ltr'>Stry-</span> 
     </span>
     <span class='ocr_line' id='line_1_15' title="bbox 256 970 766 1005; baseline 0.004 -3"><span class='ocrx_word' id='word_1_68' title='bbox 256 981 333 1002; x_wconf 86' lang='lat' dir='ltr'>mon</span> <span class='ocrx_word' id='word_1_69' title='bbox 351 977 402 1002; x_wconf 87' lang='lat' dir='ltr'>est</span> <span class='ocrx_word' id='word_1_70' title='bbox 419 970 498 1003; x_wconf 84' lang='lat' dir='ltr'>fluv.</span> <span class='ocrx_word' id='word_1_71' title='bbox 516 972 766 1005; x_wconf 79' lang='lat' dir='ltr'>advolantibus,</span> 
     </span>
    </p>

    <p class='ocr_par' dir='ltr' id='par_1_5' title="bbox 249 1022 958 2073">
     <span class='ocr_line' id='line_1_16' title="bbox 298 1022 958 1064; baseline 0.005 -12"><span class='ocrx_word' id='word_1_72' title='bbox 298 1024 319 1052; x_wconf 85' lang='lat'><strong>9</strong></span> <span class='ocrx_word' id='word_1_73' title='bbox 345 1023 422 1057; x_wconf 79' lang='lat' dir='ltr'>Quae</span> <span class='ocrx_word' id='word_1_74' title='bbox 444 1022 538 1062; x_wconf 79' lang='lat' dir='ltr'>nunc]</span> <span class='ocrx_word' id='word_1_75' title='bbox 573 1023 657 1055; x_wconf 62' lang='lat' dir='ltr'>Quat&gt;v</span> <span class='ocrx_word' id='word_1_76' title='bbox 676 1024 747 1063; x_wconf 84' lang='lat' dir='ltr'>jam</span> <span class='ocrx_word' id='word_1_77' title='bbox 776 1033 857 1064; x_wconf 84' lang='lat' dir='ltr'>saga</span> <span class='ocrx_word' id='word_1_78' title='bbox 880 1029 958 1064; x_wconf 82' lang='lat' dir='ltr'>post</span> 
     </span>
     <span class='ocr_line' id='line_1_17' title="bbox 255 1073 957 1115; baseline 0.003 -12"><span class='ocrx_word' id='word_1_79' title='bbox 255 1078 397 1103; x_wconf 82' lang='lat' dir='ltr'>mortem</span> <span class='ocrx_word' id='word_1_80' title='bbox 410 1073 609 1104; x_wconf 78' lang='lat' dir='ltr'>Phiiaenidis</span> <span class='ocrx_word' id='word_1_81' title='bbox 628 1073 774 1113; x_wconf 82' lang='lat' dir='ltr'>turbiue,</span> <span class='ocrx_word' id='word_1_82' title='bbox 789 1074 957 1115; x_wconf 84' lang='lat' dir='ltr'>vertigine</span> 
     </span>
     <span class='ocr_line' id='line_1_18' title="bbox 254 1123 958 1164; baseline 0.004 -11"><span class='ocrx_word' id='word_1_83' title='bbox 254 1123 396 1163; x_wconf 79' lang='lat' dir='ltr'>magica,</span> <span class='ocrx_word' id='word_1_84' title='bbox 411 1134 470 1154; x_wconf 84' lang='lat' dir='ltr'>seu</span> <span class='ocrx_word' id='word_1_85' title='bbox 485 1124 632 1164; x_wconf 79' lang='lat' dir='ltr'>girgillo,</span> <span class='ocrx_word' id='word_1_86' title='bbox 659 1125 712 1154; x_wconf 88' lang='lat' dir='ltr'>cui</span> <span class='ocrx_word' id='word_1_87' title='bbox 739 1124 958 1156; x_wconf 85' lang='lat' dir='ltr'>involvebant</span> 
     </span>
     <span class='ocr_line' id='line_1_19' title="bbox 255 1173 958 1216; baseline 0.004 -13"><span class='ocrx_word' id='word_1_88' title='bbox 255 1173 346 1204; x_wconf 85' lang='lat' dir='ltr'>filum</span> <span class='ocrx_word' id='word_1_89' title='bbox 370 1184 434 1215; x_wconf 89' lang='lat' dir='ltr'>qno</span> <span class='ocrx_word' id='word_1_90' title='bbox 451 1175 560 1204; x_wconf 89' lang='lat' dir='ltr'>lunam</span> <span class='ocrx_word' id='word_1_91' title='bbox 579 1175 731 1216; x_wconf 76' lang='lat' dir='ltr'>torqueri</span> <span class='ocrx_word' id='word_1_92' title='bbox 757 1176 958 1216; x_wconf 82' lang='lat' dir='ltr'>credebant,</span> 
     </span>
     <span class='ocr_line' id='line_1_20' title="bbox 255 1225 955 1267; baseline 0.004 -12"><span class='ocrx_word' id='word_1_93' title='bbox 255 1225 449 1256; x_wconf 79' lang='lat' dir='ltr'>deducere?</span> <span class='ocrx_word' id='word_1_94' title='bbox 473 1226 513 1256; x_wconf 90' lang='lat' dir='ltr'>Id</span> <span class='ocrx_word' id='word_1_95' title='bbox 528 1232 593 1264; x_wconf 90' lang='lat' dir='ltr'>est,</span> <span class='ocrx_word' id='word_1_96' title='bbox 611 1237 683 1266; x_wconf 83' lang='lat' dir='ltr'>quae</span> <span class='ocrx_word' id='word_1_97' title='bbox 699 1227 769 1266; x_wconf 83' lang='lat' dir='ltr'>jain</span> <span class='ocrx_word' id='word_1_98' title='bbox 784 1237 883 1267; x_wconf 76' lang='lat' dir='ltr'>maga</span> <span class='ocrx_word' id='word_1_99' title='bbox 899 1238 955 1258; x_wconf 81' lang='lat' dir='ltr'>ex-</span> 
     </span>
     <span class='ocr_line' id='line_1_21' title="bbox 254 1276 954 1318; baseline 0.004 -12"><span class='ocrx_word' id='word_1_100' title='bbox 254 1276 407 1307; x_wconf 82' lang='lat' dir='ltr'>cantabit</span> <span class='ocrx_word' id='word_1_101' title='bbox 428 1277 566 1307; x_wconf 83' lang='lat' dir='ltr'>lunam?</span> <span class='ocrx_word' id='word_1_102' title='bbox 606 1278 660 1307; x_wconf 90' lang='lat' dir='ltr'>De</span> <span class='ocrx_word' id='word_1_103' title='bbox 678 1287 742 1318; x_wconf 85' lang='lat' dir='ltr'>qua</span> <span class='ocrx_word' id='word_1_104' title='bbox 769 1287 805 1308; x_wconf 90' lang='lat' dir='ltr'>re</span> <span class='ocrx_word' id='word_1_105' title='bbox 830 1284 864 1308; x_wconf 84' lang='lat' dir='ltr'>et</span> <span class='ocrx_word' id='word_1_106' title='bbox 882 1279 954 1318; x_wconf 88' lang='lat' dir='ltr'>opi-</span> 
     </span>
     <span class='ocr_line' id='line_1_22' title="bbox 254 1325 953 1367; baseline 0.007 -12"><span class='ocrx_word' id='word_1_107' title='bbox 254 1325 354 1356; x_wconf 91' lang='lat' dir='ltr'>nione</span> <span class='ocrx_word' id='word_1_108' title='bbox 380 1326 457 1356; x_wconf 82' lang='lat' dir='ltr'>vide</span> <span class='ocrx_word' id='word_1_109' title='bbox 483 1337 557 1367; x_wconf 80' lang='lat' dir='ltr'>quae</span> <span class='ocrx_word' id='word_1_110' title='bbox 584 1327 732 1358; x_wconf 83' lang='lat' dir='ltr'>Farnab.</span> <span class='ocrx_word' id='word_1_111' title='bbox 756 1327 796 1357; x_wconf 88' lang='lat' dir='ltr'>ad</span> <span class='ocrx_word' id='word_1_112' title='bbox 815 1328 953 1360; x_wconf 78' lang='lat' dir='ltr'>Senecae</span> 
     </span>
     <span class='ocr_line' id='line_1_23' title="bbox 256 1375 955 1420; baseline 0.007 -16"><span class='ocrx_word' id='word_1_113' title='bbox 256 1375 437 1416; x_wconf 82' lang='lat' dir='ltr'>Hippolyt.</span> <span class='ocrx_word' id='word_1_114' title='bbox 454 1386 538 1406; x_wconf 86' lang='lat' dir='ltr'>vers.</span> <span class='ocrx_word' id='word_1_115' title='bbox 555 1380 630 1408; x_wconf 72' lang='lat'>420.</span> <span class='ocrx_word' id='word_1_116' title='bbox 677 1378 862 1417; x_wconf 73' lang='lat' dir='ltr'>Thessalico,</span> <span class='ocrx_word' id='word_1_117' title='bbox 886 1380 955 1420; x_wconf 48' lang='lat' dir='ltr'>Qu]</span> 
     </span>
     <span class='ocr_line' id='line_1_24' title="bbox 252 1425 954 1460; baseline 0.009 -6"><span class='ocrx_word' id='word_1_118' title='bbox 252 1425 423 1456; x_wconf 80' lang='lat' dir='ltr'>Thessalia</span> <span class='ocrx_word' id='word_1_119' title='bbox 440 1427 517 1457; x_wconf 90' lang='lat' dir='ltr'>olim</span> <span class='ocrx_word' id='word_1_120' title='bbox 540 1427 825 1459; x_wconf 81' lang='lat' dir='ltr'>incantationibus</span> <span class='ocrx_word' id='word_1_121' title='bbox 848 1436 883 1460; x_wconf 83' lang='lat' dir='ltr'>et</span> <span class='ocrx_word' id='word_1_122' title='bbox 899 1439 954 1460; x_wconf 87' lang='lat' dir='ltr'>ve-</span> 
     </span>
     <span class='ocr_line' id='line_1_25' title="bbox 253 1476 954 1519; baseline 0.006 -12"><span class='ocrx_word' id='word_1_123' title='bbox 253 1476 383 1508; x_wconf 81' lang='lat' dir='ltr'>neficiis</span> <span class='ocrx_word' id='word_1_124' title='bbox 394 1476 533 1509; x_wconf 86' lang='lat' dir='ltr'>famosa.</span> <span class='ocrx_word' id='word_1_125' title='bbox 553 1479 673 1509; x_wconf 80' lang='lat' dir='ltr'>Lunam</span> <span class='ocrx_word' id='word_1_126' title='bbox 682 1479 843 1519; x_wconf 74' lang='lat' dir='ltr'>deducere]</span> <span class='ocrx_word' id='word_1_127' title='bbox 856 1481 954 1512; x_wconf 83' lang='lat' dir='ltr'>Quod</span> 
     </span>
     <span class='ocr_line' id='line_1_26' title="bbox 254 1528 954 1571; baseline 0.006 -13"><span class='ocrx_word' id='word_1_128' title='bbox 254 1532 324 1558; x_wconf 88' lang='lat' dir='ltr'>tum</span> <span class='ocrx_word' id='word_1_129' title='bbox 355 1528 541 1559; x_wconf 82' lang='lat' dir='ltr'>credebant</span> <span class='ocrx_word' id='word_1_130' title='bbox 571 1529 656 1569; x_wconf 83' lang='lat' dir='ltr'>fieri,</span> <span class='ocrx_word' id='word_1_131' title='bbox 679 1540 778 1570; x_wconf 87' lang='lat' dir='ltr'>quum</span> <span class='ocrx_word' id='word_1_132' title='bbox 810 1530 954 1571; x_wconf 83' lang='lat' dir='ltr'>objectis</span> 
     </span>
     <span class='ocr_line' id='line_1_27' title="bbox 253 1579 954 1623; baseline 0.006 -14"><span class='ocrx_word' id='word_1_133' title='bbox 253 1579 381 1610; x_wconf 75' lang='lat' dir='ltr'>umbris</span> <span class='ocrx_word' id='word_1_134' title='bbox 395 1590 467 1611; x_wconf 73' lang='lat' dir='ltr'>ean]</span> <span class='ocrx_word' id='word_1_135' title='bbox 489 1581 650 1611; x_wconf 86' lang='lat' dir='ltr'>videbant</span> <span class='ocrx_word' id='word_1_136' title='bbox 673 1581 842 1614; x_wconf 84' lang='lat' dir='ltr'>deficere:</span> <span class='ocrx_word' id='word_1_137' title='bbox 865 1583 954 1623; x_wconf 88' lang='lat' dir='ltr'>quod</span> 
     </span>
     <span class='ocr_line' id='line_1_28' title="bbox 255 1630 954 1673; baseline 0.004 -13"><span class='ocrx_word' id='word_1_138' title='bbox 255 1638 330 1660; x_wconf 87' lang='lat' dir='ltr'>cum</span> <span class='ocrx_word' id='word_1_139' title='bbox 347 1630 457 1669; x_wconf 81' lang='lat' dir='ltr'>tieret,</span> <span class='ocrx_word' id='word_1_140' title='bbox 473 1631 651 1669; x_wconf 83' lang='lat' dir='ltr'>pulsabant</span> <span class='ocrx_word' id='word_1_141' title='bbox 666 1642 745 1669; x_wconf 76' lang='lat' dir='ltr'>aera,</span> <span class='ocrx_word' id='word_1_142' title='bbox 763 1633 850 1673; x_wconf 83' lang='lat' dir='ltr'>quod</span> <span class='ocrx_word' id='word_1_143' title='bbox 868 1632 954 1663; x_wconf 86' lang='lat' dir='ltr'>anti-</span> 
     </span>
     <span class='ocr_line' id='line_1_29' title="bbox 252 1680 956 1723; baseline 0.006 -13"><span class='ocrx_word' id='word_1_144' title='bbox 252 1680 369 1711; x_wconf 83' lang='lat' dir='ltr'>dotum</span> <span class='ocrx_word' id='word_1_145' title='bbox 384 1681 533 1712; x_wconf 79' lang='lat' dir='ltr'>habuere</span> <span class='ocrx_word' id='word_1_146' title='bbox 548 1687 666 1712; x_wconf 82' lang='lat' dir='ltr'>contra</span> <span class='ocrx_word' id='word_1_147' title='bbox 680 1688 769 1713; x_wconf 78' lang='lat' dir='ltr'>artes</span> <span class='ocrx_word' id='word_1_148' title='bbox 787 1692 956 1723; x_wconf 80' lang='lat' dir='ltr'>sagarum.</span> 
     </span>
     <span class='ocr_line' id='line_1_30' title="bbox 252 1730 952 1774; baseline 0.006 -14"><span class='ocrx_word' id='word_1_149' title='bbox 252 1730 407 1770; x_wconf 71' lang='lat' dir='ltr'>Rhombo]</span> <span class='ocrx_word' id='word_1_150' title='bbox 438 1732 608 1762; x_wconf 79' lang='lat' dir='ltr'>Rhombus</span> <span class='ocrx_word' id='word_1_151' title='bbox 631 1739 682 1763; x_wconf 80' lang='lat' dir='ltr'>est</span> <span class='ocrx_word' id='word_1_152' title='bbox 702 1734 832 1773; x_wconf 69' lang='lat' dir='ltr'>vertigo</span> <span class='ocrx_word' id='word_1_153' title='bbox 849 1735 952 1774; x_wconf 82' lang='lat' dir='ltr'>magi-</span> 
     </span>
     <span class='ocr_line' id='line_1_31' title="bbox 252 1783 952 1825; baseline 0.006 -14"><span class='ocrx_word' id='word_1_154' title='bbox 252 1791 302 1819; x_wconf 86' lang='lat' dir='ltr'>ca,</span> <span class='ocrx_word' id='word_1_155' title='bbox 319 1791 417 1822; x_wconf 89' lang='lat' dir='ltr'>quam</span> <span class='ocrx_word' id='word_1_156' title='bbox 436 1783 604 1813; x_wconf 81' lang='lat' dir='ltr'>turbinem</span> <span class='ocrx_word' id='word_1_157' title='bbox 625 1784 790 1814; x_wconf 84' lang='lat' dir='ltr'>Horatius</span> <span class='ocrx_word' id='word_1_158' title='bbox 815 1785 848 1815; x_wconf 87' lang='lat' dir='ltr'>in</span> <span class='ocrx_word' id='word_1_159' title='bbox 865 1786 952 1825; x_wconf 87' lang='lat' dir='ltr'>Epo-</span> 
     </span>
     <span class='ocr_line' id='line_1_32' title="bbox 253 1831 953 1872; baseline 0.007 -11"><span class='ocrx_word' id='word_1_160' title='bbox 253 1831 303 1861; x_wconf 86' lang='lat' dir='ltr'>dis</span> <span class='ocrx_word' id='word_1_161' title='bbox 343 1833 503 1872; x_wconf 81' lang='lat' dir='ltr'>appellat.</span> <span class='ocrx_word' id='word_1_162' title='bbox 550 1833 671 1863; x_wconf 86' lang='lat' dir='ltr'>Rotam</span> <span class='ocrx_word' id='word_1_163' title='bbox 713 1833 856 1864; x_wconf 82' lang='lat' dir='ltr'>ferream</span> <span class='ocrx_word' id='word_1_164' title='bbox 893 1845 953 1866; x_wconf 86' lang='lat' dir='ltr'>seu</span> 
     </span>
     <span class='ocr_line' id='line_1_33' title="bbox 252 1881 952 1923; baseline 0.006 -12"><span class='ocrx_word' id='word_1_165' title='bbox 252 1891 376 1911; x_wconf 70' lang='lat' dir='ltr'>aeream</span> <span class='ocrx_word' id='word_1_166' title='bbox 407 1881 538 1922; x_wconf 82' lang='lat' dir='ltr'>dicunt,</span> <span class='ocrx_word' id='word_1_167' title='bbox 568 1884 620 1913; x_wconf 88' lang='lat' dir='ltr'>cui</span> <span class='ocrx_word' id='word_1_168' title='bbox 651 1883 708 1914; x_wconf 86' lang='lat' dir='ltr'>fila</span> <span class='ocrx_word' id='word_1_169' title='bbox 732 1891 766 1914; x_wconf 84' lang='lat' dir='ltr'>et</span> <span class='ocrx_word' id='word_1_170' title='bbox 795 1886 952 1923; x_wconf 87' lang='lat' dir='ltr'>stamina,</span> 
     </span>
     <span class='ocr_line' id='line_1_34' title="bbox 251 1932 953 1974; baseline 0.006 -12"><span class='ocrx_word' id='word_1_171' title='bbox 251 1932 374 1973; x_wconf 82' lang='lat' dir='ltr'>quibus</span> <span class='ocrx_word' id='word_1_172' title='bbox 405 1943 439 1964; x_wconf 87' lang='lat' dir='ltr'>se</span> <span class='ocrx_word' id='word_1_173' title='bbox 470 1935 560 1964; x_wconf 88' lang='lat' dir='ltr'>viros</span> <span class='ocrx_word' id='word_1_174' title='bbox 589 1934 721 1974; x_wconf 85' lang='lat' dir='ltr'>illigare</span> <span class='ocrx_word' id='word_1_175' title='bbox 753 1935 953 1974; x_wconf 85' lang='lat' dir='ltr'>credebaut,</span> 
     </span>
     <span class='ocr_line' id='line_1_35' title="bbox 251 1984 952 2024; baseline 0.004 -12"><span class='ocrx_word' id='word_1_176' title='bbox 251 1991 339 2023; x_wconf 82' lang='lat' dir='ltr'>sagae</span> <span class='ocrx_word' id='word_1_177' title='bbox 354 1984 626 2023; x_wconf 85' lang='lat' dir='ltr'>torquebant‚uti</span> <span class='ocrx_word' id='word_1_178' title='bbox 641 1985 852 2024; x_wconf 78' lang='lat' dir='ltr'>Propertius,</span> <span class='ocrx_word' id='word_1_179' title='bbox 865 1985 952 2016; x_wconf 86' lang='lat' dir='ltr'>Tlie-</span> 
     </span>
     <span class='ocr_line' id='line_1_36' title="bbox 249 2033 728 2073; baseline 0.002 -10"><span class='ocrx_word' id='word_1_180' title='bbox 249 2033 389 2071; x_wconf 87' lang='lat' dir='ltr'>ocritus,</span> <span class='ocrx_word' id='word_1_181' title='bbox 406 2038 441 2064; x_wconf 89' lang='lat' dir='ltr'>et</span> <span class='ocrx_word' id='word_1_182' title='bbox 457 2033 575 2073; x_wconf 70' lang='lat' dir='ltr'>Virgil.</span> <span class='ocrx_word' id='word_1_183' title='bbox 592 2033 728 2064; x_wconf 82' lang='lat' dir='ltr'>docent.</span> 
     </span>
    </p>

    <p class='ocr_par' dir='ltr' id='par_1_6' title="bbox 249 2082 952 2224">
     <span class='ocr_line' id='line_1_37' title="bbox 295 2082 951 2122; baseline 0.005 -10"><span class='ocrx_word' id='word_1_184' title='bbox 295 2085 333 2112; x_wconf 92' lang='lat'>10</span> <span class='ocrx_word' id='word_1_185' title='bbox 363 2082 498 2113; x_wconf 79' lang='lat' dir='ltr'>Vendere</span> <span class='ocrx_word' id='word_1_186' title='bbox 525 2083 610 2122; x_wconf 78' lang='lat' dir='ltr'>lena]</span> <span class='ocrx_word' id='word_1_187' title='bbox 658 2084 764 2121; x_wconf 88' lang='lat' dir='ltr'>Lena,</span> <span class='ocrx_word' id='word_1_188' title='bbox 795 2085 951 2115; x_wconf 85' lang='lat' dir='ltr'>concilia-</span> 
     </span>
     <span class='ocr_line' id='line_1_38' title="bbox 249 2131 952 2175; baseline 0.006 -14"><span class='ocrx_word' id='word_1_189' title='bbox 249 2131 317 2161; x_wconf 86' lang='lat' dir='ltr'>trix</span> <span class='ocrx_word' id='word_1_190' title='bbox 335 2141 496 2171; x_wconf 91' lang='lat' dir='ltr'>amorum,</span> <span class='ocrx_word' id='word_1_191' title='bbox 525 2142 599 2173; x_wconf 85' lang='lat' dir='ltr'>quae</span> <span class='ocrx_word' id='word_1_192' title='bbox 617 2133 708 2173; x_wconf 87' lang='lat' dir='ltr'>turpi</span> <span class='ocrx_word' id='word_1_193' title='bbox 732 2143 773 2163; x_wconf 78' lang='lat' dir='ltr'>ex</span> <span class='ocrx_word' id='word_1_194' title='bbox 790 2143 837 2170; x_wconf 90' lang='lat' dir='ltr'>re,</span> <span class='ocrx_word' id='word_1_195' title='bbox 863 2144 952 2175; x_wconf 86' lang='lat' dir='ltr'>quae-</span> 
     </span>
     <span class='ocr_line' id='line_1_39' title="bbox 250 2183 854 2224; baseline 0.003 -11"><span class='ocrx_word' id='word_1_196' title='bbox 250 2187 338 2214; x_wconf 85' lang='lat' dir='ltr'>stum</span> <span class='ocrx_word' id='word_1_197' title='bbox 356 2183 464 2214; x_wconf 86' lang='lat' dir='ltr'>alieno</span> <span class='ocrx_word' id='word_1_198' title='bbox 481 2184 581 2214; x_wconf 86' lang='lat' dir='ltr'>etiam</span> <span class='ocrx_word' id='word_1_199' title='bbox 599 2193 742 2224; x_wconf 84' lang='lat' dir='ltr'>corpore</span> <span class='ocrx_word' id='word_1_200' title='bbox 759 2183 854 2216; x_wconf 84' lang='lat' dir='ltr'>facit.</span> 
     </span>
    </p>

    <p class='ocr_par' dir='ltr' id='par_1_7' title="bbox 251 2232 950 2578">
     <span class='ocr_line' id='line_1_40' title="bbox 294 2232 949 2276; baseline 0.005 -13"><span class='ocrx_word' id='word_1_201' title='bbox 294 2236 331 2264; x_wconf 89' lang='lat'>11</span> <span class='ocrx_word' id='word_1_202' title='bbox 358 2232 409 2264; x_wconf 75' lang='lat' dir='ltr'>Sit</span> <span class='ocrx_word' id='word_1_203' title='bbox 435 2233 493 2264; x_wconf 74' lang='lat' dir='ltr'>tibi</span> <span class='ocrx_word' id='word_1_204' title='bbox 515 2237 599 2264; x_wconf 78' lang='lat' dir='ltr'>terra</span> <span class='ocrx_word' id='word_1_205' title='bbox 621 2234 710 2274; x_wconf 70' lang='lat' dir='ltr'>levis]</span> <span class='ocrx_word' id='word_1_206' title='bbox 756 2234 843 2266; x_wconf 70' lang='lat' dir='ltr'>Vide</span> <span class='ocrx_word' id='word_1_207' title='bbox 868 2235 949 2276; x_wconf 88' lang='lat' dir='ltr'>Epi-</span> 
     </span>
     <span class='ocr_line' id='line_1_41' title="bbox 253 2285 950 2326; baseline 0.003 -12"><span class='ocrx_word' id='word_1_208' title='bbox 253 2293 355 2324; x_wconf 88' lang='lat' dir='ltr'>gram.</span> <span class='ocrx_word' id='word_1_209' title='bbox 370 2286 423 2315; x_wconf 76' lang='lat'>89.</span> <span class='ocrx_word' id='word_1_210' title='bbox 442 2285 497 2315; x_wconf 91' lang='lat' dir='ltr'>lib.</span> <span class='ocrx_word' id='word_1_211' title='bbox 518 2287 545 2315; x_wconf 88' lang='grc'>1.</span> <span class='ocrx_word' id='word_1_212' title='bbox 562 2294 649 2315; x_wconf 87' lang='lat' dir='ltr'>vers.</span> <span class='ocrx_word' id='word_1_213' title='bbox 663 2287 695 2315; x_wconf 79' lang='lat'>2.</span> <span class='ocrx_word' id='word_1_214' title='bbox 723 2286 818 2326; x_wconf 85' lang='lat' dir='ltr'>cujus</span> <span class='ocrx_word' id='word_1_215' title='bbox 835 2295 950 2325; x_wconf 84' lang='lat' dir='ltr'>preca-</span> 
     </span>
     <span class='ocr_line' id='line_1_42' title="bbox 251 2335 949 2368; baseline 0.004 -3"><span class='ocrx_word' id='word_1_216' title='bbox 251 2335 352 2366; x_wconf 88' lang='lat' dir='ltr'>tionis</span> <span class='ocrx_word' id='word_1_217' title='bbox 369 2335 545 2367; x_wconf 87' lang='lat' dir='ltr'>formulam</span> <span class='ocrx_word' id='word_1_218' title='bbox 561 2336 699 2367; x_wconf 87' lang='lat' dir='ltr'>invertit</span> <span class='ocrx_word' id='word_1_219' title='bbox 723 2336 834 2367; x_wconf 74' lang='lat' dir='ltr'>Poeta</span> <span class='ocrx_word' id='word_1_220' title='bbox 851 2347 949 2368; x_wconf 88' lang='lat' dir='ltr'>versu</span> 
     </span>
     <span class='ocr_line' id='line_1_43' title="bbox 252 2386 950 2428; baseline 0.001 -11"><span class='ocrx_word' id='word_1_221' title='bbox 252 2395 324 2427; x_wconf 84' lang='lat' dir='ltr'>seq.</span> <span class='ocrx_word' id='word_1_222' title='bbox 347 2386 476 2426; x_wconf 88' lang='lat' dir='ltr'>dicens,</span> <span class='ocrx_word' id='word_1_223' title='bbox 508 2388 559 2418; x_wconf 89' lang='lat' dir='ltr'>Sit</span> <span class='ocrx_word' id='word_1_224' title='bbox 575 2387 638 2418; x_wconf 87' lang='lat' dir='ltr'>tibi</span> <span class='ocrx_word' id='word_1_225' title='bbox 664 2393 754 2418; x_wconf 88' lang='lat' dir='ltr'>terra</span> <span class='ocrx_word' id='word_1_226' title='bbox 771 2393 837 2419; x_wconf 90' lang='lat' dir='ltr'>tam</span> <span class='ocrx_word' id='word_1_227' title='bbox 855 2389 950 2428; x_wconf 75' lang='lat' dir='ltr'>levis,</span> 
     </span>
     <span class='ocr_line' id='line_1_44' title="bbox 251 2437 948 2469; baseline 0.003 -2"><span class='ocrx_word' id='word_1_228' title='bbox 251 2442 289 2468; x_wconf 86' lang='lat' dir='ltr'>ut</span> <span class='ocrx_word' id='word_1_229' title='bbox 304 2447 379 2468; x_wconf 82' lang='lat' dir='ltr'>ossa</span> <span class='ocrx_word' id='word_1_230' title='bbox 403 2443 461 2469; x_wconf 87' lang='lat' dir='ltr'>tua</span> <span class='ocrx_word' id='word_1_231' title='bbox 479 2448 497 2468; x_wconf 89' lang='lat' dir='ltr'>a</span> <span class='ocrx_word' id='word_1_232' title='bbox 514 2438 654 2469; x_wconf 86' lang='lat' dir='ltr'>canibus</span> <span class='ocrx_word' id='word_1_233' title='bbox 681 2437 802 2469; x_wconf 84' lang='lat' dir='ltr'>effossa</span> <span class='ocrx_word' id='word_1_234' title='bbox 828 2439 948 2469; x_wconf 85' lang='lat' dir='ltr'>rodan-</span> 
     </span>
     <span class='ocr_line' id='line_1_45' title="bbox 251 2488 950 2529; baseline 0.004 -12"><span class='ocrx_word' id='word_1_235' title='bbox 251 2491 317 2518; x_wconf 85' lang='lat' dir='ltr'>tur.</span> <span class='ocrx_word' id='word_1_236' title='bbox 356 2488 413 2518; x_wconf 87' lang='lat' dir='ltr'>Sic</span> <span class='ocrx_word' id='word_1_237' title='bbox 431 2488 641 2529; x_wconf 82' lang='lat' dir='ltr'>Ammianus,</span> <span class='ocrx_word' id='word_1_238' title='bbox 657 2489 711 2525; x_wconf 80' lang='grc' dir='ltr'>Εἵη</span> <span class='ocrx_word' id='word_1_239' title='bbox 727 2500 775 2520; x_wconf 81' lang='grc' dir='ltr'>σοι</span> <span class='ocrx_word' id='word_1_240' title='bbox 789 2489 868 2519; x_wconf 83' lang='grc' dir='ltr'>κατὰ</span> <span class='ocrx_word' id='word_1_241' title='bbox 881 2490 950 2529; x_wconf 79' lang='grc' dir='ltr'>γῆς,</span> 
     </span>
     <span class='ocr_line' id='line_1_46' title="bbox 251 2538 523 2578; baseline 0.011 -11"><span class='ocrx_word' id='word_1_242' title='bbox 251 2539 314 2568; x_wconf 65' lang='grc' dir='ltr'>ἃς.</span> <span class='ocrx_word' id='word_1_243' title='bbox 340 2538 523 2578; x_wconf 80' lang='lat' dir='ltr'>Antliolog.</span> 
     </span>
    </p>

    <p class='ocr_par' dir='ltr' id='par_1_8' title="bbox 249 2589 950 2680">
     <span class='ocr_line' id='line_1_47' title="bbox 292 2589 950 2621; baseline 0.005 -3"><span class='ocrx_word' id='word_1_244' title='bbox 292 2589 394 2619; x_wconf 68' lang='lat' dir='ltr'>Eris.</span> <span class='ocrx_word' id='word_1_245' title='bbox 423 2597 529 2620; x_wconf 76' lang='lat' dir='ltr'>xxxt.</span> <span class='ocrx_word' id='word_1_246' title='bbox 568 2589 707 2621; x_wconf 79' lang='lat' dir='ltr'>Antistii</span> <span class='ocrx_word' id='word_1_247' title='bbox 737 2589 869 2621; x_wconf 78' lang='lat' dir='ltr'>Rustici</span> <span class='ocrx_word' id='word_1_248' title='bbox 900 2595 950 2621; x_wconf 92' lang='lat' dir='ltr'>tu-</span> 
     </span>
     <span class='ocr_line' id='line_1_48' title="bbox 249 2639 948 2680; baseline 0.004 -13"><span class='ocrx_word' id='word_1_249' title='bbox 249 2639 417 2677; x_wconf 88' lang='lat' dir='ltr'>mulus‚et</span> <span class='ocrx_word' id='word_1_250' title='bbox 432 2639 544 2679; x_wconf 84' lang='lat' dir='ltr'>pietas</span> <span class='ocrx_word' id='word_1_251' title='bbox 561 2639 715 2680; x_wconf 74' lang='lat' dir='ltr'>Nigrinae</span> <span class='ocrx_word' id='word_1_252' title='bbox 733 2641 948 2671; x_wconf 82' lang='lat' dir='ltr'>describitur.</span> 
     </span>
    </p>

    <p class='ocr_par' dir='ltr' id='par_1_9' title="bbox 250 2690 948 2772">
     <span class='ocr_line' id='line_1_49' title="bbox 292 2690 948 2732; baseline 0.005 -13"><span class='ocrx_word' id='word_1_253' title='bbox 292 2692 308 2719; x_wconf 82' lang='lat'>1</span> <span class='ocrx_word' id='word_1_254' title='bbox 337 2690 562 2731; x_wconf 79' lang='lat' dir='ltr'>Cappadocum,</span> <span class='ocrx_word' id='word_1_255' title='bbox 590 2691 659 2732; x_wconf 56' lang='lat' dir='ltr'>Syna]</span> <span class='ocrx_word' id='word_1_256' title='bbox 696 2691 868 2732; x_wconf 78' lang='lat' dir='ltr'>Epigram.</span> <span class='ocrx_word' id='word_1_257' title='bbox 896 2694 948 2722; x_wconf 81' lang='grc'>85.</span> 
     </span>
     <span class='ocr_line' id='line_1_50' title="bbox 250 2738 503 2772; baseline 0.016 -4"><span class='ocrx_word' id='word_1_258' title='bbox 250 2738 307 2771; x_wconf 88' lang='lat' dir='ltr'>lib.</span> <span class='ocrx_word' id='word_1_259' title='bbox 322 2742 354 2770; x_wconf 82' lang='lat'>6.</span> <span class='ocrx_word' id='word_1_260' title='bbox 372 2750 456 2770; x_wconf 87' lang='lat' dir='ltr'>vers.</span> <span class='ocrx_word' id='word_1_261' title='bbox 473 2744 503 2772; x_wconf 84' lang='lat'>3.</span> 
     </span>
    </p>

    <p class='ocr_par' dir='ltr' id='par_1_10' title="bbox 250 2788 949 2880">
     <span class='ocr_line' id='line_1_51' title="bbox 293 2788 949 2831; baseline 0.008 -13"><span class='ocrx_word' id='word_1_262' title='bbox 293 2791 311 2819; x_wconf 85' lang='lat'><strong>3</strong></span> <span class='ocrx_word' id='word_1_263' title='bbox 337 2788 484 2828; x_wconf 80' lang='lat' dir='ltr'>Rettulit,</span> <span class='ocrx_word' id='word_1_264' title='bbox 497 2789 566 2830; x_wconf 49' lang='grc' dir='ltr'>ἐξα]</span> <span class='ocrx_word' id='word_1_265' title='bbox 605 2791 656 2822; x_wconf 83' lang='lat' dir='ltr'>Ex</span> <span class='ocrx_word' id='word_1_266' title='bbox 675 2791 843 2822; x_wconf 79' lang='lat' dir='ltr'>Armeniae</span> <span class='ocrx_word' id='word_1_267' title='bbox 862 2793 949 2831; x_wconf 89' lang='lat' dir='ltr'>Cap-</span> 
     </span>
     <span class='ocr_line' id='line_1_52' title="bbox 250 2839 949 2880; baseline 0.004 -10"><span class='ocrx_word' id='word_1_268' title='bbox 250 2839 393 2880; x_wconf 88' lang='lat' dir='ltr'>padocia</span> <span class='ocrx_word' id='word_1_269' title='bbox 411 2839 563 2872; x_wconf 81' lang='lat' dir='ltr'>Romam.</span> <span class='ocrx_word' id='word_1_270' title='bbox 608 2842 664 2873; x_wconf 92' lang='lat' dir='ltr'>De</span> <span class='ocrx_word' id='word_1_271' title='bbox 691 2851 783 2873; x_wconf 89' lang='lat' dir='ltr'>more</span> <span class='ocrx_word' id='word_1_272' title='bbox 805 2852 880 2873; x_wconf 82' lang='lat' dir='ltr'>ossa</span> <span class='ocrx_word' id='word_1_273' title='bbox 893 2842 949 2874; x_wconf 89' lang='lat' dir='ltr'>de-</span> 
     </span>
    </p>
   </div>
   <div class='ocr_carea' id='block_1_3' title="bbox 729 217 1254 249">
    <p class='ocr_par' dir='ltr' id='par_1_11' title="bbox 729 217 1254 249">
     <span class='ocr_line' id='line_1_53' title="bbox 729 217 1254 249; baseline 0 -1"><span class='ocrx_word' id='word_1_274' title='bbox 729 217 871 249; x_wconf 81' lang='lat' dir='ltr'>NOTAE</span> <span class='ocrx_word' id='word_1_275' title='bbox 904 218 1169 249; x_wconf 77' lang='lat' dir='ltr'><strong>VARIORUM</strong></span> <span class='ocrx_word' id='word_1_276' title='bbox 1204 219 1254 248; x_wconf 71' lang='lat' dir='ltr'>IN</span> 
     </span>
    </p>
   </div>
   <div class='ocr_carea' id='block_1_4' title="bbox 999 311 1716 2884">
    <p class='ocr_par' dir='ltr' id='par_1_12' title="bbox 1003 311 1716 2117">
     <span class='ocr_line' id='line_1_54' title="bbox 1011 311 1710 354; baseline 0.004 -12"><span class='ocrx_word' id='word_1_277' title='bbox 1011 311 1204 343; x_wconf 88' lang='lat' dir='ltr'>functorum</span> <span class='ocrx_word' id='word_1_278' title='bbox 1243 312 1480 353; x_wconf 85' lang='lat' dir='ltr'>componendi,</span> <span class='ocrx_word' id='word_1_279' title='bbox 1521 313 1579 354; x_wconf 87' lang='lat' dir='ltr'>qui</span> <span class='ocrx_word' id='word_1_280' title='bbox 1616 314 1710 345; x_wconf 89' lang='lat' dir='ltr'>talis:</span> 
     </span>
     <span class='ocr_line' id='line_1_55' title="bbox 1012 362 1714 404; baseline 0.004 -12"><span class='ocrx_word' id='word_1_281' title='bbox 1012 363 1128 393; x_wconf 88' lang='lat' dir='ltr'>Primo</span> <span class='ocrx_word' id='word_1_282' title='bbox 1160 362 1292 393; x_wconf 85' lang='lat' dir='ltr'>bustum</span> <span class='ocrx_word' id='word_1_283' title='bbox 1323 364 1399 393; x_wconf 75' lang='lat' dir='ltr'>vino</span> <span class='ocrx_word' id='word_1_284' title='bbox 1437 364 1714 404; x_wconf 71' lang='lat' dir='ltr'>exstinguebant,</span> 
     </span>
     <span class='ocr_line' id='line_1_56' title="bbox 1011 414 1713 452; baseline 0.003 -9"><span class='ocrx_word' id='word_1_285' title='bbox 1011 423 1127 443; x_wconf 82' lang='lat' dir='ltr'>manes</span> <span class='ocrx_word' id='word_1_286' title='bbox 1140 415 1321 452; x_wconf 87' lang='lat' dir='ltr'>vocabant,</span> <span class='ocrx_word' id='word_1_287' title='bbox 1332 414 1409 444; x_wconf 84' lang='lat' dir='ltr'>lotis</span> <span class='ocrx_word' id='word_1_288' title='bbox 1424 414 1546 445; x_wconf 79' lang='lat' dir='ltr'>deinde</span> <span class='ocrx_word' id='word_1_289' title='bbox 1560 415 1713 445; x_wconf 83' lang='lat' dir='ltr'>inanibus</span> 
     </span>
     <span class='ocr_line' id='line_1_57' title="bbox 1012 464 1713 505; baseline 0.001 -11"><span class='ocrx_word' id='word_1_290' title='bbox 1012 474 1087 495; x_wconf 86' lang='lat' dir='ltr'>ossa</span> <span class='ocrx_word' id='word_1_291' title='bbox 1113 465 1289 504; x_wconf 83' lang='lat' dir='ltr'>legebant,</span> <span class='ocrx_word' id='word_1_292' title='bbox 1314 465 1402 495; x_wconf 86' lang='lat' dir='ltr'>lecta</span> <span class='ocrx_word' id='word_1_293' title='bbox 1430 465 1506 495; x_wconf 86' lang='lat' dir='ltr'>vino</span> <span class='ocrx_word' id='word_1_294' title='bbox 1530 464 1713 505; x_wconf 85' lang='lat' dir='ltr'>perfunde-</span> 
     </span>
     <span class='ocr_line' id='line_1_58' title="bbox 1011 514 1714 554; baseline 0 -8"><span class='ocrx_word' id='word_1_295' title='bbox 1011 514 1093 546; x_wconf 89' lang='lat' dir='ltr'>bant</span> <span class='ocrx_word' id='word_1_296' title='bbox 1119 521 1153 546; x_wconf 88' lang='lat' dir='ltr'>et</span> <span class='ocrx_word' id='word_1_297' title='bbox 1178 515 1289 554; x_wconf 83' lang='lat' dir='ltr'>lacte3</span> <span class='ocrx_word' id='word_1_298' title='bbox 1322 525 1399 546; x_wconf 81' lang='lat' dir='ltr'>mox</span> <span class='ocrx_word' id='word_1_299' title='bbox 1428 520 1529 546; x_wconf 86' lang='lat' dir='ltr'>vento</span> <span class='ocrx_word' id='word_1_300' title='bbox 1554 515 1714 547; x_wconf 83' lang='lat' dir='ltr'>siccanda</span> 
     </span>
     <span class='ocr_line' id='line_1_59' title="bbox 1010 566 1716 605; baseline 0.001 -10"><span class='ocrx_word' id='word_1_301' title='bbox 1010 566 1252 605; x_wconf 75' lang='lat' dir='ltr'>exponebant3</span> <span class='ocrx_word' id='word_1_302' title='bbox 1286 567 1413 597; x_wconf 88' lang='lat' dir='ltr'>siccata</span> <span class='ocrx_word' id='word_1_303' title='bbox 1442 566 1648 597; x_wconf 86' lang='lat' dir='ltr'>aromatibus</span> <span class='ocrx_word' id='word_1_304' title='bbox 1681 571 1716 596; x_wconf 84' lang='lat' dir='ltr'>et</span> 
     </span>
     <span class='ocr_line' id='line_1_60' title="bbox 1010 615 1713 657; baseline 0.003 -11"><span class='ocrx_word' id='word_1_305' title='bbox 1010 615 1170 647; x_wconf 88' lang='lat' dir='ltr'>odoribus</span> <span class='ocrx_word' id='word_1_306' title='bbox 1186 618 1288 648; x_wconf 87' lang='lat' dir='ltr'>mista</span> <span class='ocrx_word' id='word_1_307' title='bbox 1304 618 1336 648; x_wconf 91' lang='lat' dir='ltr'>in</span> <span class='ocrx_word' id='word_1_308' title='bbox 1355 626 1470 647; x_wconf 83' lang='lat' dir='ltr'>urnam</span> <span class='ocrx_word' id='word_1_309' title='bbox 1490 617 1713 657; x_wconf 77' lang='lat' dir='ltr'>reponebant,</span> 
     </span>
     <span class='ocr_line' id='line_1_61' title="bbox 1010 667 1713 709; baseline 0.003 -13"><span class='ocrx_word' id='word_1_310' title='bbox 1010 667 1160 708; x_wconf 82' lang='lat' dir='ltr'>reliquiis</span> <span class='ocrx_word' id='word_1_311' title='bbox 1198 668 1364 709; x_wconf 79' lang='lat' dir='ltr'>lacrymas</span> <span class='ocrx_word' id='word_1_312' title='bbox 1410 668 1713 708; x_wconf 84' lang='lat' dir='ltr'>superfundebant.</span> 
     </span>
     <span class='ocr_line' id='line_1_62' title="bbox 1010 717 1713 750; baseline 0.004 -3"><span class='ocrx_word' id='word_1_313' title='bbox 1010 717 1066 748; x_wconf 90' lang='lat' dir='ltr'>Ita</span> <span class='ocrx_word' id='word_1_314' title='bbox 1083 718 1239 749; x_wconf 86' lang='lat' dir='ltr'>solebant</span> <span class='ocrx_word' id='word_1_315' title='bbox 1255 728 1330 749; x_wconf 84' lang='lat' dir='ltr'>ossa</span> <span class='ocrx_word' id='word_1_316' title='bbox 1347 719 1529 750; x_wconf 86' lang='lat' dir='ltr'>amicorum</span> <span class='ocrx_word' id='word_1_317' title='bbox 1546 723 1581 750; x_wconf 84' lang='lat' dir='ltr'>et</span> <span class='ocrx_word' id='word_1_318' title='bbox 1597 720 1713 750; x_wconf 89' lang='lat' dir='ltr'>charo-</span> 
     </span>
     <span class='ocr_line' id='line_1_63' title="bbox 1009 770 1713 811; baseline 0.004 -14"><span class='ocrx_word' id='word_1_319' title='bbox 1009 777 1096 807; x_wconf 85' lang='lat' dir='ltr'>rum,</span> <span class='ocrx_word' id='word_1_320' title='bbox 1119 779 1136 800; x_wconf 90' lang='lat' dir='ltr'>e</span> <span class='ocrx_word' id='word_1_321' title='bbox 1164 774 1257 801; x_wconf 84' lang='lat' dir='ltr'>terra</span> <span class='ocrx_word' id='word_1_322' title='bbox 1284 770 1465 811; x_wconf 84' lang='lat' dir='ltr'>peregrina</span> <span class='ocrx_word' id='word_1_323' title='bbox 1492 770 1534 801; x_wconf 86' lang='lat' dir='ltr'>ad</span> <span class='ocrx_word' id='word_1_324' title='bbox 1563 771 1713 810; x_wconf 88' lang='lat' dir='ltr'>patrium</span> 
     </span>
     <span class='ocr_line' id='line_1_64' title="bbox 1010 819 1713 858; baseline 0.006 -11"><span class='ocrx_word' id='word_1_325' title='bbox 1010 819 1117 849; x_wconf 86' lang='lat' dir='ltr'>solum</span> <span class='ocrx_word' id='word_1_326' title='bbox 1132 819 1272 851; x_wconf 86' lang='lat' dir='ltr'>referre.</span> <span class='ocrx_word' id='word_1_327' title='bbox 1318 821 1416 854; x_wconf 82' lang='lat' dir='ltr'>Quod</span> <span class='ocrx_word' id='word_1_328' title='bbox 1435 826 1470 851; x_wconf 88' lang='lat' dir='ltr'>ut</span> <span class='ocrx_word' id='word_1_329' title='bbox 1486 821 1598 858; x_wconf 78' lang='lat' dir='ltr'>fieret,</span> <span class='ocrx_word' id='word_1_330' title='bbox 1615 820 1713 851; x_wconf 90' lang='lat' dir='ltr'>multi</span> 
     </span>
     <span class='ocr_line' id='line_1_65' title="bbox 1010 869 1713 910; baseline 0.004 -12"><span class='ocrx_word' id='word_1_331' title='bbox 1010 869 1111 899; x_wconf 88' lang='lat' dir='ltr'>etiam</span> <span class='ocrx_word' id='word_1_332' title='bbox 1138 875 1345 901; x_wconf 86' lang='lat' dir='ltr'>testamento</span> <span class='ocrx_word' id='word_1_333' title='bbox 1362 871 1544 910; x_wconf 83' lang='lat' dir='ltr'>cavebant,</span> <span class='ocrx_word' id='word_1_334' title='bbox 1563 876 1598 901; x_wconf 90' lang='lat' dir='ltr'>ut</span> <span class='ocrx_word' id='word_1_335' title='bbox 1615 876 1713 910; x_wconf 79' lang='lat' dir='ltr'>patet</span> 
     </span>
     <span class='ocr_line' id='line_1_66' title="bbox 1010 920 1712 962; baseline 0.004 -13"><span class='ocrx_word' id='word_1_336' title='bbox 1010 929 1051 949; x_wconf 85' lang='lat' dir='ltr'>ex</span> <span class='ocrx_word' id='word_1_337' title='bbox 1068 920 1365 962; x_wconf 85' lang='lat' dir='ltr'>Inscriptionibus.</span> <span class='ocrx_word' id='word_1_338' title='bbox 1412 923 1575 953; x_wconf 85' lang='lat' dir='ltr'>Mulieres</span> <span class='ocrx_word' id='word_1_339' title='bbox 1599 929 1712 952; x_wconf 85' lang='lat' dir='ltr'>antem</span> 
     </span>
     <span class='ocr_line' id='line_1_67' title="bbox 1009 972 1712 1012; baseline 0.006 -12"><span class='ocrx_word' id='word_1_340' title='bbox 1009 979 1085 1001; x_wconf 82' lang='lat' dir='ltr'>ossa</span> <span class='ocrx_word' id='word_1_341' title='bbox 1101 972 1172 1002; x_wconf 89' lang='lat' dir='ltr'>sinu</span> <span class='ocrx_word' id='word_1_342' title='bbox 1197 972 1371 1012; x_wconf 83' lang='lat' dir='ltr'>legebant,</span> <span class='ocrx_word' id='word_1_343' title='bbox 1396 979 1434 1004; x_wconf 89' lang='lat' dir='ltr'>ut</span> <span class='ocrx_word' id='word_1_344' title='bbox 1461 973 1632 1004; x_wconf 83' lang='lat' dir='ltr'>Heraldus</span> <span class='ocrx_word' id='word_1_345' title='bbox 1649 973 1712 1004; x_wconf 86' lang='lat' dir='ltr'>boc</span> 
     </span>
     <span class='ocr_line' id='line_1_68' title="bbox 1009 1020 1712 1055; baseline 0.003 -4"><span class='ocrx_word' id='word_1_346' title='bbox 1009 1020 1112 1052; x_wconf 89' lang='lat' dir='ltr'>docet</span> <span class='ocrx_word' id='word_1_347' title='bbox 1134 1022 1191 1053; x_wconf 88' lang='lat' dir='ltr'>lib.</span> <span class='ocrx_word' id='word_1_348' title='bbox 1217 1026 1246 1053; x_wconf 87' lang='lat'>1.</span> <span class='ocrx_word' id='word_1_349' title='bbox 1279 1023 1516 1055; x_wconf 80' lang='lat' dir='ltr'>Adversarior.</span> <span class='ocrx_word' id='word_1_350' title='bbox 1552 1024 1639 1054; x_wconf 88' lang='lat' dir='ltr'>Dnae</span> <span class='ocrx_word' id='word_1_351' title='bbox 1656 1032 1712 1053; x_wconf 92' lang='lat' dir='ltr'>au-</span> 
     </span>
     <span class='ocr_line' id='line_1_69' title="bbox 1009 1072 1712 1114; baseline 0.004 -13"><span class='ocrx_word' id='word_1_352' title='bbox 1009 1076 1075 1102; x_wconf 88' lang='lat' dir='ltr'>tem</span> <span class='ocrx_word' id='word_1_353' title='bbox 1101 1072 1155 1103; x_wconf 86' lang='lat' dir='ltr'>hic</span> <span class='ocrx_word' id='word_1_354' title='bbox 1183 1075 1388 1114; x_wconf 66' lang='lat' dir='ltr'>quaestiones</span> <span class='ocrx_word' id='word_1_355' title='bbox 1415 1073 1621 1104; x_wconf 75' lang='lat' dir='ltr'>difficillimae</span> <span class='ocrx_word' id='word_1_356' title='bbox 1640 1083 1712 1104; x_wconf 79' lang='lat' dir='ltr'>nas-</span> 
     </span>
     <span class='ocr_line' id='line_1_70' title="bbox 1008 1123 1712 1157; baseline 0.003 -5"><span class='ocrx_word' id='word_1_357' title='bbox 1008 1127 1143 1154; x_wconf 83' lang='lat' dir='ltr'>cuntur.</span> <span class='ocrx_word' id='word_1_358' title='bbox 1188 1123 1326 1154; x_wconf 86' lang='lat' dir='ltr'>Prima:</span> <span class='ocrx_word' id='word_1_359' title='bbox 1362 1124 1538 1157; x_wconf 79' lang='lat' dir='ltr'>Quomodo</span> <span class='ocrx_word' id='word_1_360' title='bbox 1553 1134 1628 1155; x_wconf 85' lang='lat' dir='ltr'>ossa</span> <span class='ocrx_word' id='word_1_361' title='bbox 1644 1124 1712 1154; x_wconf 84' lang='lat' dir='ltr'>dis-</span> 
     </span>
     <span class='ocr_line' id='line_1_71' title="bbox 1008 1174 1712 1213; baseline 0.004 -11"><span class='ocrx_word' id='word_1_362' title='bbox 1008 1174 1100 1203; x_wconf 87' lang='lat' dir='ltr'>cerni</span> <span class='ocrx_word' id='word_1_363' title='bbox 1117 1175 1292 1213; x_wconf 84' lang='lat' dir='ltr'>potuerint</span> <span class='ocrx_word' id='word_1_364' title='bbox 1305 1175 1346 1205; x_wconf 90' lang='lat' dir='ltr'>ab</span> <span class='ocrx_word' id='word_1_365' title='bbox 1364 1175 1491 1205; x_wconf 84' lang='lat' dir='ltr'>ossibus</span> <span class='ocrx_word' id='word_1_366' title='bbox 1507 1175 1712 1213; x_wconf 88' lang='lat' dir='ltr'>animalium,</span> 
     </span>
     <span class='ocr_line' id='line_1_72' title="bbox 1008 1225 1712 1263; baseline 0.003 -11"><span class='ocrx_word' id='word_1_367' title='bbox 1008 1232 1082 1262; x_wconf 78' lang='lat' dir='ltr'>quae</span> <span class='ocrx_word' id='word_1_368' title='bbox 1109 1233 1201 1263; x_wconf 68' lang='lat' dir='ltr'>saepe</span> <span class='ocrx_word' id='word_1_369' title='bbox 1225 1225 1321 1254; x_wconf 73' lang='lat' dir='ltr'>simul</span> <span class='ocrx_word' id='word_1_370' title='bbox 1350 1235 1425 1255; x_wconf 84' lang='lat' dir='ltr'>cuin</span> <span class='ocrx_word' id='word_1_371' title='bbox 1453 1225 1622 1256; x_wconf 91' lang='lat' dir='ltr'>cadavere</span> <span class='ocrx_word' id='word_1_372' title='bbox 1639 1234 1712 1255; x_wconf 87' lang='lat' dir='ltr'>cre-</span> 
     </span>
     <span class='ocr_line' id='line_1_73' title="bbox 1006 1271 1712 1314; baseline 0.007 -13"><span class='ocrx_word' id='word_1_373' title='bbox 1006 1271 1197 1304; x_wconf 86' lang='lat' dir='ltr'>mabantur.</span> <span class='ocrx_word' id='word_1_374' title='bbox 1224 1275 1401 1305; x_wconf 85' lang='lat' dir='ltr'>Secunda:</span> <span class='ocrx_word' id='word_1_375' title='bbox 1422 1276 1601 1307; x_wconf 81' lang='lat' dir='ltr'>Quomodo</span> <span class='ocrx_word' id='word_1_376' title='bbox 1614 1276 1712 1314; x_wconf 85' lang='lat' dir='ltr'>cinis,</span> 
     </span>
     <span class='ocr_line' id='line_1_74' title="bbox 1006 1323 1711 1366; baseline 0.007 -14"><span class='ocrx_word' id='word_1_377' title='bbox 1006 1323 1060 1363; x_wconf 89' lang='lat' dir='ltr'>qui</span> <span class='ocrx_word' id='word_1_378' title='bbox 1077 1323 1290 1363; x_wconf 83' lang='lat' dir='ltr'>servabatur,</span> <span class='ocrx_word' id='word_1_379' title='bbox 1313 1324 1475 1364; x_wconf 77' lang='lat' dir='ltr'>distingui</span> <span class='ocrx_word' id='word_1_380' title='bbox 1501 1327 1664 1366; x_wconf 85' lang='lat' dir='ltr'>potuerit,</span> <span class='ocrx_word' id='word_1_381' title='bbox 1692 1336 1711 1356; x_wconf 88' lang='lat' dir='ltr'>a</span> 
     </span>
     <span class='ocr_line' id='line_1_75' title="bbox 1005 1372 1711 1415; baseline 0.007 -13"><span class='ocrx_word' id='word_1_382' title='bbox 1005 1372 1175 1404; x_wconf 85' lang='lat' dir='ltr'>cineribus</span> <span class='ocrx_word' id='word_1_383' title='bbox 1193 1384 1233 1404; x_wconf 73' lang='lat' dir='ltr'>ex</span> <span class='ocrx_word' id='word_1_384' title='bbox 1245 1375 1337 1415; x_wconf 87' lang='lat' dir='ltr'>ligno</span> <span class='ocrx_word' id='word_1_385' title='bbox 1352 1374 1532 1407; x_wconf 87' lang='lat' dir='ltr'>confectis.</span> <span class='ocrx_word' id='word_1_386' title='bbox 1555 1377 1711 1407; x_wconf 88' lang='lat' dir='ltr'>Priorem</span> 
     </span>
     <span class='ocr_line' id='line_1_76' title="bbox 1006 1423 1711 1463; baseline 0.007 -11"><span class='ocrx_word' id='word_1_387' title='bbox 1006 1423 1226 1463; x_wconf 60' lang='lat' dir='ltr'>quaestionem</span> <span class='ocrx_word' id='word_1_388' title='bbox 1253 1424 1407 1456; x_wconf 85' lang='lat' dir='ltr'>dissolvit</span> <span class='ocrx_word' id='word_1_389' title='bbox 1423 1426 1643 1457; x_wconf 84' lang='lat' dir='ltr'>Casanbonus</span> <span class='ocrx_word' id='word_1_390' title='bbox 1667 1427 1711 1458; x_wconf 86' lang='lat' dir='ltr'>ad</span> 
     </span>
     <span class='ocr_line' id='line_1_77' title="bbox 1005 1472 1710 1515; baseline 0.009 -13"><span class='ocrx_word' id='word_1_391' title='bbox 1005 1472 1157 1503; x_wconf 89' lang='lat' dir='ltr'>Suetonii</span> <span class='ocrx_word' id='word_1_392' title='bbox 1183 1473 1396 1515; x_wconf 72' lang='lat' dir='ltr'>Augustum:</span> <span class='ocrx_word' id='word_1_393' title='bbox 1435 1477 1618 1508; x_wconf 85' lang='lat' dir='ltr'>secundam</span> <span class='ocrx_word' id='word_1_394' title='bbox 1654 1487 1710 1507; x_wconf 87' lang='lat' dir='ltr'>ne-</span> 
     </span>
     <span class='ocr_line' id='line_1_78' title="bbox 1006 1523 1707 1566; baseline 0.009 -14"><span class='ocrx_word' id='word_1_395' title='bbox 1006 1532 1072 1561; x_wconf 90' lang='lat' dir='ltr'>mo,</span> <span class='ocrx_word' id='word_1_396' title='bbox 1088 1523 1174 1564; x_wconf 87' lang='lat' dir='ltr'>quod</span> <span class='ocrx_word' id='word_1_397' title='bbox 1191 1525 1306 1555; x_wconf 88' lang='lat' dir='ltr'>sciam.</span> <span class='ocrx_word' id='word_1_398' title='bbox 1351 1526 1518 1557; x_wconf 80' lang='lat' dir='ltr'>Existimo</span> <span class='ocrx_word' id='word_1_399' title='bbox 1540 1527 1643 1566; x_wconf 88' lang='lat' dir='ltr'>igitur</span> <span class='ocrx_word' id='word_1_400' title='bbox 1656 1540 1707 1565; x_wconf 85' lang='grc' dir='ltr'>με-</span> 
     </span>
     <span class='ocr_line' id='line_1_79' title="bbox 1003 1572 1709 1619; baseline 0.01 -17"><span class='ocrx_word' id='word_1_401' title='bbox 1003 1572 1043 1603; x_wconf 82' lang='grc' dir='ltr'>τὰ</span> <span class='ocrx_word' id='word_1_402' title='bbox 1074 1573 1132 1610; x_wconf 79' lang='grc' dir='ltr'>τὴν</span> <span class='ocrx_word' id='word_1_403' title='bbox 1155 1575 1211 1604; x_wconf 85' lang='grc' dir='ltr'>τοῦ</span> <span class='ocrx_word' id='word_1_404' title='bbox 1234 1574 1325 1615; x_wconf 80' lang='grc' dir='ltr'>πυρὸς</span> <span class='ocrx_word' id='word_1_405' title='bbox 1355 1575 1513 1617; x_wconf 77' lang='grc' dir='ltr'>μάρανσιν,</span> <span class='ocrx_word' id='word_1_406' title='bbox 1538 1578 1615 1617; x_wconf 85' lang='lat' dir='ltr'>igne</span> <span class='ocrx_word' id='word_1_407' title='bbox 1634 1579 1709 1619; x_wconf 83' lang='lat' dir='ltr'>jam</span> 
     </span>
     <span class='ocr_line' id='line_1_80' title="bbox 1005 1624 1710 1668; baseline 0.01 -15"><span class='ocrx_word' id='word_1_408' title='bbox 1005 1624 1190 1664; x_wconf 75' lang='lat' dir='ltr'>exstincto,</span> <span class='ocrx_word' id='word_1_409' title='bbox 1223 1636 1298 1656; x_wconf 66' lang='lat' dir='ltr'>ossa</span> <span class='ocrx_word' id='word_1_410' title='bbox 1331 1637 1404 1668; x_wconf 84' lang='lat' dir='ltr'>quae</span> <span class='ocrx_word' id='word_1_411' title='bbox 1431 1634 1634 1668; x_wconf 87' lang='lat' dir='ltr'>supererant</span> <span class='ocrx_word' id='word_1_412' title='bbox 1659 1639 1710 1660; x_wconf 85' lang='lat' dir='ltr'>se-</span> 
     </span>
     <span class='ocr_line' id='line_1_81' title="bbox 1005 1677 1708 1717; baseline 0.009 -13"><span class='ocrx_word' id='word_1_413' title='bbox 1005 1677 1204 1706; x_wconf 79' lang='lat' dir='ltr'>miustulata</span> <span class='ocrx_word' id='word_1_414' title='bbox 1228 1678 1371 1709; x_wconf 89' lang='lat' dir='ltr'>collecta</span> <span class='ocrx_word' id='word_1_415' title='bbox 1395 1678 1517 1717; x_wconf 71' lang='lat' dir='ltr'>fuisse3</span> <span class='ocrx_word' id='word_1_416' title='bbox 1552 1685 1587 1710; x_wconf 89' lang='lat' dir='ltr'>et</span> <span class='ocrx_word' id='word_1_417' title='bbox 1611 1680 1708 1711; x_wconf 81' lang='lat' dir='ltr'>exiis</span> 
     </span>
     <span class='ocr_line' id='line_1_82' title="bbox 1005 1726 1707 1762; baseline 0.007 -6"><span class='ocrx_word' id='word_1_418' title='bbox 1005 1726 1179 1757; x_wconf 89' lang='lat' dir='ltr'>detersum</span> <span class='ocrx_word' id='word_1_419' title='bbox 1198 1738 1236 1758; x_wconf 89' lang='lat' dir='ltr'>ac</span> <span class='ocrx_word' id='word_1_420' title='bbox 1253 1728 1428 1760; x_wconf 86' lang='lat' dir='ltr'>decussum</span> <span class='ocrx_word' id='word_1_421' title='bbox 1448 1731 1608 1762; x_wconf 82' lang='lat' dir='ltr'>cinerem.</span> <span class='ocrx_word' id='word_1_422' title='bbox 1651 1731 1707 1761; x_wconf 89' lang='lat' dir='ltr'>Ti-</span> 
     </span>
     <span class='ocr_line' id='line_1_83' title="bbox 1006 1778 1707 1824; baseline 0.009 -16"><span class='ocrx_word' id='word_1_423' title='bbox 1006 1778 1113 1809; x_wconf 84' lang='lat' dir='ltr'>bullus</span> <span class='ocrx_word' id='word_1_424' title='bbox 1143 1780 1238 1820; x_wconf 83' lang='lat' dir='ltr'>Eleg.</span> <span class='ocrx_word' id='word_1_425' title='bbox 1263 1784 1292 1812; x_wconf 81' lang='lat'>2.</span> <span class='ocrx_word' id='word_1_426' title='bbox 1319 1782 1404 1812; x_wconf 78' lang='lat' dir='ltr'>libro</span> <span class='ocrx_word' id='word_1_427' title='bbox 1418 1785 1448 1813; x_wconf 86' lang='lat'>3.</span> <span class='ocrx_word' id='word_1_428' title='bbox 1491 1785 1499 1799; x_wconf 91' lang='lat'>‘</span> <span class='ocrx_word' id='word_1_429' title='bbox 1519 1783 1604 1813; x_wconf 89' lang='lat' dir='ltr'>Pars</span> <span class='ocrx_word' id='word_1_430' title='bbox 1631 1793 1707 1824; x_wconf 86' lang='lat' dir='ltr'>quae</span> 
     </span>
     <span class='ocr_line' id='line_1_84' title="bbox 1006 1829 1709 1873; baseline 0.009 -15"><span class='ocrx_word' id='word_1_431' title='bbox 1006 1829 1078 1859; x_wconf 86' lang='lat' dir='ltr'>sola</span> <span class='ocrx_word' id='word_1_432' title='bbox 1097 1831 1162 1860; x_wconf 87' lang='lat' dir='ltr'>mei</span> <span class='ocrx_word' id='word_1_433' title='bbox 1179 1831 1356 1870; x_wconf 81' lang='lat' dir='ltr'>superabit</span> <span class='ocrx_word' id='word_1_434' title='bbox 1374 1833 1538 1873; x_wconf 86' lang='lat' dir='ltr'>corporis,</span> <span class='ocrx_word' id='word_1_435' title='bbox 1562 1843 1637 1864; x_wconf 87' lang='lat' dir='ltr'>ossa</span> <span class='ocrx_word' id='word_1_436' title='bbox 1654 1833 1709 1864; x_wconf 88' lang='lat' dir='ltr'>In-</span> 
     </span>
     <span class='ocr_line' id='line_1_85' title="bbox 1004 1879 1707 1925; baseline 0.01 -16"><span class='ocrx_word' id='word_1_437' title='bbox 1004 1879 1126 1911; x_wconf 86' lang='lat' dir='ltr'>cinctae</span> <span class='ocrx_word' id='word_1_438' title='bbox 1150 1881 1246 1921; x_wconf 80' lang='lat' dir='ltr'>nigra</span> <span class='ocrx_word' id='word_1_439' title='bbox 1275 1883 1421 1914; x_wconf 88' lang='lat' dir='ltr'>candida</span> <span class='ocrx_word' id='word_1_440' title='bbox 1448 1889 1542 1914; x_wconf 83' lang='lat' dir='ltr'>veste</span> <span class='ocrx_word' id='word_1_441' title='bbox 1566 1885 1707 1925; x_wconf 85' lang='lat' dir='ltr'>legant.&#39;</span> 
     </span>
     <span class='ocr_line' id='line_1_86' title="bbox 1006 1930 1708 1974; baseline 0.007 -14"><span class='ocrx_word' id='word_1_442' title='bbox 1006 1930 1112 1969; x_wconf 84' lang='lat' dir='ltr'>Nota,</span> <span class='ocrx_word' id='word_1_443' title='bbox 1134 1932 1143 1948; x_wconf 88' lang='lat'>‘</span> <span class='ocrx_word' id='word_1_444' title='bbox 1160 1942 1237 1972; x_wconf 90' lang='lat' dir='ltr'>pars</span> <span class='ocrx_word' id='word_1_445' title='bbox 1251 1943 1324 1973; x_wconf 64' lang='lat' dir='ltr'>quse</span> <span class='ocrx_word' id='word_1_446' title='bbox 1342 1934 1411 1964; x_wconf 87' lang='lat' dir='ltr'>sola</span> <span class='ocrx_word' id='word_1_447' title='bbox 1438 1935 1503 1964; x_wconf 88' lang='lat' dir='ltr'>mei</span> <span class='ocrx_word' id='word_1_448' title='bbox 1529 1935 1708 1974; x_wconf 82' lang='lat' dir='ltr'>superabit</span> 
     </span>
     <span class='ocr_line' id='line_1_87' title="bbox 1004 1983 1707 2026; baseline 0.006 -14"><span class='ocrx_word' id='word_1_449' title='bbox 1004 1983 1174 2022; x_wconf 86' lang='lat' dir='ltr'>corporis.’</span> <span class='ocrx_word' id='word_1_450' title='bbox 1206 1985 1296 2024; x_wconf 83' lang='lat' dir='ltr'>Ergo</span> <span class='ocrx_word' id='word_1_451' title='bbox 1309 1995 1383 2015; x_wconf 81' lang='lat' dir='ltr'>ossa</span> <span class='ocrx_word' id='word_1_452' title='bbox 1399 1986 1472 2015; x_wconf 87' lang='lat' dir='ltr'>sola</span> <span class='ocrx_word' id='word_1_453' title='bbox 1493 1992 1707 2026; x_wconf 87' lang='lat' dir='ltr'>supererant,</span> 
     </span>
     <span class='ocr_line' id='line_1_88' title="bbox 1004 2033 1706 2074; baseline 0.009 -13"><span class='ocrx_word' id='word_1_454' title='bbox 1004 2038 1038 2063; x_wconf 86' lang='lat' dir='ltr'>et</span> <span class='ocrx_word' id='word_1_455' title='bbox 1054 2033 1124 2062; x_wconf 86' lang='lat' dir='ltr'>sola</span> <span class='ocrx_word' id='word_1_456' title='bbox 1140 2034 1354 2074; x_wconf 85' lang='lat' dir='ltr'>legebantur,</span> <span class='ocrx_word' id='word_1_457' title='bbox 1380 2045 1419 2065; x_wconf 86' lang='lat' dir='ltr'>ac</span> <span class='ocrx_word' id='word_1_458' title='bbox 1445 2036 1530 2066; x_wconf 90' lang='lat' dir='ltr'>cinis</span> <span class='ocrx_word' id='word_1_459' title='bbox 1554 2036 1633 2067; x_wconf 88' lang='lat' dir='ltr'>inde</span> <span class='ocrx_word' id='word_1_460' title='bbox 1650 2036 1706 2067; x_wconf 88' lang='lat' dir='ltr'>de·</span> 
     </span>
     <span class='ocr_line' id='line_1_89' title="bbox 1003 2084 1498 2117; baseline 0.008 -5"><span class='ocrx_word' id='word_1_461' title='bbox 1003 2086 1112 2113; x_wconf 87' lang='lat' dir='ltr'>tersus</span> <span class='ocrx_word' id='word_1_462' title='bbox 1130 2084 1338 2117; x_wconf 86' lang='lat' dir='ltr'>servabatur.</span> <span class='ocrx_word' id='word_1_463' title='bbox 1362 2085 1498 2116; x_wconf 75' lang='lat' dir='ltr'>Herald.</span> 
     </span>
    </p>

    <p class='ocr_par' dir='ltr' id='par_1_13' title="bbox 1002 2134 1704 2276">
     <span class='ocr_line' id='line_1_90' title="bbox 1045 2134 1704 2175; baseline 0.009 -13"><span class='ocrx_word' id='word_1_464' title='bbox 1045 2135 1065 2162; x_wconf 90' lang='grc'>4</span> <span class='ocrx_word' id='word_1_465' title='bbox 1089 2134 1161 2163; x_wconf 85' lang='lat' dir='ltr'>Non</span> <span class='ocrx_word' id='word_1_466' title='bbox 1178 2135 1256 2165; x_wconf 80' lang='lat' dir='ltr'>sutis</span> <span class='ocrx_word' id='word_1_467' title='bbox 1270 2144 1333 2166; x_wconf 79' lang='lat' dir='ltr'>esse</span> <span class='ocrx_word' id='word_1_468' title='bbox 1355 2135 1438 2175; x_wconf 69' lang='lat' dir='ltr'>vias]</span> <span class='ocrx_word' id='word_1_469' title='bbox 1477 2137 1553 2168; x_wconf 81' lang='lat' dir='ltr'>Quo</span> <span class='ocrx_word' id='word_1_470' title='bbox 1578 2137 1704 2168; x_wconf 83' lang='lat' dir='ltr'>diutius</span> 
     </span>
     <span class='ocr_line' id='line_1_91' title="bbox 1002 2185 1704 2227; baseline 0.009 -14"><span class='ocrx_word' id='word_1_471' title='bbox 1002 2185 1271 2224; x_wconf 88' lang='lat' dir='ltr'>amplecteretur</span> <span class='ocrx_word' id='word_1_472' title='bbox 1288 2187 1442 2227; x_wconf 85' lang='lat' dir='ltr'>conjugis</span> <span class='ocrx_word' id='word_1_473' title='bbox 1466 2188 1528 2218; x_wconf 89' lang='lat' dir='ltr'>sibi</span> <span class='ocrx_word' id='word_1_474' title='bbox 1543 2190 1636 2219; x_wconf 84' lang='lat' dir='ltr'>chari</span> <span class='ocrx_word' id='word_1_475' title='bbox 1653 2199 1704 2219; x_wconf 86' lang='lat' dir='ltr'>re-</span> 
     </span>
     <span class='ocr_line' id='line_1_92' title="bbox 1002 2235 1134 2276; baseline 0.015 -11"><span class='ocrx_word' id='word_1_476' title='bbox 1002 2235 1134 2276; x_wconf 85' lang='lat' dir='ltr'>liquias.</span> 
     </span>
    </p>

    <p class='ocr_par' dir='ltr' id='par_1_14' title="bbox 1002 2287 1703 2373">
     <span class='ocr_line' id='line_1_93' title="bbox 1044 2287 1703 2331; baseline 0.009 -15"><span class='ocrx_word' id='word_1_477' title='bbox 1044 2290 1062 2316; x_wconf 85' lang='lat'>5</span> <span class='ocrx_word' id='word_1_478' title='bbox 1090 2287 1209 2322; x_wconf 78' lang='lat' dir='ltr'>Quibus</span> <span class='ocrx_word' id='word_1_479' title='bbox 1221 2288 1432 2330; x_wconf 66' lang='lat' dir='ltr'>invidet,&amp;c.]</span> <span class='ocrx_word' id='word_1_480' title='bbox 1456 2291 1634 2331; x_wconf 85' lang='lat' dir='ltr'>Erepturis</span> <span class='ocrx_word' id='word_1_481' title='bbox 1655 2291 1703 2322; x_wconf 86' lang='lat' dir='ltr'>illi</span> 
     </span>
     <span class='ocr_line' id='line_1_94' title="bbox 1002 2340 1475 2373; baseline 0.015 -7"><span class='ocrx_word' id='word_1_482' title='bbox 1002 2341 1037 2367; x_wconf 87' lang='lat' dir='ltr'>et</span> <span class='ocrx_word' id='word_1_483' title='bbox 1054 2340 1241 2370; x_wconf 82' lang='lat' dir='ltr'>servaturis</span> <span class='ocrx_word' id='word_1_484' title='bbox 1257 2350 1331 2371; x_wconf 84' lang='lat' dir='ltr'>ossa</span> <span class='ocrx_word' id='word_1_485' title='bbox 1348 2342 1475 2373; x_wconf 89' lang='lat' dir='ltr'>mariti.</span> 
     </span>
    </p>

    <p class='ocr_par' dir='ltr' id='par_1_15' title="bbox 1001 2389 1702 2523">
     <span class='ocr_line' id='line_1_95' title="bbox 1043 2389 1702 2432; baseline 0.008 -14"><span class='ocrx_word' id='word_1_486' title='bbox 1043 2391 1062 2418; x_wconf 89' lang='lat'><strong>6</strong></span> <span class='ocrx_word' id='word_1_487' title='bbox 1085 2389 1146 2419; x_wconf 83' lang='lat' dir='ltr'>Bis</span> <span class='ocrx_word' id='word_1_488' title='bbox 1160 2391 1287 2421; x_wconf 72' lang='lat' dir='ltr'>viduata</span> <span class='ocrx_word' id='word_1_489' title='bbox 1304 2391 1382 2432; x_wconf 76' lang='lat' dir='ltr'>tiro]</span> <span class='ocrx_word' id='word_1_490' title='bbox 1417 2392 1507 2424; x_wconf 85' lang='lat' dir='ltr'>Olim</span> <span class='ocrx_word' id='word_1_491' title='bbox 1534 2402 1609 2423; x_wconf 91' lang='lat' dir='ltr'>cum</span> <span class='ocrx_word' id='word_1_492' title='bbox 1635 2403 1702 2423; x_wconf 89' lang='lat' dir='ltr'>mo-</span> 
     </span>
     <span class='ocr_line' id='line_1_96' title="bbox 1001 2441 1701 2482; baseline 0.009 -14"><span class='ocrx_word' id='word_1_493' title='bbox 1001 2444 1134 2470; x_wconf 79' lang='lat' dir='ltr'>reretur</span> <span class='ocrx_word' id='word_1_494' title='bbox 1159 2441 1220 2480; x_wconf 89' lang='lat' dir='ltr'>vir,</span> <span class='ocrx_word' id='word_1_495' title='bbox 1248 2447 1284 2473; x_wconf 90' lang='lat' dir='ltr'>et</span> <span class='ocrx_word' id='word_1_496' title='bbox 1302 2442 1376 2482; x_wconf 88' lang='lat' dir='ltr'>jam</span> <span class='ocrx_word' id='word_1_497' title='bbox 1401 2442 1511 2474; x_wconf 82' lang='lat' dir='ltr'>denuo</span> <span class='ocrx_word' id='word_1_498' title='bbox 1535 2453 1610 2474; x_wconf 90' lang='lat' dir='ltr'>cum</span> <span class='ocrx_word' id='word_1_499' title='bbox 1627 2453 1701 2474; x_wconf 85' lang='lat' dir='ltr'>ossa</span> 
     </span>
     <span class='ocr_line' id='line_1_97' title="bbox 1002 2490 1294 2523; baseline 0.014 -4"><span class='ocrx_word' id='word_1_500' title='bbox 1002 2490 1130 2520; x_wconf 88' lang='lat' dir='ltr'>tumulo</span> <span class='ocrx_word' id='word_1_501' title='bbox 1146 2491 1294 2523; x_wconf 80' lang='lat' dir='ltr'>mandet.</span> 
     </span>
    </p>

    <p class='ocr_par' dir='ltr' id='par_1_16' title="bbox 999 2539 1700 2884">
     <span class='ocr_line' id='line_1_98' title="bbox 1045 2539 1700 2584; baseline 0.005 -14"><span class='ocrx_word' id='word_1_502' title='bbox 1045 2539 1146 2571; x_wconf 71' lang='lat' dir='ltr'>Epic.</span> <span class='ocrx_word' id='word_1_503' title='bbox 1164 2550 1282 2572; x_wconf 74' lang='lat' dir='ltr'>xxxu.</span> <span class='ocrx_word' id='word_1_504' title='bbox 1321 2543 1437 2573; x_wconf 86' lang='lat' dir='ltr'>Velius</span> <span class='ocrx_word' id='word_1_505' title='bbox 1465 2543 1601 2583; x_wconf 86' lang='lat' dir='ltr'>Crispus</span> <span class='ocrx_word' id='word_1_506' title='bbox 1617 2542 1700 2584; x_wconf 91' lang='lat' dir='ltr'>(non</span> 
     </span>
     <span class='ocr_line' id='line_1_99' title="bbox 999 2590 1697 2633; baseline 0.007 -14"><span class='ocrx_word' id='word_1_507' title='bbox 999 2590 1120 2620; x_wconf 84' lang='lat' dir='ltr'>Vibius</span> <span class='ocrx_word' id='word_1_508' title='bbox 1137 2597 1173 2622; x_wconf 91' lang='lat' dir='ltr'>ut</span> <span class='ocrx_word' id='word_1_509' title='bbox 1190 2592 1261 2632; x_wconf 87' lang='lat' dir='ltr'>alii)</span> <span class='ocrx_word' id='word_1_510' title='bbox 1283 2593 1317 2623; x_wconf 92' lang='lat' dir='ltr'>in</span> <span class='ocrx_word' id='word_1_511' title='bbox 1333 2594 1550 2633; x_wconf 77' lang='lat' dir='ltr'>expeditione</span> <span class='ocrx_word' id='word_1_512' title='bbox 1565 2594 1697 2624; x_wconf 85' lang='lat' dir='ltr'>Sarma·</span> 
     </span>
     <span class='ocr_line' id='line_1_100' title="bbox 1002 2641 1698 2681; baseline 0.001 -9"><span class='ocrx_word' id='word_1_513' title='bbox 1002 2641 1081 2679; x_wconf 89' lang='lat' dir='ltr'>tica,</span> <span class='ocrx_word' id='word_1_514' title='bbox 1107 2651 1218 2673; x_wconf 88' lang='lat' dir='ltr'>comes</span> <span class='ocrx_word' id='word_1_515' title='bbox 1250 2643 1445 2681; x_wconf 87' lang='lat' dir='ltr'>Domitiani,</span> <span class='ocrx_word' id='word_1_516' title='bbox 1470 2644 1561 2674; x_wconf 83' lang='lat' dir='ltr'>vovit</span> <span class='ocrx_word' id='word_1_517' title='bbox 1592 2644 1698 2673; x_wconf 88' lang='lat' dir='ltr'>Marti</span> 
     </span>
     <span class='ocr_line' id='line_1_101' title="bbox 1000 2694 1695 2731; baseline 0.004 -10"><span class='ocrx_word' id='word_1_518' title='bbox 1000 2700 1164 2731; x_wconf 81' lang='lat' dir='ltr'>anserem,</span> <span class='ocrx_word' id='word_1_519' title='bbox 1195 2694 1287 2723; x_wconf 92' lang='lat' dir='ltr'>velut</span> <span class='ocrx_word' id='word_1_520' title='bbox 1318 2694 1493 2725; x_wconf 79' lang='lat' dir='ltr'>custodem</span> <span class='ocrx_word' id='word_1_521' title='bbox 1527 2694 1695 2724; x_wconf 65' lang='lat' dir='ltr'>Caesaris:</span> 
     </span>
     <span class='ocr_line' id='line_1_102' title="bbox 999 2741 1696 2784; baseline 0.003 -12"><span class='ocrx_word' id='word_1_522' title='bbox 999 2741 1086 2772; x_wconf 87' lang='lat' dir='ltr'>hunc</span> <span class='ocrx_word' id='word_1_523' title='bbox 1099 2742 1214 2773; x_wconf 89' lang='lat' dir='ltr'>laudat</span> <span class='ocrx_word' id='word_1_524' title='bbox 1230 2743 1351 2784; x_wconf 63' lang='lat' dir='ltr'>Poeta,</span> <span class='ocrx_word' id='word_1_525' title='bbox 1363 2749 1399 2774; x_wconf 91' lang='lat' dir='ltr'>et</span> <span class='ocrx_word' id='word_1_526' title='bbox 1411 2744 1507 2774; x_wconf 86' lang='lat' dir='ltr'>simul</span> <span class='ocrx_word' id='word_1_527' title='bbox 1522 2748 1696 2774; x_wconf 85' lang='lat' dir='ltr'>auctorem</span> 
     </span>
     <span class='ocr_line' id='line_1_103' title="bbox 999 2793 1696 2832; baseline 0.003 -10"><span class='ocrx_word' id='word_1_528' title='bbox 999 2793 1094 2832; x_wconf 89' lang='lat' dir='ltr'>pacis</span> <span class='ocrx_word' id='word_1_529' title='bbox 1116 2802 1190 2823; x_wconf 87' lang='lat' dir='ltr'>esse</span> <span class='ocrx_word' id='word_1_530' title='bbox 1211 2794 1380 2825; x_wconf 76' lang='lat' dir='ltr'>Caesarem</span> <span class='ocrx_word' id='word_1_531' title='bbox 1397 2803 1438 2824; x_wconf 82' lang='lat' dir='ltr'>ex</span> <span class='ocrx_word' id='word_1_532' title='bbox 1461 2793 1696 2824; x_wconf 85' lang='lat' dir='ltr'>numismatum</span> 
     </span>
     <span class='ocr_line' id='line_1_104' title="bbox 999 2843 1500 2884; baseline 0.004 -11"><span class='ocrx_word' id='word_1_533' title='bbox 999 2843 1148 2884; x_wconf 76' lang='lat' dir='ltr'>symbolo</span> <span class='ocrx_word' id='word_1_534' title='bbox 1164 2844 1325 2875; x_wconf 88' lang='lat' dir='ltr'>ostendit.</span> <span class='ocrx_word' id='word_1_535' title='bbox 1351 2844 1500 2876; x_wconf 76' lang='lat' dir='ltr'>Raderus.</span> 
     </span>
    </p>
   </div>
  </div>
 </body>
</html>
