1866 3131
296 187 499 217 comens
535 187 581 216 IN
623 185 867 214 Blssl.l‹)'1'11.
907 185 1063 213 nni'r'r.
1109 184 1390 214 xssizirvATl.
1462 174 1576 232 1-179

113 283 188 323 riis
221 282 487 324 lectionibus
510 285 553 322 et
574 281 709 330 notis,
731 280 961 321 mutilatus
984 280 1197 333 quiddam
1219 280 1300 320 sub
1327 279 1467 330 initio,
1497 279 1576 321 sed

122 355 368 403 reparatus.
430 349 520 390 Sub
552 349 680 390 finem
709 349 890 402 paulum
913 347 1082 398 deficit,
1103 348 1307 389 desinens
1328 348 1413 389 hoc
1438 361 1501 389 vs.
1531 348 1577 389 in

126 428 228 457 xlv.
250 418 351 459 217.

233 486 321 527 Dic
341 489 505 540 quotus
526 491 572 527 et
592 485 743 539 quanti
760 484 918 538 cupias
938 495 1131 533 coenare,
1150 496 1231 524 nec
1254 496 1403 524 unum.

179 553 391 595 Canonici
414 553 511 595 Lat.
524 553 594 594 84.
609 552 707 594 cod.
737 551 958 593 Martialis
981 551 1175 592 chartac.
1198 563 1300 591 saec.
1323 561 1406 591 XV.

179 643 230 648 —
250 619 322 661 85.
344 620 442 661 cod.
472 619 693 661 Martialis
724 620 959 660 membran.
995 630 1104 658 saec.
1142 627 1249 658 X1V.
1270 618 1346 658 fol.
1367 631 1467 659 cum
1487 621 1577 661 tab.

120 687 319 739 praefixa.
352 688 433 729 Est
453 688 647 741 elegans,
661 687 801 728 literis
817 686 1087 741 capitalibus
1102 685 1236 739 pictis
1259 698 1269 736 3
1287 689 1332 726 at
1347 686 1441 727 sine
1458 689 1577 728 notis

126 760 168 793 et
190 755 325 795 variis
346 755 627 796 lectionibus.

182 821 234 862 In
269 821 479 864 Biblioth.
505 823 634 863 Bodl.
661 823 794 863 etiam
821 826 888 863 est
907 821 1044 863 editio
1066 821 1326 876 Gryphiana
1360 822 1580 865 Martialis

123 888 251 930 15:35.
273 890 376 931 Svo.
395 904 495 931 cum
517 891 632 931 notis
652 890 766 930 Mss.

182 955 296 997 Ibid.
309 956 530 998 Martialis
552 956 685 998 editio
700 957 844 998 Paris.
858 957 986 998 1539.
1000 957 1101 999 8νο.
1117 970 1191 1011 ap.
1207 958 1314 999 Sim.
1329 958 1581 1000 Colinaeum

127 1036 224 1063 cum
238 1025 357 1064 notis
380 1023 491 1064 Mss.

182 1091 296 1132 Ibid.
320 1092 541 1133 Martialis
557 1093 692 1134 editio
706 1093 847 1134 Basil.
863 1093 988 1133 1559.
1003 1092 1103 1135 Svo.
1125 1107 1226 1134 cum
1240 1094 1356 1135 notis
1380 1094 1496 1136 Mss.

182 1160 303 1201 Inter
335 1160 515 1201 codices
548 1161 658 1202 Mss.
681 1166 725 1202 et
744 1162 987 1214 impressos
1009 1174 1109 1202 cum
1133 1161 1247 1202 notis
1269 1161 1378 1202 Mss.
1413 1160 1584 1202 Dor—vil-

127 1226 248 1267 lianz's
289 1240 340 1268 x.
376 1229 412 1269 1.
433 1230 473 1268 5.
496 1229 564 1269 31.
596 1234 665 1268 est
706 1227 930 1268 Martialis
956 1228 1054 1269 cod.
1070 1230 1304 1269 membran.
1328 1233 1370 1269 et
1392 1229 1583 1271 chartac.

131 1294 205 1335 sol.
226 1295 324 1336 191.
340 1296 432 1336 dte.

187 1373 237 1403 x.
268 1363 307 1403 1.
340 1364 381 1404 5.
418 1362 487 1404 322
534 1363 752 1404 Martialis
794 1362 1142 1415 Epigrammata,
1178 1363 1275 1404 cod.
1316 1363 1507 1405 chartac.
1544 1367 1587 1405 et

127 1431 365 1471 membran.
385 1430 527 1471 forma
547 1431 751 1483 oblonga.

189 1510 238 1539 x.
261 1500 302 1540 1.
322 1499 362 1538 5.
390 1499 458 1539 20.
496 1498 718 1551 Excerpta
740 1511 798 1539 ex
821 1499 954 1540 variis
986 1498 1298 1551 scriptoribus,
1339 1499 1452 1539 inter
1482 1513 1584 1553 quae

130 1571 229 1608 sunt
251 1566 455 1619 quaedam
471 1580 526 1607 ex
542 1565 757 1606 Martiale.
790 1566 899 1607 Cod.
913 1566 1052 1607 forma
1064 1566 1232 1606 minori.
1248 1566 1410 1608 Deficit
1421 1568 1502 1608 sub
1515 1567 1587 1609 fin.

589 1711 754 1753 Codices
779 1711 1148 1767 Cantabrz'gienses.

192 1811 307 1852 Inter
328 1812 462 1851 libros
494 1810 604 1851 Mss.
632 1809 809 1865 Collegii
848 1809 971 1865 Corp.
1012 1809 1168 1852 Christi
1202 1817 1452 1854 asservatur
1484 1814 1584 1855 cod.

130 1879 371 1919 membran.
430 1875 552 1930 2:36.)
586 1890 690 1918 saec.
717 1889 832 1919 Χιιι.
857 1879 1083 1919 continens
1113 1878 1334 1920 Martialis
1360 1880 1588 1934 Epigram-

132 1950 262 1987 mata.
322 1946 394 1986 Ex
415 1945 528 1986 dono
547 1945 746 1986 Danielis
769 1945 965 2000 Rogerii.
1022 1947 1275 2001 Nasmythii
1294 1947 1436 1991 Catal.

189 2014 242 2054 In
269 2011 471 2053 Biblioth.
495 2010 622 2052 Publ.
644 2013 752 2054 nihil
773 2018 933 2067 praeter
958 2013 1187 2068 Excerpta
1206 2027 1264 2055 ex
1286 2014 1587 2070 Epigramma-

132 2083 252 2123 tibus
271 2080 503 2130 Martialis,
522 2081 651 2121 2296.
665 2081 731 2122 15.

191 2150 244 2190 In
267 2148 474 2189 Biblioth.
501 2146 614 2187 Trin.
639 2146 746 2188 Coll.
771 2148 992 2189 Martialis
1007 2147 1356 2204 Epigrammata3
1382 2152 1490 2194 liber
1506 2154 1586 2194 im—

128 2230 318 2271 pressus,
340 2229 438 2257 cum
460 2217 606 2257 multis
624 2216 737 2257 Mss.
756 2216 960 2257 collatus.

669 2360 803 2402 Codex
826 2360 1057 2403 Edinensz's.

195 2462 401 2503 Omnium
424 2461 646 2503 Martialis
662 2463 880 2513 codicum,
905 2464 980 2517 qui
997 2463 1041 2503 in
1059 2462 1348 2504 Bibliothecis
1369 2464 1589 2505 Britanni-

138 2531 202 2572 cis
226 2536 514 2579 asservantur,
542 2544 653 2571 unus
674 2532 718 2571 in
748 2529 949 2572 Biblioth.
973 2530 1277 2572 Advocatorum
1309 2532 1426 2586 apud
1457 2532 1590 2574 Edin-

143 2600 325 2652 burgum
341 2599 513 2639 videtur
533 2611 628 2640 esse
644 2598 976 2652 antiquissimus
1000 2612 1009 2650 ;
1040 2599 1221 2640 fortasse
1245 2611 1294 2641 x.
1311 2600 1382 2640 vel
1397 2610 1468 2642 xl.
1483 2613 1587 2643 saec.
