1866 3131
571 196 620 225 M.
653 196 765 226 vn..
800 194 1088 225 MAerLis.
1448 184 1560 225 1463

116 296 221 346 quasi
235 296 480 341 irritamenta,
498 296 640 346 quibus
661 296 797 346 passim
814 294 1033 333 sordidatus
1050 296 1231 334 lectorum
1248 308 1358 334 nares
1369 308 1551 345 corruga-

117 359 196 404 bat,
217 367 395 398 accurata
418 359 611 397 Francisci
631 359 748 409 Sylvii
769 359 1006 396 Ambianatis
1021 359 1215 409 diligentia
1234 360 1376 399 deletili
1389 359 1549 409 spongia

113 423 266 462 detersa
296 430 437 461 suntet
468 423 715 461 eluta—Hic
750 422 898 472 Sylvius
925 422 1070 472 primus
1103 423 1185 469 fuit,
1206 423 1336 472 quiex
1370 421 1546 460 Martiale

115 487 200 524 loca
219 495 342 536 nupta
358 486 536 525 resecuit.
558 488 751 523 Gesnerus
768 485 868 522 hunc
884 492 1037 522 secutus
1056 492 1128 523 est.

173 556 269 588 1515
292 553 494 599 Argentor.
520 561 546 587 1.
565 556 602 587 4.
626 551 681 586 M.
704 549 788 586 Val.
812 549 997 586 Martialis
1027 550 1313 600 epigrammata,
1335 562 1421 588 cum
1439 549 1552 586 inter-

115 620 355 663 pretamento
371 613 575 649 dictionum
592 612 890 662 grecanicarum,
907 626 992 662 quae
1008 614 1148 663 passim
1169 614 1204 650 in
1226 619 1310 650 toto
1326 626 1439 662 opere
1459 625 1551 650 con-

114 678 293 721 tinentur,
315 676 491 713 othmari
507 676 711 725 Naehtgall
727 677 940 726 Argentini,
955 680 1029 714 Sec.
1059 677 1101 714 In
1119 676 1218 715 fine:
1242 682 1251 697 ‘
1269 678 1323 714 M.
1345 677 1431 714 Val.
1449 678 1553 713 Mar-

113 741 212 778 tialis
240 740 336 777 finit.
371 739 580 789 impressus
603 740 819 790 Argentinae
851 753 950 777 anno
967 740 1120 777 Domini
1143 752 1194 777 M.
1225 750 1266 777 D.
1287 750 1359 776 xv.
1381 749 1555 776 XXVIII.

114 803 174 840 die
196 803 334 840 mensis
355 803 531 852 Augusti,
555 803 589 839 in
611 803 760 840 cedibus
795 804 949 840 Joannis
982 803 1215 840 Knoblouch
1236 801 1557 851 Chalcograpliii.'

114 867 216 904 Edit.
239 868 320 904 haec
340 867 455 903 rarior
474 872 530 903 est
549 879 664 915 penes
685 866 803 915 pcrill.
826 866 1105 916 Heideggerum
1126 865 1273 902 Tur-ici.

173 937 268 973 1517
290 930 428 967 Aldina
447 941 516 967 111.
538 936 573 968 8.
592 930 875 967 Martialis-ln
897 928 994 966 fine:
1018 934 1028 950 ‘
1045 929 1223 972 venetiis,
1245 928 1281 965 in
1299 927 1446 965 aedibus
1467 926 1555 964 Aldi

114 1002 151 1032 et
175 995 339 1034 Andreae
358 994 489 1032 Soceri
511 1007 636 1031 mense
653 994 857 1031 Deccmbri
885 993 1013 1037 1517.'
1052 993 1150 1030 Edit.
1166 1004 1334 1042 perrara,
1357 990 1553 1028 Maittario

114 1058 255 1108 ignota,
277 1069 509 1096 memoratur
527 1058 562 1094 in
584 1057 670 1094 Cat.
693 1057 792 1095 Bibl.
816 1057 1009 1095 Sehwarz.
1030 1055 1168 1094 Altorf.
1189 1055 1232 1092 P.
1257 1065 1284 1092 Ι.
1308 1067 1345 1091 n.
1369 1059 1486 1093 2804.

173 1128 273 1161 1522
299 1123 422 1172 Lugd.
449 1128 484 1160 8.

172 1191 268 1224 1528
292 1187 411 1223 Paris.
435 1196 485 1223 11.
507 1185 665 1222 Colinaei
688 1197 716 1222 1.
740 1190 775 1222 8.
797 1198 860 1234 ap.
883 1184 976 1221 Sim.
1009 1183 1237 1221 Colinaeum.
1284 1179 1386 1218 Edit.
1411 1192 1494 1218 rara
1515 1184 1552 1216 et

116 1248 251 1286 nitida.

172 1318 270 1351 1530
292 1314 406 1350 Antv.
429 1319 464 1350 8.
487 1326 532 1350 ex
557 1312 682 1349 Catal.
707 1310 806 1348 Bibl.
827 1311 867 1347 S.
890 1311 926 1348 J.
948 1310 1093 1347 Lovan.
1116 1322 1156 1359 p.
1175 1313 1263 1353 399.

169 1381 267 1415 1535
291 1376 471 1427 Grypliia
512 1387 573 1413 nl.
599 1374 721 1425 Lugd.
743 1380 779 1412 8.
810 1387 872 1423 ap.
891 1374 978 1410 Seb.
1001 1372 1234 1423 Gryphium.

164 1462 215 1468 —
234 1440 351 1477 Paris.
368 1451 438 1476 111.
454 1439 570 1489 Sylvii
591 1449 640 1475 11.
658 1445 695 1475 4.
712 1439 768 1475 M.
783 1437 868 1474 Val.
883 1436 1068 1473 Martialis
1083 1436 1385 1486 epigrammaton
1400 1434 1552 1472 lectoris

115 1503 345 1540 castimonia
378 1503 580 1552 dignorum
615 1502 725 1546 liber,
763 1501 826 1538 ubi
848 1500 972 1537 omnia
993 1500 1153 1537 Veneris
1187 1498 1288 1535 illius
1322 1497 1554 1546 despuendae

114 1567 223 1616 quasi
255 1566 502 1609 irritamenta,
525 1565 667 1614 quibus
689 1564 829 1614 passim
849 1562 1065 1600 sordidatus
1094 1563 1279 1600 lectorum
1297 1574 1406 1598 nares
1423 1573 1556 1598 corru-

112 1630 239 1678 gabat,
283 1635 462 1666 accurata
500 1629 693 1666 Francisci
731 1627 849 1678 Sylvii
903 1627 1140 1664 Ambianatis
1185 1624 1379 1674 diligentia
1414 1624 1557 1661 deletili

114 1692 274 1741 spongia
293 1691 444 1728 detersa
466 1697 554 1728 sunt
573 1698 609 1727 et
626 1691 744 1728 eluta.
786 1689 951 1733 Parisiis,
972 1690 1057 1726 Jac.
1084 1689 1241 1726 Kerver.

172 1757 272 1796 1536
294 1757 407 1794 ssasil.
444 1756 590 1806 Micylli
622 1767 655 1794 1.
679 1763 715 1794 8.
750 1756 807 1793 M.
840 1755 924 1791 Val.
952 1753 1137 1791 Martialis
1168 1752 1443 1802 epigrammata
1466 1763 1554 1788 cum

120 1821 278 1859 scholiis
298 1821 383 1858 Jac.
406 1820 570 1869 Micylli‚
591 1832 653 1868 ap.
675 1820 735 1856 Jo.
761 1817 1009 1866 Hervagium.

166 1907 216 1913 —
233 1885 347 1922 Paris.
367 1895 427 1921 1v.
450 1889 486 1921 8.
512 1884 567 1920 M.
589 1883 676 1920 Val.
700 1881 884 1920 Martialis
903 1880 1192 1931 epigrammata.
1223 1879 1280 1915 Ex
1298 1877 1423 1915 Catal.
1455 1876 1554 1914 Bibl.

116 1949 157 1986 S.
175 1948 210 1986 J.
233 1949 345 1998 Iprae.
368 1961 405 1997 p.
428 1952 491 1991 71.

170 2018 267 2051 1538
292 2011 405 2049 Basil.
429 2022 478 2048 11.
502 2016 537 2048 8.
559 2022 620 2060 ap.
638 2009 756 2046 Henr.
773 2008 889 2046 Petri.

171 2082 271 2120 1539
292 2076 410 2113 Paris.
431 2081 466 2113 8.

171 2145 270 2178 1540
293 2139 411 2176 Paris.
434 2149 472 2175 v.
500 2137 559 2176 16.
575 2136 761 2175 Martialis
870 2134 1039 2186 ap.Sim.
1069 2132 1295 2170 Colinaeum.
1317 2128 1555 2168 Vid.Baueri

114 2203 211 2240 Bibl.
232 2203 317 2240 libr.
333 2215 405 2240 rar.
424 2202 587 2239 univers.
610 2208 648 2239 et
671 2199 819 2250 Engelii
842 2199 939 2236 ssibl.
962 2197 1148 2235 selectiss.
1207 2196 1274 2231 Est
1293 2206 1409 2244 penes
1428 2192 1556 2243 perill.

116 2266 396 2315 Heideggerum
415 2265 563 2315 Tiguri.

172 2335 269 2368 1512
291 2331 424 2366 Venet.
444 2329 509 2366 fol.
531 2342 618 2366 cum
652 2327 807 2377 interpr.
830 2328 948 2364 Dom.
983 2320 1179 2361 Calderiui
1207 2326 1244 2357 et
1276 2320 1350 2356 Ge.
1382 2318 1557 2356 Merulae.

115 2392 178 2431 Cf.
201 2392 358 2430 Crenius
381 2391 582 2428 Animadv.
603 2392 742 2440 philol.
763 2391 867 2428 Part.
892 2400 965 2426 111.
986 2401 1025 2437 p.
1052 2392 1110 2429 17.

173 2462 273 2494 1544
294 2455 410 2492 Paris.
432 2465 493 2492 vr.
520 2453 579 2491 16.
599 2467 662 2504 ap.
685 2456 778 2491 Sim.
801 2454 1028 2492 Colinaeum.

169 2541 220 2546 —
237 2518 382 2555 Turici.
402 2523 437 2555 8.
460 2519 515 2554 Μ.
530 2517 614 2554 vat.
632 2518 814 2554 Martialis
828 2518 956 2553 Po'etae
977 2511 1199 2551 facetissimi
1219 2511 1489 2560 epigrammata
1508 2506 1555 2544 ad

115 2583 255 2633 linguae
288 2581 433 2618 Latinae
464 2580 614 2630 copiam
635 2589 674 2618 et
702 2581 821 2619 varias
854 2592 978 2617 rerum
1004 2575 1311 2614 nomenclaturas
1346 2571 1558 2616 utilissima,

117 2659 250 2684 recens
271 2645 321 2682 ab
343 2644 446 2681 omni
470 2644 672 2681 verborum
695 2645 952 2682 obscoenitate
974 2642 1011 2678 in
1032 2638 1335 2678 adolescentium
1362 2634 1559 2686 praecipue

119 2709 409 2758 schol-<urumque
444 2720 553 2745 nsurn
575 2714 799 2758 expurgata,
821 2714 859 2745 et
880 2709 914 2743 in
936 2706 1043 2743 locos
1064 2702 1213 2741 circiter
1240 2710 1376 2738 Lxxx.
1398 2697 1559 2748 digesta,
