1866 3131
421 158 469 187 M.
503 158 612 186 VAL.
647 156 921 186 MAR'rlALls
961 156 1123 186 lil'lGR.
1161 157 1254 186 Llss.

164 254 279 286 Quare
294 262 334 283 eo
347 255 639 291 testaniento,quo
649 250 746 280 heres
759 248 865 288 scrip-

163 308 216 333 tus
239 307 303 338 est,
320 311 439 332 revera
454 307 505 331 est
520 300 763 331 exheredatus:
789 308 866 328 cum

163 365 204 385 eo
226 353 317 385 facto
340 352 593 393 patrimonium,
631 349 721 391 quod
751 349 866 380 statim

162 404 378 445 dilapidavit,
401 403 442 433 ad
471 411 546 432 eum
563 401 635 431 sine
659 399 734 430 ullis
750 399 867 430 condi-

163 455 312 486 tionibus
328 452 535 493 pervenerit.
558 450 694 481 Heruld.

206 510 225 537 2
250 504 430 544 Menstrua]
475 504 515 534 In
556 502 744 533 dimensum
776 511 866 532 men-

163 562 303 588 struum.
346 556 468 595 Perque
497 562 601 584 omnes
627 552 783 592 proestz'tz't
811 553 866 583 illa

161 607 243 647 dies]
287 608 365 638 Non
394 605 539 645 accipio,
585 604 679 644 quasi
716 603 865 634 demensi

162 657 326 688 menstrui
351 660 465 697 partes
496 655 529 685 in
553 655 703 694 singulos
720 654 793 685 dies
815 655 864 686 di-

161 708 293 747 viserit,
318 707 376 738 sed
408 707 508 747 plane
533 710 642 736 totum
667 705 863 736 demensum

162 763 369 789 menstruum
402 761 544 797 propter
572 756 770 788 immodicos
800 757 863 788 sibi

162 813 291 839 sumtus
308 809 340 838 in
356 807 505 847 singulos
531 806 603 836 dies
630 815 788 846 erogasse
805 817 863 847 pa-

163 864 260 890 trem.
306 859 352 889 Et
375 859 438 888 hoc
460 866 536 887 eum
559 857 728 888 exhausit.
774 858 863 888 Nam

161 919 261 950 quum
296 909 360 940 hoc
389 913 597 939 menstruum
629 908 865 947 constitueret,

163 960 299 990 videtur
316 960 364 990 ita
381 963 592 999 supputasse,
614 963 651 989 ut
674 958 705 988 in
727 959 862 997 longum

161 1010 207 1040 sic
225 1010 255 1040 ei
277 1010 516 1049 patrimonium
533 1007 719 1039 sufficeret.
765 1009 863 1039 Men-

162 1064 259 1090 strua
275 1059 452 1090 constituit
480 1059 542 1089 tibi
565 1059 655 1096 bina,
685 1063 720 1089 et
745 1058 863 1089 eadem

160 1120 222 1151 per
255 1110 405 1150 singulos
442 1109 515 1139 dies
553 1108 727 1149 praestitit,
763 1119 864 1149 quum

159 1161 326 1192 luxuriam
345 1159 513 1201 praeteriti
529 1159 596 1190 diei
624 1164 824 1199 sequeretur
846 1169 865 1189 a

162 1217 257 1252 tergo
273 1210 418 1251 proximi
432 1209 559 1249 inopia,
583 1219 643 1239 seu
666 1219 768 1249 quum
785 1219 864 1250 quo-

162 1261 211 1291 vis
241 1260 295 1291 die
326 1265 533 1291 menstruum
573 1260 741 1299 integrum
774 1263 864 1290 esset

160 1316 409 1352 consumptum,
436 1320 499 1341 nec
517 1310 700 1351 quidquam
717 1313 866 1340 restaret

159 1362 194 1392 in
210 1362 419 1393 crastinum:
445 1365 480 1391 et
493 1360 570 1391 bina
583 1360 639 1390 illa
654 1360 772 1400 millia,
787 1370 863 1401 quae

160 1413 215 1443 ille
232 1413 453 1444 constituerat
466 1416 653 1451 menstrua,
671 1412 697 1442 si
716 1416 748 1442 te
766 1412 863 1443 vitio-

162 1471 234 1492 sum
260 1467 296 1493 et
318 1461 528 1492 luxuriosum
553 1471 621 1492 aere
646 1461 757 1492 alieno
780 1461 862 1492 libe-

160 1522 232 1542 rum
251 1512 368 1551 vellet,
385 1517 501 1543 essent
531 1512 706 1552 eroganda
729 1512 862 1543 diurna.

161 1563 370 1602 Quamquam
387 1567 422 1593 et
448 1562 612 1602 suspicari
637 1562 744 1602 possis
761 1563 865 1602 scrip-

162 1613 243 1642 sisse
283 1617 481 1643 auctorem:
520 1615 609 1642 tuntu
650 1612 773 1643 diurna.
819 1613 864 1644 Et

161 1668 292 1693 tantum
318 1663 471 1703 quolibet
498 1672 562 1693 uno
588 1663 643 1693 die
666 1668 756 1694 essct
782 1662 863 1693 dan·

160 1713 239 1744 dnm
260 1714 311 1743 vel
329 1712 549 1753 praebendum
566 1713 658 1743 luxui
676 1717 745 1744 tuo.
781 1715 863 1743 Gro-

160 1765 278 1797 novius.
322 1765 445 1804 Perque
466 1774 580 1803 omnes,
603 1763 673 1804 Esau]
707 1765 752 1795 Et
776 1764 864 1794 illius

161 1814 303 1844 dimensi
319 1814 485 1845 menstrui
502 1815 650 1853 singulas
668 1819 783 1855 partes
800 1816 864 1845 sin-

161 1865 248 1905 gulis
264 1864 378 1895 divisit
394 1864 526 1896 diebus.

202 1918 220 1945 3
245 1915 431 1954 Luxuriam,
457 1915 524 1956 ὅπη]
560 1915 667 1957 quue
690 1920 727 1947 ut
743 1916 863 1948 crasti-

160 1975 236 1995 nam
275 1970 508 1997 anteverteret
545 1970 733 2006 egestatem
768 1966 863 1997 coe'r-

159 2015 268 2047 cendo
295 2016 492 2047 hodiernum
519 2017 644 2048 luxum.
691 2017 863 2049 Heraldus

160 2067 357 2106 Egestatem
383 2067 424 2098 ab
449 2067 572 2107 Inopia
592 2068 641 2098 sic
660 2066 861 2108 distinguit:

158 2118 166 2132 ‘
185 2117 396 2157 Egestatem'
423 2117 556 2148 luxuria
583 2122 643 2148 aut
659 2117 774 2158 aliqua
804 2118 862 2148 hu-

153 2167 303 2206 jusmodi
320 2167 424 2207 pestis
438 2167 560 2208 saepius
575 2166 725 2205 conflat;
759 2169 768 2185 ‘
784 2168 862 2199 Ino-

161 2218 235 2258 pia’
259 2224 294 2249 et
316 2219 508 2259 Paupertas
531 2224 645 2260 potest
672 2220 736 2250 alio
760 2220 862 2251 modo

161 2269 370 2309 contingere.
426 2270 545 2302 Quare
583 2270 779 2311 Paupertas
827 2276 863 2302 et

162 2319 283 2359 Inopia
311 2319 470 2350 innocens
493 2329 566 2351 esse
593 2324 730 2360 potest:
758 2321 862 2362 Eges-

161 2373 212 2399 tas
230 2369 284 2398 vix
302 2368 426 2409 absque
441 2370 585 2408 scelere,
603 2375 663 2401 aut
685 2370 727 2401 ad
751 2372 861 2402 scelus

161 2418 400 2458 propensione.

205 2474 222 2500 5
248 2470 334 2500 Idem
349 2473 379 2500 te
402 2470 544 2510 moriens,
557 2471 624 2512 852]
660 2472 763 2503 Certe
785 2482 861 2504 cum

163 2527 196 2551 te
222 2519 284 2550 tibi
302 2520 493 2560 reliquerit,
509 2520 698 2563 feceritque
720 2523 864 2554 haeredi-

162 2576 269 2601 tatem
286 2569 444 2610 tuijuris,
461 2575 495 2601 te
516 2572 609 2611 qnasi
623 2573 861 2603 exheredavit:

160 2631 238 2651 nam
253 2625 288 2650 tu
299 2621 417 2661 rapide
428 2622 539 2652 omnia
553 2622 716 2654 absumis:
742 2624 862 2654 melius

159 2672 385 2703 consuluisset
400 2677 458 2703 tuo
474 2673 566 2703 luxui
583 2673 663 2704 dato
678 2679 848 2704 curatore.

205 2724 309 2755 Eme.
338 2732 389 2754 xi.
426 2726 445 2755 2
474 2724 639 2756 Discit-hon
666 2735 729 2756 esse
758 2725 864 2765 putas]

163 2774 411 2806 Succensuerat
428 2775 581 2807 Martiali
605 2777 773 2809 Quinc-tus
792 2776 863 2819 qui-

1290 156 1361 186 111.
1510 145 1620 187 1167

921 247 1010 287 dam,
1026 248 1070 279 ob
1088 250 1241 288 superius
1259 253 1288 282 8.
1301 249 1520 291 epigramma.
1555 250 1624 283 Qui

919 297 1088 329 Quinctus
1120 299 1341 331 Hermionen]
1374 301 1526 331 amabat.
1571 301 1625 331 Ir-

919 348 1040 379 risorie
1086 350 1272 389 respondet
1313 351 1436 391 poeta:
1483 351 1517 381 Si
1566 355 1626 382 tua

919 399 1048 438 puella,
1077 409 1096 430 o
1116 400 1281 441 Quincte,
1309 411 1371 432 nec
1401 401 1501 432 Thais
1528 411 1627 433 voca-

919 455 987 488 tur,
1036 459 1100 480 nec.
1143 451 1240 482 lusca
1287 457 1353 490 est,
1404 462 1465 483 cur
1507 452 1625 484 existi-

917 509 988 530 mus
1015 498 1182 531 distichon
1210 500 1292 531 illud
1328 502 1360 532 in
1390 507 1422 533 te
1455 512 1529 533 esse
1554 502 1626 535 fac·

918 551 1012 582 tum?
1048 551 1082 581 Si
1101 551 1216 591 puella
1239 557 1298 582 tua
1325 553 1402 583 Lais
1433 559 1625 599 vocaretur,

918 601 1047 642 aliquid
1074 607 1213 641 poterat
1239 602 1348 633 videri
1384 603 1507 643 simile,
1535 606 1623 645 quod

916 652 1016 682 Thais
1048 657 1084 683 et
1113 652 1194 683 Lais
1229 652 1344 683 affinia
1375 655 1624 694 quodammodo

917 703 1053 734 nomina
1076 709 1166 735 sunt.
1211 703 1279 735 Sed
1297 704 1324 734 si
1347 709 1407 734 tua
1423 705 1538 744 puella
1567 715 1623 735 vo-

916 758 1015 784 catur
1040 754 1239 792 Hermione,
1268 754 1347 795 quid
1378 755 1487 785 simile
1520 755 1625 786 habet

917 815 992 836 cum
1007 805 1158 835 Thaide?
1182 804 1230 836 At
1252 805 1348 836 dices
1371 809 1421 844 tu,
1437 805 1623 837 Quinctum

916 856 1043 886 notasti
1059 865 1099 886 eo
1123 855 1281 891 disticho,
1298 856 1325 885 is
1345 865 1428 886 vero
1454 865 1516 894 ego
1539 865 1625 886 sum.

916 904 1089 935 Mutemus
1107 905 1250 936 amantis
1263 914 1397 937 nomen.
1443 905 1530 936 Nam
1547 915 1623 936 cum

917 963 980 994 ego
1008 955 1120 986 ludam
1145 964 1281 995 semper
1308 955 1497 987 nominibus
1519 956 1623 996 fictis,

917 1005 998 1046 quid
1028 1006 1184 1044 interest,
1211 1006 1396 1038 Quinctium
1428 1017 1546 1038 vocem
1581 1017 1624 1038 an

916 1056 1058 1087 Sextum
1074 1056 1216 1088 Thaidis
1243 1059 1453 1089 amatorem?
1476 1059 1521 1090 sit
1535 1069 1623 1089 ama-

918 1112 970 1136 tor
986 1107 1128 1146 Sextus;
1158 1113 1193 1139 et
1212 1108 1260 1138 sic
1275 1112 1349 1139 tota
1373 1109 1413 1139 lis
1436 1108 1548 1140 dirimi
1564 1119 1622 1150 po-

918 1158 1011 1188 terit.
1036 1158 1192 1189 Ramires.
1238 1159 1358 1199 Epigr.
1376 1162 1407 1190 8.
1424 1169 1537 1199 supra.

958 1211 976 1238 3
1002 1207 1065 1239 Sed
1087 1209 1200 1248 simile,
1229 1209 1299 1249 δρα]
1334 1210 1480 1250 Urgebis
1507 1215 1623 1242 tamen

916 1267 969 1289 nie
993 1258 1089 1288 nimis
1115 1263 1234 1299 aperte
1262 1259 1380 1290 lusisse
1405 1260 1436 1289 in
1455 1259 1624 1291 affinitate

916 1309 1101 1349 nominum,
1130 1309 1187 1340 ubi
1217 1320 1278 1350 pro
1315 1310 1419 1341 Laide
1455 1315 1514 1341 tua
1551 1311 1623 1342 dixi

914 1360 1054 1392 Thaida.
1078 1370 1195 1392 verum
1221 1370 1286 1392 nou
1314 1361 1418 1401 magis
1432 1361 1509 1392 hine
1526 1366 1624 1392 nota·

916 1414 972 1441 tur
985 1421 1084 1452 quam
1110 1411 1138 1442 si
1155 1412 1382 1452 appellassem
1395 1421 1469 1443 eam
1488 1411 1623 1443 Hermi-

916 1471 1026 1494 onem.

959 1516 977 1543 5
1003 1513 1051 1543 Tu
1075 1516 1188 1553 tamen,
1214 1513 1283 1553 8,·c.]
1316 1513 1367 1544 Te
1391 1517 1503 1544 tamen
1527 1518 1624 1545 nota·

917 1565 989 1593 tum
1007 1572 1140 1601 argues,
1158 1563 1248 1604 quod
1266 1563 1436 1596 Quinctiis
1454 1563 1597 1594 vocaris.

958 1616 978 1643 6
1001 1612 1119 1643 Sestius
1144 1615 1241 1654 amet]
1287 1613 1387 1646 Quod
1414 1615 1440 1644 si
1482 1614 1544 1645 tibi
1575 1615 1622 1645 ita

917 1673 1018 1703 grave
1034 1664 1078 1694 sit
1102 1664 1231 1694 Thaida
1248 1665 1354 1695 amari
1371 1674 1390 1694 a
1405 1663 1527 1695 fictitio
1544 1674 1620 1695 meo

916 1713 1058 1752 Quinto,
1086 1723 1126 1743 ne
1157 1718 1193 1744 tu
1218 1712 1305 1744 forte
1329 1715 1360 1744 in
1392 1714 1620 1754 suspicionem

916 1764 1052 1802 venias;
1083 1764 1232 1796 diluetur
1253 1765 1317 1795 hoc
1342 1765 1443 1796 facile
1471 1770 1507 1797 et
1523 1775 1621 1797 cura-

914 1814 1018 1854 bitur,
1035 1820 1165 1846 mutato
1182 1815 1316 1846 nomine
1333 1815 1473 1847 Quincti
1486 1816 1518 1846 in
1536 1816 1620 1847 Sex-

916 1869 999 1896 tum.

956 1917 1061 1949 Eme.
1080 1926 1143 1948 xxi.
1170 1920 1183 1947 l
1208 1917 1420 1958 Unguentum]
1444 1917 1621 1950 Describit

913 1966 967 1997 hic
983 1967 1149 1997 hominem
1160 1967 1283 1998 stolide
1298 1976 1431 2006 vanum,
1447 1968 1503 2008 qui
1517 1978 1620 2008 quum

912 2017 1025 2048 lautus
1055 2017 1163 2048 videri
1188 2017 1280 2057 velit,
1296 2017 1328 2047 in
1354 2017 1456 2048 rebus
1481 2018 1620 2050 minime

913 2068 1114 2099 necessariis
1130 2073 1302 2108 sumptum
1327 2066 1456 2106 faciat3
1490 2067 1522 2098 in
1545 2068 1619 2098 aliis

914 2124 1042 2157 autem,
1059 2128 1135 2160 quae
1159 2123 1329 2158 sumptum
1349 2118 1543 2149 necessario
1561 2118 1619 2150 de—

913 2169 1077 2207 siderant,
1101 2169 1216 2199 sordes
1246 2177 1321 2198 snas
1338 2168 1500 2207 explicet.
1547 2166 1620 2199 Ho-

913 2219 1021 2250 mines
1038 2219 1119 2249 istos
1131 2218 1242 2249 Gr-aeci
1256 2218 1430 2254 βαναύσους
1443 2219 1618 2260 appellant

913 2274 948 2300 et
965 2267 1192 2309 ἀπειροκάλους.
1225 2269 1357 2301 Herald.

954 2322 974 2350 2
1000 2318 1161 2358 Convivis]
1199 2318 1230 2349 A
1245 2319 1386 2349 Balneis
1409 2324 1443 2349 et
1459 2323 1537 2350 ante
1550 2329 1617 2350 coe-

911 2380 986 2401 nam
1003 2370 1105 2411 prisci
1123 2370 1384 2410 inungebantur.
1418 2370 1524 2402 Here.-
1548 2372 1617 2411 sed]

912 2422 1010 2453 Heri.
1028 2426 1064 2451 nt
1083 2421 1192 2460 epigr.
1209 2423 1261 2451 44.
1287 2421 1308 2450 l.
1325 2424 1353 2451 1.
1402 2421 1494 2451 Nihil
1509 2422 1619 2452 scidis-

911 2472 953 2511 ti]
988 2471 1081 2502 Nihil
1108 2471 1260 2501 convivis
1285 2470 1502 2511 distribuisti,
1518 2482 1617 2513 carp-

912 2522 995 2553 sisti.

955 2575 974 2602 3
991 2571 1175 2612 Salmatia]
1201 2571 1383 2610 Ridicula3
1408 2573 1616 2615 velIronice,

913 2622 945 2653 id
964 2627 1027 2661 est,
1041 2623 1166 2652 insulsa
1180 2627 1214 2652 et
1231 2622 1361 2663 inepta,
1386 2623 1478 2654 vivos
1500 2634 1614 2655 nume-

913 2683 986 2704 rare
1013 2673 1102 2704 inter
1127 2678 1302 2712 mortuos;
1340 2675 1435 2715 quasi
1465 2681 1614 2708 mortuos

911 2725 1102 2764 invitasses,
1118 2734 1184 2755 non
1201 2725 1293 2756 vivos
1304 2725 1345 2756 ad
1359 2726 1560 2760 convivium.

954 2778 971 2806 4
1000 2775 1134 2811 Quiuvn
1162 2779 1270 2812 coeuut,
1298 2777 1367 2817 tie]
1398 2776 1611 2810 Silicern'uun
