1866 3131
406 179 453 207 M.
490 179 600 208 VM„

127 276 196 314 pios
210 275 346 315 querelas
357 275 484 315 offendit
510 274 645 315 improba
668 274 750 314 pica,
776 273 825 303 ubi

127 335 212 356 socer
227 327 310 356 lucus
323 326 486 356 multisona
499 326 621 363 Attide,
639 334 698 354 seu
715 323 828 354 Lusci-

131 375 322 414 nia,s‹’rt·ct,
339 381 486 406 resonat.
517 375 641 411 Attide,
656 373 725 412 bra]
752 373 827 403 Phi-

130 426 263 465 lomela,
288 425 472 456 Pandionis
498 425 586 465 regis
610 424 828 455 Atheniensis

131 477 211 510 filia.

175 533 212 560 ll
240 530 357 568 Indice,
374 528 441 569 δῖα]
477 527 554 558 Non
579 535 661 565 opus
686 529 738 554 est
763 524 826 554 alio

130 580 286 612 delatore
307 586 364 611 aut
380 584 546 610 assertore
563 586 660 617 quam
690 580 747 605 tua
771 584 828 614 pa-

130 631 223 670 gina,
234 641 309 671 quae
327 636 358 661 te
371 629 453 660 furti
464 633 600 659 accuset
613 626 828 665 damnetque.

130 681 181 711 De
197 686 365 712 assertore
377 680 548 720 superiore
565 678 728 718 epigram.
774 676 827 705 In-

129 732 211 771 dice]
226 731 547 772 Inscriptione‚qiiae
562 729 639 759 libri
652 732 824 758 auctorem

130 792 170 813 ac
186 782 356 813 dominum
381 782 499 818 habet,
525 789 563 810 ac
581 779 628 809 sic
645 788 720 808 cuin
748 786 826 807 vero

129 833 263 864 domino
281 834 440 864 vindicat.
490 832 611 862 Vindex
635 838 693 859 scu
721 837 826 858 asser-

130 890 183 914 tor
200 890 263 922 est,
276 883 332 924 qni
349 883 487 914 alterius
503 889 654 911 caussam
671 878 828 918 suscipie-

130 934 189 965 bat
206 934 458 972 vindicandam,
473 942 570 973 quein
594 939 683 960 nunc
709 938 827 969 procu-

130 990 275 1015 ratorem
293 985 444 1015 dicimus.

175 1038 212 1065 12
236 1035 308 1065 Stat
331 1034 455 1073 contra]
486 1033 620 1072 Scripta
648 1036 705 1062 tua
730 1030 827 1060 dissi-

129 1085 266 1115 millima
283 1085 364 1115 meis
382 1089 414 1115 te
442 1083 548 1113 furem
576 1083 678 1112 etiam
705 1091 756 1111 me
780 1086 827 1110 ta-

129 1140 229 1165 cente
245 1135 402 1165 clamant.
446 1135 454 1149 ‘
473 1132 591 1163 Stare'
619 1141 699 1171 ergo
725 1133 733 1148 ‘
750 1140 828 1161 con-

130 1185 198 1215 tra’
228 1189 279 1216 est
302 1184 501 1228 sursmssse,
519 1184 570 1214 vel
596 1186 827 1213 accusatorem

131 1237 182 1266 vel
199 1235 425 1274 defensorem,
439 1235 480 1265 ad
498 1233 691 1265 dicendum.
724 1231 829 1262 Abso-

131 1288 203 1318 luta
229 1293 355 1325 autem,
373 1286 426 1316 vel
448 1284 664 1316 accusatione
691 1283 743 1312 vel
772 1282 829 1312 de-

129 1336 295 1375 fensione,
325 1336 384 1376 jus
418 1340 493 1366 erat
532 1333 660 1364 oratori
699 1332 830 1363 sedere.

131 1388 212 1418 I-ead.
232 1387 384 1419 Ramires.

175 1439 279 1469 Epio,
295 1446 350 1468 ΙΝ.
366 1439 382 1467 1
404 1435 441 1466 Si
456 1435 540 1475 quid,
554 1434 623 1474 Bra]
648 1432 831 1473 Inscriptio

131 1497 218 1519 nova
229 1486 309 1525 fuit,
323 1486 366 1517 de
379 1483 747 1525 ‘Amicorumjudicim’
763 1484 831 1515 No·

132 1538 545 1576 vosamicosnonprorsus
558 1535 762 1575 rejiciendos
777 1534 833 1565 do-

131 1588 460 1627 cet3sedvidendum
470 1596 510 1617 an
521 1584 833 1626 possintfierivete-

132 1650 195 1678 res,
208 1644 333 1670 namet
350 1643 482 1668 veteres
499 1636 677 1677 aliquando
691 1636 765 1666 novi
782 1634 833 1665 t'u-

131 1699 200 1721 cre.
214 1689 303 1729 Ergo
313 1693 390 1719 etse
403 1697 501 1728 posse
512 1686 665 1725 cooptari
676 1685 709 1715 in
720 1694 834 1715 nume-

132 1750 203 1770 rum
221 1739 403 1770 amicorum
432 1737 546 1774 Fusci,
563 1741 598 1767 et
616 1736 679 1766 hoc
700 1740 833 1775 optare.

131 1791 165 1821 Si
183 1789 265 1831 quid
282 1789 345 1820 loci
358 1787 446 1828 apud
461 1793 494 1818 te
511 1787 676 1827 reliquum
690 1785 733 1816 sit
746 1794 833 1816 novo

133 1843 255 1872 amico.

175 1897 194 1924 2
219 1894 300 1924 Nam
317 1895 386 1923 sunt
412 1890 485 1930 tibi]
508 1890 555 1920 Ut
571 1889 649 1919 mihi
667 1888 722 1918 vix
739 1888 833 1918 locus

132 1943 270 1974 relictus
299 1942 406 1973 videri
436 1940 559 1981 possit:
594 1938 653 1970 sed
670 1939 782 1979 cogito
799 1938 835 1968 il-

129 1993 187 2024 lud
226 1993 465 2030 Salustianum,
501 1994 509 2008 ⁴
530 1990 722 2021 Amicorum
753 1998 834 2019 nun-

132 2053 230 2084 quam
247 2043 402 2083 cuiquam
420 2041 588 2071 hominum
603 2040 684 2070 satis
703 2038 790 2070 fuit.’

174 2097 192 2124 5
218 2093 289 2123 Hoc
314 2096 442 2128 veteres,
459 2090 528 2131 fisa]
575 2090 665 2120 Novi
693 2089 834 2125 scilicet,

175 2144 281 2174 Emo-
298 2151 371 2174 tvi.
417 2142 469 2173 Ad
494 2140 695 2180 Frontonem]
736 2140 834 2171 Com-

133 2203 266 2224 munem
280 2194 390 2224 locum
407 2193 448 2224 de
467 2193 538 2222 vita
563 2192 705 2228 rustica,
722 2191 755 2221 id
772 2195 836 2230 est,

133 2244 231 2274 beata
260 2253 299 2274 ac
331 2243 458 2284 quieta,
492 2242 646 2273 continet
673 2241 734 2272 hoc
766 2241 836 2281 epi-

135 2303 297 2334 gramina.

181 2348 190 2375 1
213 2345 273 2375 Tui
287 2344 431 2383 breviter,
446 2343 515 2383 111-0.]
538 2342 649 2374 Amici
667 2343 714 2373 tui
726 2342 835 2374 Marci

134 2396 262 2426 Valerii
274 2395 453 2431 Martialis,
468 2395 502 2425 id
521 2400 588 2435 est,
600 2394 676 2425 mei.

177 2450 195 2477 2
222 2447 360 2485 Clarum,
375 2445 444 2486 850]
480 2446 557 2476 Fuit
571 2446 659 2476 enim
678 2444 834 2476 tribunus

134 2497 326 2536 vigiliarum
349 2500 386 2526 et
401 2496 530 2535 consul,
547 2496 596 2526 vir
612 2496 836 2536 clarusjuxta

135 2556 174 2577 ac
192 2546 324 2577 doctus.

177 2600 195 2627 «1
221 2596 425 2636 Sordidaque,
460 2595 526 2635 ἐξα]
569 2596 647 2626 Sine
677 2596 770 2627 cultu
801 2600 835 2627 et

135 2647 330 2688 splendore,
346 2648 377 2676 111
392 2657 426 2677 rc
441 2646 572 2677 modica
591 2652 624 2676 ct
643 2647 749 2677 tenni.

178 2702 195 2727 5
224 2697 405 2736 Quisquam]
440 2697 547 2727 Nemo
565 2696 662 2736 adeo,
678 2697 731 2727 cui
749 2696 834 2727 obti-

635 179 663 207 M
675 178 697 207 A
711 179 820 208 R'rm
835 180 904 208 Lib*
943 181 1100 211 upton.

1138 183 1292 211 1,1n.1.
1464 173 1578 213 1113

880 274 928 314 git
944 275 1095 306 modicus
1122 278 1284 315 contiguo
1311 285 1385 307 611111
1407 276 1476 306 lare
1504 276 1579 306 sun-

879 326 954 365 dus,
970 326 1068 356 modo
1085 336 1178 357 mens
1195 337 1276 358 sana
1292 327 1347 365 sit,
1364 327 1444 357 velit
1461 337 1578 368 supcr-

882 377 940 406 bos
956 377 1066 407 aditus
1082 387 1195 417 regum
1222 378 1388 419 durasque
1412 378 1502 409 fores
1527 389 1580 409 co-

880 427 963 465 lere,
980 432 1016 458 nt
1035 437 1162 457 summo
1190 438 1285 458 inane
1312 430 1436 460 salutet
1464 434 1579 469 patro-

879 487 968 508 num.
1016 477 1223 517 Perstringit
1239 479 1351 509 obiter
1367 480 1578 520 quorundam

877 527 1117 566 ἐθελοδουλείαν,
1139 528 1208 567 (1111,
1239 534 1277 559 nt
1307 529 1482 560 ambitioni
1509 541 1578 561 sum

880 582 938 608 aut
963 578 1034 608 aliis
1060 577 1304 618 cupiditatibus
1334 579 1582 613 satisfacerent,

879 627 1064 658 humillima
1080 637 1220 668 quaeque
1245 633 1280 658 et
1309 629 1421 659 liberis
1437 630 1580 661 bomini-

880 677 940 707 bus
972 677 1112 717 indigna
1140 677 1373 718 patiebantur,
1412 681 1523 720 qualia
1547 681 1581 711 in

879 727 1109 767 potentiorum
1160 729 1294 759 cultura
1338 730 1582 771 concoquenda

879 783 988 810 erant.
1034 778 1147 819 Atque
1178 778 1268 810 inter
1300 779 1377 819 alia,
1405 781 1581 811 clientulo-

879 838 949 859 rum
967 830 1149 859 matutinas
1166 830 1385 861 salutationes
1412 838 1581 862 numerat.

879 879 1012 910 Herum.
1059 879 1243 920 Pium-450]
1268 879 1367 910 Atria
1383 880 1522 911 divitum
1539 881 1581 912 ad

879 928 1104 969 frigiditatem
1122 932 1305 961 incrustata
1329 941 1496 962 marmore
1521 933 1584 963 La-

880 981 1011 1019 conico,
1027 987 1152 1012 natura
1166 982 1303 1022 quidem
1318 982 1508 1022 variegato‚
1524 983 1582 1014 sed

880 1036 915 1062 et
931 1036 1004 1061 arte
1019 1032 1156 1071 insuper
1169 1032 1276 1072 picto,
1291 1037 1378 1063 teste
1392 1033 1479 1063 Plin.
1494 1033 1515 1063 1.
1529 1036 1582 1065 35.

880 1092 909 1112 6.
929 1085 956 1112 l.
981 1082 1152 1112 Marmora
1177 1084 1264 1113 enim
1289 1082 1469 1123 frigidiora
1491 1094 1580 1114 com-

879 1132 970 1162 muni
988 1142 1090 1163 saxo:
1117 1133 1195 1164 hinc
1208 1134 1381 1172 Sidonius,
1397 1134 1501 1174 Alpes
1515 1135 1584 1173 gla-

881 1183 984 1213 ciales
1023 1188 1134 1221 vocat,
1185 1185 1192 1200 ‘
1213 1183 1318 1224 Alpes
1356 1184 1583 1215 marmoreas?

882 1233 1014 1264 Deinde
1031 1234 1108 1264 ideo
1122 1233 1212 1265 forte
1230 1237 1238 1252 ‘
1253 1235 1364 1274 picta’
1379 1235 1478 1273 (lixit,
1494 1236 1583 1276 quod

882 1283 1086 1314 Laconicum
1108 1294 1253 1316 marmor
1271 1286 1376 1316 instar
1404 1285 1583 1316 herbarum

883 1334 1029 1372 virebat,
1046 1339 1083 1364 ut
1100 1335 1228 1366 clarum
1246 1345 1263 1366 e
1280 1336 1412 1376 Papinii
1430 1336 1511 1367 locis
1526 1337 1586 1367 ali-

883 1390 976 1426 quot.
1023 1388 1031 1403 ‘
1046 1386 1167 1417 Picta'
1191 1396 1272 1427 ergo
1296 1388 1305 1404 ‘
1322 1386 1465 1427 frigora'
1488 1388 1587 1425 dixit,

884 1446 944 1476 pro
960 1437 968 1454 ‘
988 1435 1113 1477 frigora
1129 1437 1199 1468 saxi
1220 1436 1327 1477 picti.’
1352 1438 1395 1467 Et
1412 1437 1586 1476 eleganter

882 1487 891 1502 ‘
908 1486 990 1517 colit
1006 1485 1156 1526 ti·ig01·a,’
1184 1487 1331 1517 irrisorie
1347 1485 1389 1517 de
1406 1486 1587 1517 adulatori-

885 1536 945 1567 bus
963 1542 998 1567 et
1015 1537 1192 1568 matutinis
1204 1536 1457 1569 salutatoribus.
1494 1537 1503 1553 ‘
1521 1537 1583 1567 Co-

881 1586 964 1616 lere'
981 1586 1069 1616 enim
1079 1587 1133 1617 hic
1147 1593 1210 1626 est,
1223 1586 1405 1626 θεραπεύειν,
1417 1587 1585 1627 quomodo

883 1636 978 1667 αὐλὰς
1007 1636 1178 1676 θεραπεύειν
1214 1637 1376 1668 dixerunt
1398 1636 1586 1667 Menander

884 1691 920 1717 et
941 1686 1106 1725 0101111115.

926 1739 946 1766 u
969 1736 1167 1766 Matutinum
1182 1735 1331 1776 entrefis-12]
1364 1736 1587 1767 Salutationis

884 1785 1061 1816 matutinae
1075 1794 1191 1815 vocem
1206 1786 1377 1816 solennem
1393 1795 1400 1815 :
1425 1786 1474 1816 καὶ
1487 1785 1586 1822 ἠσπά-

883 1846 973 1875 σατο,
1000 1836 1104 1874 οὕτνγε
1133 1837 1176 1874 τῷ
1205 1836 1312 1874 ἑωθινῷ
1334 1836 1521 1876 προσρήματι
1544 1838 1589 1876 τῷ

883 1888 989 1927 Χαῖρε,
1000 1886 1085 1916 ἀλλὰ
1099 1887 1143 1925 τῷ
1159 1886 1304 1926 ἑσπερινῷ
1316 1888 1359 1925 τῷ
1367 1887 1501 1925 ‘T'ylawe
1512 1899 1587 1927 χρη·

883 1935 1023 1975 σάμενος.
1070 1937 1135 1968 Dio
1165 1937 1198 1967 in
1224 1937 1387 1968 Adriano.
1432 1938 1587 1969 Commu-

884 1988 934 2018 nis
952 1988 1079 2018 amicus
1105 1987 1269 2018 divitibus
1287 1988 1419 2025 dictus,
1435 1988 1587 2029 quotidie

883 2038 1066 2069 salutatum
1092 2044 1252 2078 patronos
1285 2038 1487 2077 ventitabat,
1515 2039 1587 2069 uni-

884 2089 1007 2130 cuique
1020 2088 1159 2120 verbnm
1171 2088 1248 2120 Avi:
1261 2090 1469 2130 prolocutuS,
1482 2095 1587 2121 trans-

884 2139 955 2170 ibat
973 2139 1014 2170 ad
1032 2139 1134 2170 alium
1163 2143 1263 2180 atque
1285 2140 1397 2171 alium.
1443 2140 1586 2180 Ineptus]

885 2191 1036 2229 Dicitur,
1067 2189 1155 2230 quod
1191 2190 1433 2230 intempestiva
1463 2191 1588 2222 saluta-

885 2242 976 2272 tione
1006 2246 1040 2271 et
1069 2240 1190 2270 osculis
1223 2241 1393 2271 vexabant
1415 2245 1586 2281 potentes.

886 2293 980 2324 Nihil
997 2293 1084 2322 enim
1112 2293 1263 2323 crebrius
1291 2293 1379 2333 apud
1408 2293 1506 2325 istius
1522 2295 1585 2325 aevi

885 2345 1084 2385 scriptores,
1102 2355 1200 2384 quam
1219 2345 1307 2385 quod
1328 2345 1369 2375 de
1386 2345 1587 2386 importunis

885 2400 920 2426 et
945 2396 1071 2434 ineptis
1097 2395 1357 2426 salutationibus
1383 2396 1458 2426 istis
1481 2396 1586 2428 incul-

884 2451 978 2484 cant,
1015 2455 1078 2476 non
1117 2446 1188 2476 sine
1217 2445 1312 2485 justa
1342 2445 1586 2486 indignatione.

886 2498 994 2528 Recte
1032 2496 1135 2535 igitur
1171 2495 1224 2526 1116
1261 2496 1270 2512 ‘
1290 2496 1451 2536 ineptus.'
1495 2498 1585 2529 Quid

884 2548 987 2578 etiam
1034 2546 1183 2586 ineptius
1225 2546 1412 2584 excogitari
1460 2552 1587 2587 potest,

885 2607 982 2638 quam
1001 2596 1089 2637 quod
1115 2596 1157 2626 de
1183 2597 1422 2627 salutationum
1447 2597 1585 2629 istarum

885 2647 1109 2686 dispositione
1152 2646 1335 2685 scriptores
1384 2647 1585 2680 observant?

887 2696 1244 2727 Viuc'surneb.1.2>s.
1263 2706 1293 2727 (“.
1308 2699 1358 2727 15.
