1866 3131
422 198 470 228 51.
503 199 610 227 vAL.
646 197 920 228 MARTIAMS
958 200 1115 232 El'lGR.
1151 203 1242 234 Liss.
1281 205 1348 233 xl.

163 293 451 323 averruncandas.
510 293 608 324 Unde
645 293 798 333 AEgyptii
830 293 861 324 iu

164 347 268 382 caput
300 342 460 379 victimae‚
489 343 575 373 mala
602 344 712 374 omnia
742 344 862 385 depre-

163 393 343 423 cabantur.
369 394 504 424 Herum.

208 448 247 474 10
274 445 397 475 Indixit
418 456 543 482 emnam,
569 445 636 486 gu]
670 446 800 477 Statuit
825 456 860 477 se

163 500 338 526 venturam
352 501 518 526 coenatum
537 496 627 536 apud
645 506 708 535 me,
722 496 810 538 quod
827 501 862 527 et

162 547 169 561 ‘
185 544 364 575 condicere
381 555 508 576 coenam
524 545 532 558 '
553 546 690 576 dicitur.

206 596 245 623 12
270 595 330 624 Nil
345 595 433 633 milti,
448 597 518 636 &cst
549 597 667 636 Epigr.
689 599 740 627 12.
755 596 814 627 lib.
830 600 860 628 4.

203 645 307 676 Eme.
321 654 385 677 ιιι.
402 647 533 678 Invitat
546 647 722 679 Cerealem
736 648 778 679 ad
792 659 857 680 εω-

161 705 250 726 nam.

203 749 220 777 3
248 748 397 779 Octavam
420 748 537 788 poteris
561 749 700 788 servare]
723 749 858 781 Idcirco

158 801 194 828 et
210 798 333 829 solaria
349 804 448 830 erant
462 799 493 829 in
507 799 644 839 balneis,
657 809 730 840 quae
747 809 766 830 a
778 810 858 831 con-

157 847 318 879 vivaturis
336 849 609 880 consulebantur.
656 849 755 880 Unde
772 851 856 880 sole-

159 899 240 930 bant
265 900 387 930 miselli
411 906 446 931 et
474 900 614 940 parasiti
638 899 857 940 τρεχέδειπνοι,

157 949 278 988 quibus
298 955 420 980 venter
444 951 632 990 pruriebat,
657 951 746 981 σκιὰν
760 963 853 981 κατα-

156 1001 276 1039 μετρεΐν
303 1000 352 1030 ἐπὶ
377 1002 507 1031 δεῖπνον.
554 1001 645 1032 Hinc
663 1003 854 1033 exsecratio

155 1050 352 1081 solariorum
369 1060 388 1081 a
405 1051 556 1091 parasito
584 1052 642 1082 illo
659 1052 748 1092 apud
778 1053 854 1086 Aul.

157 1100 246 1131 Gell.
269 1101 325 1131 lib.
342 1104 373 1132 3.
402 1111 477 1142 cap.
493 1105 524 1132 3.
569 1103 757 1133 mebimur
778 1102 854 1142 uua]

155 1151 246 1182 Ante
267 1161 396 1183 coenam
421 1153 591 1192 lavabant,
616 1159 749 1193 aestate,
772 1155 854 1185 hora

155 1209 299 1241 octava3
333 1205 466 1244 hyeme,
493 1215 604 1236 nona:
631 1206 751 1237 divites
775 1217 851 1238 cum

155 1264 250 1284 coena
268 1255 464 1295 praebebant
481 1255 630 1286 convivis
647 1256 769 1288 balnea
786 1257 853 1297 pri·

155 1309 246 1343 vata,
258 1314 426 1344 pauperes
438 1305 573 1346 publica
589 1306 848 1338 conducebant:

153 1355 230 1385 hinc
263 1355 373 1386 Poeta
404 1355 580 1387 Cerealem
615 1357 656 1387 ad
686 1358 850 1398 Stephani

152 1405 271 1435 balnea
287 1405 422 1436 invitat.
468 1407 632 1439 Quienim
650 1417 776 1438 coenam
793 1409 850 1439 da-

154 1454 227 1493 bat,
264 1455 420 1485 balneum
460 1466 594 1497 quoque
635 1456 851 1490 calfaciebat.

153 1504 475 1545 Undejubebantur
491 1507 656 1546 convivae,
671 1507 852 1547 λουσάμενοι

153 1554 246 1591 ἥκειν.
290 1556 378 1586 Sane
405 1561 483 1587 ante
509 1566 638 1587 coenam
667 1559 779 1589 lavare
804 1568 852 1588 so-

153 1608 282 1646 lebant,
295 1607 426 1639 miseris
443 1608 545 1640 etiam
563 1614 598 1640 et
615 1608 750 1641 afflictis
769 1614 851 1641 tem·

153 1658 299 1698 poribus.
325 1658 457 1688 IIeralel.

194 1712 211 1738 5
237 1709 403 1749 Mamuda]
427 1708 572 1746 Ciendo,
588 1708 799 1740 lubricando.

193 1762 212 1789 7
239 1758 400 1798 Cordyllu]
425 1759 476 1789 De
502 1758 566 1789 boc
599 1769 723 1798 genere
740 1760 854 1799 pisciS,

152 1810 269 1849 Epigr.
293 1812 323 1840 2.
349 1809 405 1839 111).
430 1812 460 1839 3.
488 1819 575 1840 vers·
602 1813 633 1840 4.
657 1814 693 1839 et
716 1809 772 1839 lib.
800 1813 849 1842 13.

152 1862 271 1901 Epigr.
288 1864 317 1892 1.
362 1860 507 1900 Luem-to]
533 1861 650 1901 Epigr.
670 1862 722 1892 79.
746 1861 846 1892 lib.5.

152 1916 281 1942 vers-3.

191 1966 210 1993 8
237 1964 337 1998 Quum
349 1963 509 2003 cum,s3)·c.]
531 1963 703 2004 Epigram.
718 1966 770 1995 48.
786 1963 845 1995 lib.

151 2016 202 2045 10.

191 2067 211 2095 9
234 2064 359 2104 Altera]
382 2064 459 2096 Ova
473 2064 546 2096 alia.
589 2064 775 2104 Tenui‚&c.]
789 2065 845 2096 Sic

150 2114 252 2146 Ovid.
277 2118 307 2145 8.
332 2115 562 2155 Metamorpb.
594 2115 603 2132 ‘
620 2115 761 2156 Ovaque
777 2125 843 2146 non

149 2166 216 2196 acri
234 2166 356 2196 leviter
373 2170 508 2197 versata
523 2165 664 2197 favilla.²

193 2219 232 2246 10
261 2216 453 2256 Velabrensi]
485 2216 610 2246 Caseus
628 2215 845 2246 Velabrensis

150 2266 240 2298 fumo
265 2267 410 2309 focoque
437 2267 623 2299 induratus.
664 2268 765 2309 Epig.
792 2271 843 2300 32.

148 2320 170 2349 l.
189 2321 239 2349 13.

193 2371 231 2398 11
259 2368 337 2403 Qua>
359 2367 518 2408 Picenum,
543 2368 611 2408 iffa]
649 2369 765 2410 Epigr.
791 2372 843 2401 36.

150 2418 210 2449 lib.
228 2421 281 2448 13.

193 2472 232 2500 12
259 2468 378 2508 Gustu]
415 2468 614 2500 Antecoena.
646 2469 763 2510 Epigr.
791 2473 844 2502 32.

149 2529 252 2559 supra
268 2528 355 2548 verS.
369 2521 399 2549 3.

191 2572 230 2600 13
256 2569 407 2607 Mentiar,
426 2572 460 2599 ut
487 2568 606 2608 venias]
643 2569 843 2601 Promittam

150 2620 212 2652 tibi
242 2619 385 2650 lautiore
413 2623 578 2658 apparatu
603 2624 706 2659 caput
738 2629 844 2650 coenae

149 2671 354 2712 appositum,
370 2674 408 2700 ut
425 2670 540 2700 venire
558 2670 651 2701 velis.
688 2669 842 2708 Menum,

148 2725 183 2751 ut
209 2721 331 2761 venias]
379 2721 419 2751 In
446 2720 647 2751 lautioribus
677 2719 842 2753 conviviis

1499 195 1610 236 1395

912 295 1024 335 pisces
1054 296 1162 327 locum
1190 300 1397 339 praecipuum
1426 300 1610 336 habebant.

916 345 1012 375 Unde
1029 345 1101 385 ὄψον
1115 349 1251 388 proprie
1266 349 1306 379 ad
1323 350 1430 389 pisces
1446 353 1605 386 relatum:

913 399 1075 427 caeterum
1103 398 1187 428 tanti
1215 398 1342 430 fiebant
1368 400 1505 433 obsonia
1530 403 1607 443 ista,

912 449 950 475 ut
970 445 1197 478 tintinnabulo
1221 457 1438 482 monerentur
1460 454 1606 493 insignes

911 494 978 525 illae
1005 497 1105 535 gulae,
1126 498 1153 528 si
1176 498 1233 538 qui
1260 502 1476 539 pretiosiores
1497 505 1608 543 pisces

911 548 1076 585 asportati
1102 554 1210 580 erant.
1269 551 1395 582 Verum
1421 552 1609 592 ἰχθυοπῶλαι

911 605 947 625 os
964 596 1028 626 illis
1046 607 1138 637 saepe
1152 600 1377 639 sublinebant‚
1392 603 1499 642 pisces
1517 615 1604 636 mor-

912 650 986 677 tuos
1010 653 1068 679 aut
1084 654 1217 681 veteres
1235 661 1295 691 pro
1313 655 1507 685 recentibus
1526 665 1605 686 veu-

909 701 1040 732 dentes.
1099 701 1198 732 Unde
1230 703 1372 733 vetitum
1404 705 1605 746 quandoque

909 751 1066 791 Athenis,
1081 761 1125 782 ne
1137 761 1193 782 eos
1205 762 1288 793 aqua
1301 753 1481 794 irrigarent
1493 767 1501 793 ;
1517 757 1606 796 quod

908 803 1023 834 facere
1048 803 1169 841 solent,
1186 807 1221 834 ut
1237 810 1392 836 recentes
1410 806 1603 839 videantur.

908 854 953 884 Et
969 863 1033 883 non
1050 854 1156 884 solum
1171 853 1209 884 τὸ
1219 854 1334 895 νεαρὸν,
1351 856 1410 887 sed
1427 861 1461 887 et
1478 860 1605 898 magni-

908 904 989 935 tudo
1022 904 1163 945 piscium
1194 906 1376 937 notabatur
1403 917 1421 937 a
1445 908 1603 939 delicatis

907 955 970 985 illis
986 955 1188 994 gurgitibus.
1212 956 1301 987 Vide
1316 957 1473 989 Juvenal.
1490 959 1603 998 Satyr.

906 1009 937 1036 4.
964 1006 1087 1038 Horat.
1100 1009 1164 1038 &a
1210 1006 1299 1039 Gula
1315 1008 1429 1049 itaque
1441 1010 1502 1039 τῶν
1518 1011 1604 1049 φιλό-

906 1058 968 1094 ψων
984 1057 1093 1096 pisces
1121 1061 1189 1087 tam
1214 1067 1309 1088 caros
1327 1059 1552 1099 concinnavit,
1568 1066 1606 1092 ut

907 1108 993 1137 Cato
1019 1107 1169 1138 dixerit:
1211 1107 1328 1138 Rornae
1356 1109 1460 1148 pluris
1487 1111 1603 1142 venire

907 1158 1047 1196 piscem,
1073 1167 1172 1197 quam
1203 1158 1334 1189 bovem.
1392 1160 1466 1191 Nec
1495 1162 1602 1193 solum

905 1208 1042 1245 Romam
1066 1208 1124 1238 sed
1142 1213 1178 1239 et
1195 1209 1226 1239 in
1242 1210 1378 1240 Graecia
1389 1212 1550 1242 carissimi
1567 1217 1604 1243 et

904 1258 1138 1297 pretiosissimi
1165 1259 1295 1298 pisces:
1330 1261 1420 1291 unde
1449 1261 1602 1293 Corinthi

903 1309 980 1348 lege
997 1313 1134 1339 cautum
1152 1314 1234 1347 erat,
1254 1319 1296 1340 ne
1321 1310 1393 1350 quis
1410 1311 1441 1340 in
1459 1312 1602 1343 macello

902 1359 1010 1398 pisces
1027 1368 1118 1398 saepe
1135 1364 1277 1398 emeret,
1300 1361 1361 1391 nisi
1379 1361 1434 1402 qui
1451 1367 1509 1393 aut
1523 1372 1601 1393 cen-

902 1417 973 1437 sum
990 1417 1099 1447 suurn,
1117 1415 1174 1439 aut
1192 1413 1297 1439 artem
1311 1420 1376 1450 qua
1391 1412 1495 1442 vitani
1512 1417 1600 1443 tnta-

904 1456 1005 1487 batur
1036 1458 1181 1498 probare
1218 1465 1347 1499 posset.
1404 1462 1507 1492 Ratio
1535 1467 1601 1501 est,

903 1507 1062 1547 quianon
1087 1514 1228 1547 possunt
1254 1519 1419 1550 pauperes
1445 1512 1539 1543 laute
1558 1513 1600 1543 si-

904 1557 971 1587 mul
995 1563 1029 1588 et
1056 1560 1254 1590 innocenter
1280 1560 1406 1592 vivere.
1429 1561 1599 1594 Her-aldus.

905 1608 1028 1648 Pisces]
1071 1609 1189 1639 Pisces
1224 1619 1304 1641 vero
1334 1611 1367 1641 in
1399 1612 1598 1644 lautioribus

903 1659 1066 1689 conviviis
1086 1661 1209 1699 primas
1227 1660 1412 1692 habebant.
1460 1663 1600 1703 Conclty-

902 1710 958 1749 lia]
975 1709 1112 1741 Ostrea.
1159 1711 1288 1750 Sumen]
1312 1713 1429 1752 Epigr.
1442 1715 1494 1745 44.
1510 1714 1530 1744 1.
1546 1717 1597 1746 13.

947 1763 984 1790 14
1011 1761 1114 1791 Certis
1140 1762 1275 1802 saturas]
1314 1762 1480 1793 Gallinas.
1518 1764 1598 1804 Epi-

902 1819 1041 1849 gramm.
1068 1814 1120 1842 30.
1153 1812 1212 1843 lib.
1228 1815 1259 1844 7.
1287 1822 1373 1844 vers.
1392 1817 1420 1844 l.
1464 1814 1598 1845 Paludis

898 1860 984 1900 aves]
1006 1861 1147 1892 Anates.

942 1914 979 1941 15
1006 1912 1073 1942 Nec
1088 1911 1198 1951 Stella,
1212 1913 1279 1953 Cym]
1304 1914 1382 1945 Non
1398 1914 1470 1954 ipse
1484 1915 1595 1947 lautus

897 1965 933 1992 et
959 1961 1078 1992 nobilis
1103 1962 1222 2003 Stella,
1250 1963 1292 1994 de
1322 1974 1388 2004 quo
1411 1965 1524 2005 Epigr.
1540 1969 1594 1997 78.

895 2011 952 2042 lib.
970 2015 1002 2043 8.
1016 2018 1051 2043 et
1068 2012 1158 2043 alibi.

939 2065 978 2093 16
1001 2062 1061 2092 Nil
1075 2062 1208 2093 recitabo
1223 2064 1298 2104 tibi]
1336 2065 1490 2106 Namque
1514 2075 1592 2097 con-

896 2112 987 2143 vivas
1013 2123 1089 2144 suos
1112 2114 1307 2154 importuna
1330 2116 1476 2147 lectione
1501 2126 1593 2157 saepe

895 2163 1085 2194 enecabant
1101 2163 1175 2194 istae
1188 2164 1371 2196 hirudines.
1416 2166 1592 2206 Epigrarn.

894 2217 947 2245 79.
971 2215 1026 2244 lib.
1042 2218 1073 2245 5.
1090 2224 1180 2245 verS.
1194 2218 1247 2246 25.
1274 2221 1308 2246 et
1322 2216 1460 2248 Lucian.
1475 2220 1506 2247 2.
1525 2216 1594 2248 An·

896 2265 1018 2304 tholog.
1032 2274 1105 2296 cau.
1122 2268 1175 2295 47.

940 2319 978 2347 17
1004 2317 1074 2356 Ipse
1100 2320 1167 2347 tuos
1191 2316 1291 2355 nobis,
1315 2316 1384 2356 &c.]
1413 2316 1467 2347 Tu
1495 2317 1590 2348 nobis

894 2367 985 2406 legas
1002 2366 1313 2406 Gigantomachiam
1332 2376 1350 2396 a
1367 2372 1400 2397 te
1416 2367 1590 2406 scriptam,

895 2423 930 2447 et
961 2417 1131 2456 Georgica
1156 2422 1224 2456 tua,
1251 2416 1384 2456 Virgilii
1409 2416 1589 2457 Georgicis

894 2477 960 2498 non
977 2466 1144 2497 cedentia.

938 2521 977 2548 18
1002 2518 1101 2555 Rura,
1116 2516 1185 2557 8502]
1207 2516 1286 2556 Alii,
1304 2518 1398 2548 Rara.
1423 2517 1491 2547 Per
1513 2518 1522 2535 ‘
1536 2527 1589 2548 ru-

895 2569 948 2599 ra'
966 2577 1043 2598 vero
1061 2568 1180 2605 innuit,
1202 2577 1276 2598 eum
1301 2568 1470 2608 Georgica
1481 2569 1588 2609 scrip-

893 2619 986 2648 sisse.

936 2669 1038 2699 Epic.
1055 2676 1132 2698 Lm.
1149 2667 1322 2699 Claudiam
1338 2667 1493 2699 Rufinam
1512 2669 1586 2699 Bri-

894 2724 1029 2749 tannam
1054 2718 1200 2750 laudata
1228 2722 1418 2758 venustate,
1438 2718 1585 2759 ingenio,
