1866 3131
385 193 434 223 M.
459 194 569 223 VAL.
604 193 879 224 MAR'rIALts
908 196 998 225 [ΑΒ.
1035 198 1095 228 DE
1129 198 1358 230 SPECTAC.

189 284 207 311 5
237 280 373 322 Hydroe,
400 282 468 323 ἃς]
514 284 589 315 Uno
616 284 685 315 ictu
707 285 841 315 Lernae-

146 342 198 363 am
227 340 357 373 pestem
385 335 479 365 sinml
502 334 729 366 interfecisset
762 337 841 367 Car·

144 384 325 423 pophorus,
343 396 441 426 quam
459 386 626 417 Hercules
641 387 754 416 multis
780 387 841 417 itc-

144 435 227 464 ratis
253 435 361 474 plagis
383 445 476 474 aegre
497 434 663 467 confecit:
690 438 840 476 repullu-

141 485 290 516 lantibus
304 486 389 516 enim
404 487 573 527 capitibus
583 488 762 519 crescebat
775 499 840 519 ma-

143 539 222 571 lum.

183 593 202 621 7
228 591 393 631 Ignipetles
414 590 532 631 posset]
566 592 717 623 Celeres.
764 592 839 624 Sine

144 641 375 681 Colcltide,8sc.]
398 640 537 682 Absque
555 642 688 673 Medeae
713 653 778 683 ope
802 648 837 674 et

140 696 226 730 arte,
243 692 329 732 quod
349 692 451 724 Jason
474 702 539 724 nou
566 694 746 734 potuisset.
792 694 837 724 Et

131 741 266 781 jungere
300 742 376 771 ideo
407 743 490 783 legit
528 743 634 775 Grou.
664 744 742 784 quia
773 744 835 774 sub

133 792 252 831 jugum
272 792 447 833 redigendi
466 798 574 824 erant.
605 794 835 834 Utrumqnefe-

136 842 220 881 rum]
246 842 379 883 Nempe
409 844 466 883 qui
494 849 661 875 amantem
691 845 834 884 sprevit,

138 892 275 922 Daedali
306 898 379 923 arte
410 894 592 933 pellectus,
627 900 661 924 et
698 894 766 935 qui,
793 904 835 925 ex

137 942 201 973 illis
220 947 327 982 ortus,
344 943 575 974 Minotaurum
592 954 611 974 a
624 944 752 974 Theseo
768 944 833 974 vic-

138 998 222 1024 tum.

179 1045 198 1073 8
222 1043 400 1083 Hes-ionem,
425 1044 492 1084 ἐξα]
531 1043 772 1074 Laomedontis
795 1043 834 1074 fi-

134 1093 212 1124 liam
241 1099 317 1125 ceto
343 1093 546 1134 expositam,
568 1103 666 1135 quam
690 1095 834 1125 asseruit

135 1145 241 1175 Herc.
273 1144 500 1184 Andromedan]
538 1144 666 1184 Cephei
691 1149 726 1175 et
754 1145 834 1176 Cas-

135 1195 246 1235 siopes
269 1194 384 1232 filiam,
409 1204 507 1236 quam
535 1199 612 1226 ceto
639 1195 831 1235 expositam

133 1244 292 1276 liberavit
307 1246 468 1276 Theseus.

176 1298 196 1326 9
229 1296 404 1334 Herculeoe,
439 1297 508 1336 ἐξα]
559 1296 614 1326 Ite
643 1296 729 1336 jam,
756 1295 831 1327 sub-

132 1346 249 1377 ducite
272 1347 433 1386 rationes,
456 1346 675 1386 comperietis
699 1347 831 1378 Hercu-

133 1397 171 1428 lis
187 1398 317 1428 labores
343 1407 404 1438 per
420 1408 550 1429 omnem
569 1398 671 1429 vitam
689 1408 755 1429 nou
773 1409 831 1429 ex-

133 1449 278 1479 cessisse
304 1457 370 1479 xn.
399 1458 596 1480 numerum:
634 1449 830 1488 Carpopho-

133 1509 190 1530 rus
218 1509 283 1530 uno
314 1500 511 1540 spectaculo
542 1508 606 1532 xx.
633 1500 755 1531 stravit
781 1498 830 1531 fe-

134 1558 197 1580 raa.

178 1603 217 1630 10
241 1600 384 1639 Pariter]
407 1600 515 1630 Simul
530 1599 680 1638 emissas,
703 1606 762 1630 aut
784 1600 830 1629 al-

133 1654 242 1680 teram
265 1654 342 1690 post
368 1650 516 1690 priorem
542 1659 677 1689 caesam,
709 1649 829 1680 eodem

134 1705 246 1730 tamen
265 1700 475 1739 spectaculo.
499 1700 581 1730 lead.

133 1750 237 1782 Eric.
256 1758 393 1781 xxvnt.
437 1749 521 1780 Laus
546 1750 700 1790 Augusti]
727 1750 829 1780 Ocio-

175 1810 245 1830 sum
271 1800 404 1839 lemma,
437 1801 602 1840 ineptum,
620 1805 655 1831 et
683 1801 827 1831 alienum

174 1860 194 1880 a
223 1860 320 1881 sensu
351 1850 603 1890 epigrammatis
626 1855 685 1881 ant
716 1856 827 1883 mente

173 1901 305 1939 Poe'tae,
319 1901 374 1941 qui
389 1901 546 1931 lemmata
561 1910 620 1931 sua
643 1901 735 1932 libris
755 1907 827 1932 tan·

173 1957 244 1981 tum
261 1951 376 1982 ultimo
400 1956 501 1992 atque
532 1952 718 1992 penultimo
743 1962 826 1992 prae-

171 2001 269 2033 fixit:
292 2007 328 2033 ut
355 2007 501 2042 apparet
517 2003 627 2043 epigr.
644 2006 675 2035 3.
695 2003 754 2034 lib.
776 2006 826 2035 13.

171 2058 207 2083 et
218 2052 329 2093 epigr.
346 2055 376 2083 2.
393 2052 451 2084 lib.
470 2056 520 2084 14.
536 2053 598 2084 hoc
623 2060 733 2084 autem
756 2054 826 2094 epi—

171 2107 354 2142 grammate
381 2102 452 2133 Titi
479 2102 533 2144 (ut
559 2102 693 2134 videtur
709 2113 749 2134 ex
765 2104 827 2135 Xi-

172 2152 314 2194 philiuo)
345 2154 576 2184 naumachiam
601 2153 742 2194 praei'ert
761 2155 826 2186 illis

171 2202 332 2243 Augusti,
348 2203 493 2242 Claudii,
517 2204 677 2235 Neronis.

174 2256 189 2283 l
215 2254 351 2292 Augusti
384 2254 499 2293 laudes,
533 2254 603 2294 Qu]
654 2254 827 2295 Augustus

130 2304 236 2335 nudas
253 2304 405 2335 exhibuit
430 2305 642 2336 naumachias
665 2308 714 2337 cis
728 2306 826 2337 Tibe·

128 2355 202 2385 rim.
241 2355 334 2385 Suet.
356 2357 409 2386 43.
435 2354 678 2394 Aug.'rac.14.
702 2356 826 2388 Anual.

129 2408 194 2438 nisi
224 2407 385 2447 respiciat
423 2409 704 2440 exercitationem
743 2411 826 2441 clas-

128 2457 211 2488 sium
229 2457 263 2488 in
280 2458 354 2488 lacu
372 2458 517 2489 Lucrino
534 2459 574 2489 arl
593 2459 716 2490 bellum
731 2461 825 2491 Sicu-

126 2509 208 2539 lum.
230 2508 370 2540 Sueton.
389 2508 476 2548 Aug.
517 2509 583 2540 Sed
608 2510 703 2541 Titus
729 2510 825 2542 addit

127 2558 192 2590 alia
200 2559 395 2599 spectacula
408 2559 584 2590 Circensia
594 2560 627 2590 in
639 2561 717 2602 ipsis
728 2561 824 2603 aquis

128 2608 235 2639 edita.

168 2663 188 2690 2
214 2660 310 2690 Fretu
323 2659 441 2699 navali]
466 2661 591 2692 Praelia
606 2661 749 2693 navalia.

169 2712 188 2741 3
214 2710 438 2751 Caesaris,&c.]
460 2711 541 2750 Titi,
558 2721 617 2743 seu
637 2712 743 2742 mavis
758 2712 824 2743 Do-

127 2760 267 2794 mitiani.
294 2761 375 2793 Pars
390 2764 436 2793 est
458 2761 566 2802 quota]
598 2761 704 2795 Quasi
732 2761 823 2793 dice-

892 289 958 322 ret,
975 286 1120 318 minima.
1168 288 1223 319 De
1239 289 1300 320 hac
1316 287 1461 321 formula
1476 300 1589 330 supra,

892 336 1088 367 ‘Quantula
1106 338 1317 379 Carpophori
1334 340 1471 380 portio,'
1483 344 1546 372 διο.

933 389 951 416 4
978 387 1120 425 Ignotus,
1138 388 1208 429 ἔγω]
1253 390 1340 431 Equi
1370 391 1469 431 enim,
1490 393 1591 428 tauri,

890 437 1022 478 aliaque
1054 438 1211 468 animalia
1240 440 1362 471 edocta
1385 439 1525 472 fuerunt
1556 442 1589 472 id

889 496 987 517 omne
1005 488 1036 517 in
1056 488 1150 528 aquis
1176 487 1307 528 facere,
1331 491 1420 530 quod
1447 491 1480 522 iu
1500 497 1590 523 terra

888 542 1106 570 consuerant.
1142 539 1293 580 Galatea]
1342 541 1510 573 Nereidas
1543 543 1591 573 in—

889 588 1019 627 tellige.

929 643 947 669 5
973 640 1138 679 AEquoreo,
1171 639 1241 680 &c.]
1286 640 1437 672 Imbrice
1469 652 1511 673 ex
1537 653 1588 674 as-

887 690 1030 729 pergine
1063 700 1227 730 equorum
1260 691 1463 731 natantium,
1498 694 1592 733 Nep-

887 738 1028 780 tunique
1054 739 1165 771 fictitii
1190 750 1326 772 currum
1355 743 1588 775 trahentium:

886 789 943 820 alii
959 790 1076 821 volunt
1093 797 1212 830 pontes
1225 792 1347 822 leniter
1359 803 1457 833 aquae
1471 803 1589 833 super-

885 839 974 871 ficiei
993 841 1183 872 substratos
1200 842 1280 873 etin
1295 843 1343 873 his
1361 853 1479 874 currus
1498 849 1586 875 trac-

886 896 960 922 tos:
993 892 1048 922 vel
1077 892 1232 932 Metaph.
1265 893 1535 933 Catachrestiea,
1567 905 1586 925 a

885 942 1132 981 pulverulentis
1146 942 1400 983 Amphitheatri
1417 949 1477 975 aut
1493 944 1585 976 Circi

884 992 971 1023 ludis
988 992 1030 1023 ad
1047 993 1304 1025 Naumachiam.

925 1046 946 1074 6
971 1043 1114 1083 Domini,
1129 1044 1198 1084 ἐξα]
1224 1045 1390 1085 Neptuni.

925 1096 944 1124 7
969 1094 1124 1134 Dumque,
1154 1095 1221 1135 δῖα]
1261 1097 1420 1137 Dumque
1458 1097 1583 1128 classes

883 1142 969 1182 obit,
998 1144 1158 1184 instituit,
1187 1146 1338 1187 disponit
1363 1147 1404 1178 ad
1434 1148 1584 1179 Nauma-

883 1193 991 1224 chiam
1010 1194 1206 1234 Neptunus.

925 1247 944 1274 8
969 1244 1214 1286 Perlester,85c.]
1244 1247 1351 1277 Curru
1384 1248 1581 1289 triumphali

881 1298 1010 1334 vectus,
1022 1304 1123 1336 quem
1134 1297 1273 1327 trahunt
1283 1300 1313 1328 4.
1330 1299 1420 1339 equi,
1434 1300 1581 1340 quisunt

883 1344 979 1375 vituli
996 1346 1126 1385 marini,
1141 1351 1200 1377 aut
1217 1346 1369 1379 balaenae.

923 1398 944 1426 9
969 1396 1061 1427 Circo
1080 1398 1251 1438 spectatur]
1276 1399 1470 1430 Certamiua
1483 1411 1582 1432 curu-

881 1445 936 1485 lia,
953 1446 1131 1487 Gymuica‚
1152 1458 1296 1489 pompae.
1324 1451 1581 1492 Amphitheatro]

882 1496 1111 1536 Gladiatores,
1127 1499 1338 1540 venationes,
1358 1502 1578 1533 naumachiae.

925 1550 964 1579 10
988 1548 1181 1588 Di2·es‚85c‚]
1208 1550 1313 1582 Omni
1340 1551 1494 1583 ludorum
1522 1563 1579 1593 ge-

881 1607 962 1628 nere
976 1598 1164 1631 abundans.

926 1650 962 1678 ll
990 1648 1142 1688 Facinus]
1166 1650 1301 1680 Claudii
1317 1652 1521 1682 naumachiae
1546 1652 1580 1683 in

879 1698 953 1728 lacu
968 1698 1107 1730 Fucino.
1122 1700 1218 1730 Suet.
1231 1701 1389 1732 Claud.c.
1400 1704 1453 1733 21.
1464 1703 1579 1733 Tacit.

880 1748 945 1778 An.
964 1751 1013 1779 12.
1038 1749 1150 1789 Pigri]
1180 1749 1322 1781 Referas
1339 1761 1400 1791 per
1417 1751 1578 1793 Hypalla-

880 1808 956 1838 gen.
976 1799 1164 1839 Metouym.
1181 1800 1223 1831 ad
1243 1806 1382 1840 stagna:
1402 1803 1453 1832 vel
1471 1803 1510 1833 ad
1528 1803 1579 1843 ig-

880 1849 1009 1880 naviam
1042 1851 1289 1891 mollitiemque
1326 1851 1485 1892 NeroniS,
1521 1854 1579 1894 qui

878 1899 960 1930 nihil
975 1900 1008 1930 iu
1030 1901 1119 1931 omni
1135 1901 1203 1932 vita
1220 1902 1360 1942 dignum
1384 1904 1517 1934 nomine
1542 1909 1577 1935 et.

878 1950 945 1980 vita
963 1950 1082 1990 gessit,
1096 1960 1160 1983 uec
1174 1951 1351 1992 imperium
1368 1954 1460 1983 auxit
1476 1965 1484 1992 3
1509 1954 1576 1986 imo

878 2002 1020 2033 multum
1051 2002 1241 2040 imminuit3
1265 2003 1383 2034 melior
1419 2004 1576 2036 cithara:-

879 2051 940 2082 dus
953 2062 1052 2094 quam
1069 2053 1274 2094 Imperator.

922 2106 962 2134 12
994 2103 1238 2144 Naumachimn]
1293 2104 1502 2136 Naumachia
1540 2110 1575 2138 et

877 2152 960 2185 ferae
977 2154 1136 2185 exhibitae
1161 2153 1299 2185 fuerunt
1316 2165 1335 2185 a
1359 2156 1508 2195 Nerone,
1525 2157 1573 2188 in-

877 2204 988 2236 ductis
1005 2204 1101 2245 aquis
1118 2205 1149 2234 in
1163 2205 1312 2245 ligneum
1326 2215 1420 2237 suum
1435 2205 1574 2247 Amphi-

877 2255 1058 2286 theatrum.
1085 2255 1245 2295 Xiplzilin.

877 2307 983 2338 Erro.
1015 2314 1121 2337 xxrx.
1178 2305 1330 2336 Martiali
1365 2305 1573 2346 epigramma

919 2357 981 2387 hoc
1007 2356 1214 2395 adscriptum
1239 2355 1312 2387 JOS.
1331 2356 1481 2396 Scaliger
1506 2357 1573 2397 pri-

918 2417 990 2438 mus
1012 2407 1213 2447 publicavit,
1228 2406 1324 2445 cujus
1348 2406 1418 2436 haec
1436 2412 1571 2437 senten-

920 2458 988 2489 tia:
1030 2457 1098 2487 Par
1136 2456 1361 2495 gladiatorum
1395 2458 1572 2496 postulati·

917 2508 1000 2539 tium
1020 2507 1072 2537 vel
1100 2517 1118 2537 a
1142 2507 1277 2537 Caesare
1302 2507 1487 2538 exhibitum
1515 2508 1570 2550 (ut

916 2568 1017 2598 supra
1033 2557 1228 2597 epigramm.
1244 2557 1315 2598 20.)
1332 2558 1386 2589 ubi
1399 2558 1458 2589 diu
1470 2569 1568 2599 aequo

919 2613 1105 2649 pugnasset
1127 2608 1252 2647 Marte,
1277 2609 1420 2648 populus
1444 2609 1497 2638 vel
1520 2608 1569 2640 fa-

917 2668 996 2690 vore
1025 2659 1078 2688 vel
1105 2668 1207 2689 morae
1237 2659 1339 2690 taedio
1377 2659 1568 2690 missionem

916 2710 1053 2750 utrique
1080 2708 1258 2749 gladiatori
1283 2709 1396 2750 petiit.
1452 2709 1567 2741 Caesar

915 2770 1026 2793 arenae
1051 2760 1124 2801 lege
1146 2760 1247 2801 jubet
1273 2761 1340 2801 agi,
1364 2770 1426 2793 nec
1453 2760 1567 2792 dirimi
