1866 3131
413 165 460 193 M.
494 135 614 193 VALJ
638 162 909 192 MAR'MALIS
947 163 1106 193 EPIGR.
1144 163 1237 194 [ΑΒ.
1273 164 1322 193 ΙΙ.

137 257 270 288 ionibus
286 269 294 296 ;
320 263 355 289 et
372 267 510 289 exosum
523 268 595 289 esse
611 257 754 298 abjectis
769 266 842 288 car-

141 308 309 339 nificibus.

184 362 201 387 5
231 359 338 389 Uteris
366 369 429 398 ore,
457 358 527 398 Sym]
572 358 769 389 Maledictis
807 362 842 389 et

141 409 303 439 conviciis
331 410 459 441 involas
480 411 511 440 in
537 419 663 449 omneS,
681 409 783 439 bonos
801 418 843 439 ae-

140 469 204 499 que
223 460 392 491 aemulos,
436 460 591 499 AErugine
615 458 738 499 captus]
769 459 843 489 Ma-

141 511 252 540 levolo
279 511 394 550 livore,
418 511 493 542 ‘hic
514 512 617 550 nigrae
634 520 754 541 succus
773 509 843 540 loli-

141 568 241 608 ginis,
252 569 324 600 haec
336 574 387 600 est
398 568 524 609 AErugo
535 567 651 599 mera.'
674 568 800 599 Horat.
812 570 843 598 4.

141 618 250 650 Serm.
270 622 297 649 l.

184 668 287 699 Eric.
306 678 395 701 Lxu.
419 672 434 699 l
467 668 576 709 Venis]
601 669 752 709 Depilas,
777 668 844 709 gla-

138 717 238 749 bras:
261 728 362 759 supra
377 719 482 759 epigr.
497 723 548 751 29.
567 723 694 752 vers.7.

185 770 290 800 Ειηῦ.
306 778 411 802 anr.
434 773 453 801 2
480 770 582 811 Tulit]
620 771 843 802 Luxuriosnm

140 819 319 851 Milichum
332 820 508 860 describit,
526 827 560 852 et
576 821 718 852 luxuriae
733 821 845 851 crimi-

141 879 183 900 ne
211 870 349 901 damnat
377 872 528 912 eleganti
550 872 758 910 dilemmate,
786 872 842 913 qui

141 931 243 961 quum
268 926 404 952 centum
432 922 590 953 sestertia
607 923 677 952 sola
694 921 845 961 haberet,

141 980 158 1001 e
176 980 272 1001 sacra
286 972 339 1002 via
355 972 481 1002 Ledam
497 972 755 1012 pulcherrimam
775 981 843 1002 ser-

141 1030 213 1051 vam
233 1022 375 1053 totidem
388 1023 553 1054 sestertiis
567 1024 662 1054 emit.
698 1023 844 1053 Tantam

140 1071 319 1110 pecuniam
344 1071 541 1111 impendere
558 1073 591 1103 in
613 1077 757 1103 amatam
776 1082 843 1102 scr-

141 1130 215 1150 vam
229 1120 364 1151 luxuria
375 1126 446 1152 est:
473 1122 561 1162 quod
579 1122 604 1152 si
622 1122 760 1159 dixeris,
779 1122 842 1152 Mi-

139 1170 242 1211 liche,
260 1176 294 1202 te
325 1182 391 1202 non
419 1182 545 1211 amare,
576 1173 684 1213 major
710 1173 844 1203 luxuria

140 1222 216 1252 erit.
257 1223 381 1254 Ramir.
444 1222 545 1263 Tulit]
584 1223 739 1254 Abstulit
769 1223 843 1254 tibi.

142 1272 172 1301 E
200 1282 300 1311 sacra,
332 1272 401 1313 effen]
439 1274 607 1304 Meretrix
639 1284 656 1304 e
688 1274 844 1314 lupanari

139 1321 325 1354 Suburano.
368 1323 501 1354 Subura
525 1328 637 1355 antem
666 1325 698 1354 iu
724 1325 844 1355 eadem

140 1382 217 1403 cum
246 1373 349 1405 Sacra
375 1375 429 1405 via
458 1375 608 1415 regione.
660 1376 848 1416 Redempta]

141 1423 276 1463 Empta.
321 1425 387 1456 Sed
417 1426 623 1456 Ramiresius
652 1426 735 1456 dicit
760 1425 846 1456 falso

142 1473 329 1505 Heraldum
346 1477 516 1514 statuisse,
529 1476 615 1506 hanc
635 1476 761 1507 Ledam
779 1486 847 1507 me-

141 1524 300 1556 retricem
314 1524 432 1557 fuisse.
476 1527 538 1556 Est
551 1526 639 1556 enim
655 1526 849 1566 intelligen-

143 1575 220 1605 dum
237 1574 278 1606 de
293 1585 391 1606 serva
403 1582 532 1616 empta,
545 1582 582 1607 ut
593 1577 699 1616 epigr.
713 1580 765 1608 71.
782 1578 803 1608 l.
816 1580 849 1608 6.

145 1626 259 1658 Quid?
283 1627 372 1667 quod
391 1631 484 1658 tanta
512 1628 656 1667 pecunia
685 1629 739 1658 vix
757 1633 851 1668 pote-

144 1681 195 1707 rat
210 1686 284 1707 cum
299 1677 479 1708 meretrice
494 1679 647 1709 consumi
664 1688 672 1716 ;
690 1679 762 1709 etsi
774 1688 848 1710 cum

146 1727 327 1757 meretrice
358 1734 559 1767 consumpta
586 1728 719 1769 fuisset,
748 1739 847 1770 quam

143 1777 303 1815 frigidum
332 1783 424 1808 esset
451 1778 610 1809 dubitare
636 1788 677 1809 an
702 1785 848 1811 amasset

143 1827 302 1858 Milichus
320 1837 406 1859 eam.
453 1829 509 1859 De
523 1838 622 1859 serva
636 1833 774 1870 poterat
786 1830 846 1860 du-

145 1877 259 1916 bitari,
291 1882 401 1908 utrum
429 1879 481 1909 vel
506 1878 626 1910 formae
655 1890 769 1920 causa,
795 1881 847 1911 vel

142 1928 320 1959 ministerii
335 1930 529 1960 emeretur?
553 1935 588 1961 et
605 1934 778 1970 praeterea
794 1931 849 1961 via

141 1978 175 2009 in
189 1988 282 2011 sacra
298 1979 535 2012 vendebantur
550 1981 652 2020 servi,
668 1985 704 2012 ut
721 1986 757 2012 et
774 1981 848 2012 aliae

145 2039 209 2061 res.

187 2085 205 2112 4
231 2081 408 2120 Hoecmage
423 2082 549 2113 luxuria
563 2082 625 2122 est]
648 2083 697 2114 Ut
711 2083 754 2114 ad
772 2093 850 2124 pau-

149 2137 315 2172 pertatem
345 2133 506 2164 devenias
539 2133 751 2174 prodigendo
780 2143 851 2163 rem

147 2183 338 2213 universam
354 2184 386 2214 in
403 2184 449 2223 id,
466 2184 556 2224 quod
573 2194 638 2214 nou
658 2194 762 2215 amas.

188 2233 293 2264 EPIG.
311 2242 408 2265 wa.
433 2237 450 2264 1
469 2234 554 2264 Dum
576 2235 676 2274 modo,
698 2235 765 2275 du]
788 2234 852 2265 Re-

146 2282 328 2322 prehendit
344 2283 473 2314 urbane
495 2285 654 2323 Taurum,
673 2285 724 2315 vel
741 2289 778 2316 ut
794 2286 851 2316 alii

146 2334 308 2372 Laurum,
321 2334 499 2373 quemdam
512 2335 801 2374 cunctabundum,
817 2340 852 2366 et

149 2383 193 2413 de
220 2383 298 2414 vitae
324 2383 392 2414 fine
419 2384 475 2415 diu
500 2385 770 2424 deliberantem;
797 2386 851 2426 qui

150 2435 250 2465 modo
266 2445 301 2466 se
317 2436 358 2466 ad
387 2436 544 2467 Rhetoris
568 2437 667 2468 modo
689 2437 731 2467 ad
744 2437 852 2467 causi-

145 2486 215 2516 dici
243 2496 361 2517 munus
392 2488 598 2527 cogitatione
629 2487 849 2528 applicabat:

149 2546 316 2577 nunquam
344 2542 458 2568 tamen
484 2547 600 2569 manus
626 2538 723 2578 operi
739 2538 852 2569 admo-

147 2586 262 2617 vebat.
279 2587 375 2618 Dicit
395 2587 502 2618 iuliae
515 2588 729 2619 dubitatione
749 2598 852 2620 cunc·

147 2642 276 2669 tantem
293 2647 382 2676 eum,
409 2637 558 2670 futurum
585 2638 686 2679 forte,
710 2644 748 2670 ut
765 2649 852 2670 mors

148 2695 305 2729 occupet.
330 2689 484 2720 Ramires.
542 2691 633 2722 Dum
666 2695 700 2723 te
716 2691 851 2722 instruis

148 2739 188 2769 ad
203 2738 312 2771 forum
325 2741 377 2771 vel
394 2741 554 2772 scholam.

1478 154 1592 196 1155

934 259 954 287 2
981 258 1065 292 Quid
1087 268 1151 289 esse
1165 257 1253 297 velis]
1270 260 1370 297 Uter,
1387 259 1595 290 caussidicus

895 315 936 336 an
957 307 1083 338 rhetor.

936 359 954 387 3
979 357 1102 397 Peleos,
1123 358 1192 398 &eff
1219 359 1328 390 Patris
1355 359 1596 400 Achillis,lon-

894 407 1002 447 gaevi;
1027 413 1115 438 utet
1133 408 1258 439 Priami
1277 416 1311 441 et
1328 410 1495 441 Nestoris.

937 460 957 488 4
982 458 1027 488 Et
1041 457 1153 496 fuerat
1175 469 1288 498 serum,
1302 461 1371 500 eya]
1394 461 1469 491 Tibi
1483 460 1598 500 dubio,

894 512 928 538 et
946 512 1058 538 utrum
1081 508 1196 548 inires,
1219 509 1435 550 deliberanti,
1456 511 1530 551 jam
1556 521 1598 542 ea

894 558 1045 599 obrepsit
1057 563 1153 599 zetas,
1167 570 1232 600 qua
1245 561 1461 601 cogitandum
1473 561 1600 593 eratde

894 609 1118 650 relinquendo
1151 609 1256 648 inito;
1295 611 1359 641 nisi
1394 612 1525 652 cogites
1556 612 1599 643 de

894 660 1006 691 causis
1022 660 1112 700 apud
1128 659 1255 691 inferos
1279 662 1430 701 agendis.

937 715 955 742 5
973 712 1048 742 Tres
1062 722 1132 750 uno,
1147 711 1215 751 ‹ij-a]
1240 711 1354 753 Atque
1368 713 1517 752 hinc‚vcl
1532 722 1600 744 me-

895 760 1065 794 diocribus
1083 761 1334 803 professoribus
1350 768 1473 795 vacant
1484 764 1599 795 cathe-

895 815 978 846 drae.

937 869 956 897 7
981 865 1104 905 Schola,
1129 866 1199 907 35⁶]
1235 867 1436 899 Rhetorum.
1459 868 1494 899 Si
1514 868 1600 899 Rhe-

895 918 978 947 toris
996 917 1141 949 officium
1160 928 1311 950 recusas.

936 972 955 998 8
980 969 1049 1009 Ipse
1074 972 1188 1010 potest,
1203 969 1274 1010 Hya]
1310 970 1372 1000 Vel
1401 969 1474 1010 ipsa
1502 970 1601 1001 bardi

895 1018 1041 1059 Marsyae.
1060 1024 1185 1058 statua,
1212 1020 1244 1050 in
1273 1019 1346 1050 foro
1364 1025 1455 1051 stans
1473 1025 1507 1052 et
1533 1022 1601 1052 liti-

894 1069 1046 1108 gantium
1065 1070 1212 1101 clamore
1230 1069 1381 1109 fervens,
1394 1072 1505 1111 potuit
1522 1081 1602 1103 cau-

893 1128 946 1148 sas
975 1119 1095 1158 egisse,
1125 1121 1189 1150 nisi
1212 1131 1314 1151 saxea
1338 1120 1479 1160 t'uisset;
1504 1127 1539 1153 ct
1565 1127 1602 1153 tu

893 1178 974 1199 sane
989 1169 1045 1200 ubi
1062 1175 1131 1200 tam
1149 1170 1313 1201 diuturno
1330 1171 1443 1202 studio
1460 1173 1602 1211 vacatis,

887 1218 957 1258 jam
984 1229 1100 1259 posses
1127 1230 1245 1251 causas
1271 1231 1386 1260 agere,
1413 1222 1472 1252 nisi
1499 1223 1602 1262 plane

893 1269 1047 1308 lapideus
1079 1280 1170 1301 esses
1209 1271 1265 1301 vel
1297 1271 1486 1311 plumbeus.
1525 1272 1603 1304 vide

893 1319 1040 1351 Turneb.
1060 1321 1080 1351 l.
1098 1324 1150 1353 22.
1168 1331 1197 1352 c.
1215 1325 1266 1354 12.

939 1373 978 1401 10
1002 1371 1101 1411 Dum,
1115 1373 1189 1413 quid
1202 1372 1333 1413 sis‚25⁶c.]
1353 1373 1439 1404 Vide
1451 1373 1605 1414 Epicteti

895 1422 1058 1453 enchirid.
1071 1432 1145 1464 cap.
1159 1426 1209 1455 26.
1236 1424 1303 1455 Hic
1314 1429 1425 1456 autem
1439 1436 1501 1456 esse
1512 1427 1606 1463 nihil,

897 1471 1211 1511 homonymumest.
1259 1475 1347 1506 Nam
1376 1475 1479 1506 ‘nihil
1506 1477 1607 1517 esse‚'

897 1521 984 1552 οὐδὲν
997 1521 1082 1563 εἶναι,
1098 1524 1273 1563 dicuntur,
1297 1527 1352 1567 qui
1371 1527 1403 1556 in
1422 1527 1513 1557 nulla
1530 1531 1605 1558 arte

900 1578 977 1603 sunt
990 1575 1168 1605 exercitati
1181 1586 1189 1613 ;
1213 1580 1248 1606 et
1262 1576 1271 1592 ‘
1284 1576 1365 1606 nihil
1382 1586 1456 1607 esse
1469 1576 1477 1589 '
1502 1577 1605 1607 etiam

900 1622 1059 1652 dicuntur
1076 1624 1197 1654 mortui
1215 1635 1222 1655 :
1248 1629 1284 1655 et
1307 1631 1486 1666 utramque
1503 1626 1606 1665 signi-

899 1671 1090 1703 ficationem
1110 1676 1309 1714 complexus
1327 1676 1462 1707 videtur
1483 1676 1608 1707 Marti-

900 1722 961 1752 alis
979 1722 1040 1752 hoc
1059 1724 1144 1754 loco.
1169 1724 1302 1756 Heralcl.

942 1772 1048 1803 Eme.
1076 1781 1163 1805 va.
1203 1778 1218 1804 1
1252 1776 1318 1805 Cur
1340 1775 1524 1815 tristiorem,
1538 1776 1607 1816 Sym]

897 1820 1031 1853 Ironiee
1048 1828 1083 1853 et
1100 1823 1250 1854 irrisorie
1268 1825 1379 1855 illudit
1394 1825 1605 1864 Saletanum,

898 1873 990 1914 quod
1005 1872 1085 1904 ficto
1103 1873 1145 1904 ob
1164 1884 1303 1905 uxorem
1322 1880 1490 1906 mortuam
1513 1875 1607 1906 dolo-

899 1932 947 1961 re,
967 1923 1095 1954 tristior
1128 1924 1323 1965 incedebat,
1352 1935 1370 1955 a
1401 1935 1468 1966 qua
1492 1930 1605 1956 tamen

900 1972 1014 2005 decies
1033 1979 1181 2005 centena
1197 1975 1302 2006 millia
1318 1985 1491 2006 nummum
1521 1977 1609 2008 dotis

901 2030 1098 2065 acceperat.
1123 2026 1282 2059 Ramz'res.

943 2079 962 2107 3
988 2077 1016 2106 0
1028 2079 1162 2115 grande,
1175 2078 1245 2118 Ssc.]
1276 2078 1376 2111 Quod
1394 2078 1426 2108 in
1444 2078 1533 2109 veris
1551 2079 1608 2110 do-

901 2127 1028 2157 loribus
1057 2127 1249 2167 aceidebat,
1273 2128 1327 2159 hic
1359 2129 1392 2159 in
1415 2128 1494 2161 ficto
1511 2128 1608 2169 fingit

901 2176 1034 2207 Poeta:
1068 2177 1241 2208 fortunam
1269 2179 1358 2208 enini
1385 2183 1420 2209 et
1448 2178 1555 2209 fatum
1572 2185 1608 2210 et

902 2228 996 2257 Deos
1013 2227 1104 2266 ipsos
1121 2228 1328 2259 accusabant
1345 2235 1491 2268 vetereS,
1505 2234 1541 2259 ut
1553 2239 1608 2260 su-

902 2287 963 2317 pra
979 2277 1087 2317 epigr.
1120 2281 1170 2309 13.
1186 2279 1207 2309 l.
1233 2282 1262 2309 1.
1285 2280 1294 2297 ‘
1311 2279 1476 2309 Nimirum
1495 2279 1608 2311 timuit

902 2333 1032 2358 nostras
1049 2326 1186 2358 fortuna
1205 2329 1386 2369 querelas.'
1418 2329 1554 2360 Irouice
1571 2335 1608 2362 et

902 2389 944 2409 ex
962 2377 1132 2417 ambiguo,
1159 2379 1313 2419 Salejaiio
1331 2379 1478 2410 dolorem
1506 2380 1611 2411 simu-

903 2429 987 2460 lanti
1005 2428 1048 2458 ob
1067 2437 1221 2467 uxorem,
1239 2429 1336 2468 cujus
1353 2435 1462 2461 morte
1485 2431 1606 2471 amplae

903 2479 991 2510 dotis
1017 2479 1200 2510 haereditas
1227 2479 1291 2509 sibi
1309 2479 1512 2520 obvenisset,
1528 2489 1608 2511 con-

903 2530 1018 2560 dolere
1047 2539 1081 2559 se
1113 2530 1250 2560 simulat
1282 2530 1391 2561 Poeta
1410 2541 1418 2569 ;
1458 2531 1608 2573 dumque

903 2581 976 2620 ejus
1003 2584 1146 2610 mortem
1174 2580 1307 2610 videtur
1333 2581 1484 2621 graviter
1510 2580 1611 2620 ferre,

902 2631 1099 2670 indignatur
1111 2629 1271 2671 obtigisse
1285 2630 1439 2671 Saiejano
1452 2641 1521 2662 rem
1538 2635 1608 2662 tam

903 2681 1028 2712 laetam.

945 2735 964 2763 4
989 2731 1322 2773 11111,illadives,eyc.]
1347 2732 1498 2764 Acumen
1511 2732 1608 2772 hujus
