1866 3131
216 168 331 208 1416

219 273 250 303 in
279 280 363 303 saxo
390 270 481 302 fuste
498 271 623 311 ligneo,
640 279 698 300 seu
714 270 837 301 malleo
855 275 922 300 stu-

218 323 315 364 pario
333 321 559 353 tundebatur:
594 330 668 351 nam
697 326 737 351 ut
762 320 925 352 Plin.lib.

220 376 273 405 19.
300 383 377 413 cap.
398 375 428 403 1.
453 371 586 412 inquit:
619 372 628 387 ‘
646 372 731 402 Mox
762 370 923 402 arefactae

218 425 340 466 [virgae
355 424 429 464 lini]
452 424 486 454 in
503 432 586 454 saxo
604 423 792 454 tunduntur
808 428 922 462 stupa-

218 476 267 507 rio
285 474 431 506 malleo!
472 473 541 505 Alii
566 473 608 504 de
633 484 715 505 auro
735 479 922 505 extenuato

219 528 255 558 in
286 526 425 557 laminas
450 530 487 557 et
509 524 669 556 bracteas
691 525 921 566 interpretan-

218 583 285 609 tur.

263 631 301 660 11
329 627 433 659 Turba
457 630 569 666 cessat,
604 626 674 668 δῖα]
718 626 922 657 Sacerdotes

220 679 375 710 Bellonae
403 684 506 710 oestro
529 679 670 719 perciti:
695 679 703 695 ‘
720 688 804 718 quos
821 677 923 707 sectis

220 730 364 761 Bellona
379 729 514 760 lacertis
527 727 774 760 Saevamove1.’
797 728 922 758 Lucan.

218 780 277 811 lib.
296 783 325 811 1.
350 780 359 796 ‘
378 780 581 810 Entheatam
595 777 603 790 ’
626 778 680 808 1110
697 783 807 816 vocat,
822 787 922 817 quam

217 840 322 870 supra
358 828 556 860 ‘eutlieam'
593 828 790 868 appellavit.
833 828 842 843 ‘
860 828 923 858 La-

220 885 383 911 cerantur
401 879 540 911 brachia
566 878 699 916 cultris,
727 877 810 908 Cum
838 875 924 908 furit

218 930 262 960 ad
295 931 462 971 Phrygios
493 929 619 960 enthea
651 929 751 959 turba
782 928 923 958 modos.'

220 981 306 1012 Haec
320 990 402 1021 ergo
420 981 519 1012 turba
537 980 663 1010 nullam
681 979 812 1010 civitati
830 979 922 1020 quie-

220 1037 288 1062 tem
306 1031 474 1071 indulget.

263 1084 303 1113 12
328 1081 398 1113 Nec
416 1081 568 1120 fasciato,
582 1081 650 1121 ‹li-a]
683 1081 757 1113 Nec
775 1080 925 1111 emendi-

219 1142 301 1163 cans
317 1131 510 1171 naufragus,
530 1141 697 1172 suspensa
721 1142 762 1162 ex
780 1133 925 1163 humeris

220 1192 240 1212 a
256 1187 400 1222 pectore
417 1181 586 1223 naufragii
603 1182 733 1223 depicti
752 1183 868 1213 tabula
883 1183 924 1213 de

219 1232 336 1264 fascia.

266 1286 304 1314 13
329 1284 357 1314 A
386 1287 487 1314 matre
517 1283 637 1320 doctus,
662 1282 733 1322 ἔξω]
770 1283 925 1315 Devictis

218 1334 308 1365 enim
334 1335 492 1374 Solymis,
518 1335 718 1367 Judazorum
743 1336 924 1367 11111111Πο-

219 1395 306 1416 mam
337 1385 443 1416 delati
476 1385 620 1425 AEgeriae
650 1395 768 1417 nemus
799 1387 924 1417 incole-

219 1435 314 1475 bant,
330 1440 367 1467 et
392 1436 517 1476 passim
535 1436 777 1468 mendicabant
797 1438 922 1469 miseri.

219 1488 377 1519 Juvenal.
392 1488 516 1529 Satyra
532 1491 562 1518 6.
579 1498 668 1520 vers.
684 1492 758 1522 544.

265 1539 304 1568 14
330 1539 397 1569 Nec
410 1538 585 1578 sulfuratae,
606 1540 676 1581 &c.]
712 1540 787 1571 Nec
813 1546 924 1573 cessat

218 1589 430 1629 proclamare
452 1590 653 1630 sulphurata
679 1597 835 1623 ramenta
862 1594 923 1633 lip-

219 1650 281 1680 pus
294 1644 330 1670 et
344 1640 416 1670 vilis
432 1640 628 1672 circulator.
648 1641 766 1682 Epigr.
781 1646 833 1674 42.
856 1644 876 1674 1.
896 1647 924 1675 1.

219 1700 309 1721 vers.
326 1693 356 1722 4.
400 1690 532 1731 Lippus,
555 1691 624 1732 ἔγω]
656 1691 712 1723 Ab
738 1702 841 1734 opere
862 1694 927 1725 sul-

218 1741 327 1773 fureo.

265 1797 302 1825 15
329 1795 504 1826 Numerare
518 1796 617 1835 pigri,
632 1795 700 1837 5⁶⁶]
727 1796 792 1828 Ille
808 1808 923 1829 nume-

219 1844 310 1875 rabit
332 1845 438 1875 somni
473 1845 606 1885 damna,
637 1846 694 1887 qui
722 1852 836 1886 potest
866 1858 924 1879 nu-

219 1905 350 1926 merare
367 1896 539 1936 pulsantes
553 1906 623 1928 aera
636 1898 808 1938 mulieres,
821 1909 923 1940 quum

219 1945 410 1977 devocatur
426 1947 506 1978 luna
522 1947 634 1987 sagis:
668 1949 791 1980 Nullus
809 1954 922 1981 autem

219 2006 339 2028 manus
356 1998 430 2028 illas
457 1997 662 2039 numerabit,
683 1999 791 2030 multo
813 1999 923 2031 minus

219 2052 255 2078 et
271 2048 380 2078 somni
395 2047 529 2080 damna.

266 2101 306 2130 16
320 2100 400 2130 AEra
411 2098 583 2137 verberent,
595 2098 664 2140 ξω]
689 2099 839 2132 Quorum
855 2110 925 2132 cre-

219 2149 295 2188 pitu
307 2149 412 2180 Lunae
429 2148 640 2189 delinquenti
655 2151 808 2181 succurri
823 2160 924 2190 posse

219 2198 421 2231 credebant.
465 2199 552 2230 Vide
591 2210 666 2241 quae
703 2201 845 2234 Farnab.
881 2203 924 2234 ad

220 2250 361 2282 Senecae
379 2251 563 2292 Hippolyt.
579 2261 647 2282 vss.
662 2254 738 2283 420.
749 2255 824 2284 787.

266 2304 305 2333 17
331 2303 443 2334 Colcho
471 2303 561 2334 Luna
587 2304 732 2344 vapulat]
767 2304 924 2345 Magico:

219 2359 363 2394 propter
377 2353 636 2395 Medeam‚quae
650 2354 794 2387 Colchis.
809 2355 925 2387 Rhom-

221 2402 272 2443 bo]
319 2404 459 2444 Magico
483 2404 723 2435 instrumento.
749 2404 923 2446 Epigram.

223 2456 276 2485 30.
290 2453 349 2485 lib.
367 2456 397 2485 9.
413 2464 477 2484 vs5.
493 2457 525 2486 9.

265 2508 304 2537 18
329 2506 440 2537 Nescis
464 2507 537 2544 ista,
561 2506 629 2547 fisa]
665 2507 800 2538 Damna
818 2509 924 2540 somni

219 2562 254 2587 et
272 2557 363 2588 urbis
377 2558 560 2589 molestias.

265 2610 303 2638 19
328 2608 510 2646 Petilianis,
524 2608 593 2648 gun]
633 2608 700 2641 Qui
715 2609 820 2641 habes
838 2620 923 2650 prae-

221 2658 358 2696 toi-ium,
389 2659 422 2689 id
453 2664 519 2697 est,
551 2659 665 2689 villam
704 2660 923 2700 magnificam

222 2708 284 2737 sub
315 2708 486 2747 janiculo,
517 2709 550 2739 in
575 2719 658 2750 agro
683 2711 853 2751 quondam
883 2713 922 2743 L.

222 2757 339 2789 Petilii
369 2757 503 2790 εει-111118.
549 2759 687 2799 Regnis]
718 2760 837 2801 Regna
868 2771 924 2793 au-

688 175 828 205 NO'rAE
862 174 1125 204 VARmRUM
1161 176 1208 204 ΙΝ

979 276 1046 301 tem
1100 277 1198 302 vocat
1244 270 1365 310 Poeta,
1406 274 1443 302 ut
1489 270 1674 310 Virgilius:

975 324 983 338 ‘
1002 323 1085 354 Post
1104 324 1236 363 aliquot
1253 332 1329 354 mea
1354 331 1459 362 regna
1483 322 1600 352 videus
1616 323 1677 352 mi-

977 373 1076 403 rabor
1094 372 1237 403 aristas)

1018 426 1059 454 :30
1087 423 1147 453 Cui
1162 424 1265 463 plana,
1280 421 1350 462 ssa]
1381 421 1470 452 Vide
1487 421 1604 462 Epigr.
1620 424 1674 452 64.

973 475 1033 506 lib.
1046 478 1077 506 4.
1096 484 1181 505 vers.
1194 478 1224 505 5.

1017 528 1056 556 21
1088 525 1269 565 l'inz'torqve
1304 523 1476 564 Romanus]
1519 523 1675 565 Namque

975 575 1072 605 vinea
1089 575 1120 605 in
1141 575 1225 605 urbe
1239 576 1321 614 ipsa.

1018 628 1059 656 22
1085 625 1151 656 Nec
1167 626 1199 656 in
1225 626 1371 665 Falerno,
1387 625 1457 666 εμπ]
1496 625 1619 665 Neque
1641 625 1675 656 in

976 675 1119 706 Falerno
1156 676 1351 715 Campaniae
1390 681 1504 706 moute
1543 675 1678 706 uberior

974 724 1145 756 fructuum
1159 731 1342 765 proventus
1356 731 1414 756 aut
1430 726 1578 757 laetiores
1591 726 1677 757 vites

975 787 1073 817 quam
1088 777 1150 808 tibi
1165 778 1198 808 111
1216 777 1295 807 villa
1318 776 1523 814 suburbana,
1549 786 1605 807 seu
1623 787 1678 808 ur-

973 826 1062 857 bana
1077 828 1201 866 potius.
1246 827 1438 866 Autumnus]
1474 828 1542 858 Pro
1565 827 1679 858 vinde-

973 878 1052 909 11113.

1017 930 1059 958 23
1086 928 1244 968 Intraque,
1259 927 1328 968 ᾅ·ε.]
1353 928 1398 958 Et
1415 927 1474 958 tibi
1493 927 1582 958 iutra
1598 927 1678 958 oedi-

975 987 1030 1008 11111
1057 982 1190 1009 tuarum
1215 983 1313 1018 septa
1335 978 1480 1018 spatium
1498 984 1549 1008 est
1567 983 1677 1016 gesta-

978 1029 1072 1068 tioni,
1088 1030 1154 1059 imo
1172 1029 1297 1060 cursui.
1344 1029 1460 1059 Essedo
1474 1028 1593 1068 cursus]
1620 1028 1676 1059 Fr.

976 1082 1114 1113 Modius
1140 1082 1248 1123 legit:
1282 1082 1433 1122 Intraque
1462 1082 1555 1112 limen
1595 1083 1677 1112 latus

975 1135 1078 1165 essedo
1111 1143 1228 1164 cursus-
1270 1143 1348 1173 cap.
1380 1136 1452 1163 109.
1493 1132 1678 1172 Novantiq.

977 1185 1074 1215 Lect.
1111 1185 1186 1215 Nec
1217 1184 1316 1215 aliter
1344 1184 1429 1214 Pau.
1469 1183 1611 1214 Gruteri
1643 1189 1678 1213 et

977 1234 1154 1265 Arondell.
1170 1234 1240 1264 sive
1261 1234 1486 1264 Pirclieimeri
1505 1234 1628 1264 codex.

1020 1287 1059 1315 25
1087 1284 1216 1325 Off'cnsa
1241 1284 1373 1324 linguis]
1417 1284 1677 1314 Transeuntiurn

977 1340 1011 1364 et
1042 1335 1273 1365 clamantium.
1326 1335 1502 1376 Admissus]
1536 1334 1677 1375 Apertis

975 1384 1147 1416 fenestris.

1018 1438 1058 1466 27
1083 1436 1127 1466 Et
1146 1436 1185 1466 ad
1200 1436 1310 1475 cubile,
1328 1435 1398 1476 ssa]
1436 1437 1479 1466 Et
1501 1436 1579 1466 1111111
1599 1442 1677 1468 ante

973 1485 1083 1526 ipsum
1101 1487 1294 1519 cubiculum
1311 1488 1417 1518 omnis
1430 1488 1540 1519 Roma
1550 1488 1680 1519 obstre-

975 1537 1026 1577 pit
1044 1546 1266 1579 somnumque
1283 1544 1399 1578 negat.

1018 1590 1060 1618 28
1084 1588 1171 1619 Imus
1191 1590 1231 1619 ud
1254 1589 1374 1629 villam]
1413 1590 1513 1622 Quod
1534 1589 1594 1620 tibi
1610 1600 1678 1621 non

976 1643 1029 1668 est
1043 1647 1194 1677 necesse,
1212 1640 1268 1680 qui
1286 1640 1398 1670 villam
1412 1640 1445 1670 in
1463 1640 1545 1671 urbe
1561 1640 1678 1680 habes,

976 1693 1011 1719 et
1027 1694 1161 1720 noctem
1177 1690 1210 1720 in
1228 1690 1379 1722 meridie.

1019 1739 1124 1770 Eme.
1151 1748 1253 1771 Lvnl.
1291 1743 1307 1771 1
1331 1741 1581 1780 Ancillariolum,
1609 1741 1678 1782 ἔγω]

975 1790 1075 1823 Quod
1120 1792 1257 1822 ancillas
1291 1798 1496 1823 sectaretur.
1544 1792 1613 1823 Sed
1643 1798 1680 1823 et

973 1848 1140 1872 matronae
1166 1843 1281 1873 Romae
1309 1852 1366 1873 eos
1394 1843 1553 1874 dicebant
1577 1844 1681 1874 ancil-

974 1892 1122 1931 lariolos,
1141 1894 1196 1933 qui
1224 1893 1314 1923 nulla
1331 1893 1434 1924 nobili
1455 1893 1562 1924 amica
1578 1903 1614 1924 se
1630 1893 1679 1924 fe-

973 1947 1094 1973 cerunt
1109 1942 1272 1983 insigues.
1315 1944 1446 1975 Seneca
1467 1944 1510 1975 de
1524 1943 1678 1976 Benefic.

974 1993 1033 2023 lib.
1053 1996 1082 2023 1.
1098 2003 1175 2033 cap.
1191 1996 1224 2024 9.

1017 2045 1036 2073 2
1059 2043 1264 2074 Lecticariola
1280 2047 1336 2083 est,
1346 2045 1415 2084 ilfa]
1452 2045 1538 2077 Quae
1552 2055 1587 2076 se
1605 2055 1679 2086 pro·

975 2092 1089 2124 stituit
1107 2094 1212 2124 servis
1229 2095 1385 2125 lecticam
1397 2096 1677 2128 succollantibus.

975 2144 1065 2174 Vide
1086 2145 1236 2176 Turneb.
1267 2145 1323 2176 lib.
1341 2148 1393 2177 30.
1417 2156 1492 2186 cap.
1509 2148 1562 2177 26.
1609 2147 1679 2178 Ne-

975 2196 1057 2234 scio,
1071 2205 1113 2226 an
1130 2196 1305 2227 mulierem
1319 2197 1418 2228 istam
1440 2198 1555 2238 probri
1572 2203 1607 2230 et
1621 2199 1680 2231 de·

975 2246 1107 2277 decoris
1125 2247 1230 2278 tacite
1248 2254 1369 2289 arguat
1386 2259 1393 2279 ε
1429 2259 1505 2280 113111
1523 2250 1557 2280 111
1584 2250 1680 2282 lecti-

975 2296 1024 2327 cis
1040 2301 1076 2327 et
1092 2297 1182 2327 sellis
1208 2298 1274 2328 suis
1298 2298 1508 2330 vehebantur
1529 2300 1680 2341 quando-

977 2357 1043 2389 que
1070 2348 1165 2379 bellae
1181 2349 1248 2380 illae
1264 2354 1428 2381 matronae
1446 2351 1546 2391 paulo
1562 2351 1680 2382 incau-

976 2400 1058 2439 tius,
1074 2404 1132 2431 aut
1149 2401 1263 2440 potius
1289 2401 1445 2432 consulto
1473 2411 1548 2433 sese
1576 2402 1679 2443 inspi-

975 2451 1114 2482 ciendas
1133 2452 1336 2492 praebebant
1352 2454 1416 2484 τοῖς
1429 2454 1570 2492 τυχοῦσι.
1608 2454 1676 2485 He-

974 2502 1054 2533 rald.

1018 2553 1123 2584 Epm.
1146 2563 1223 2585 mx.
1259 2558 1275 2585 1
1305 2555 1450 2594 Tantum,
1474 2554 1544 2596 εμπ]
1586 2555 1676 2586 Vide

974 2602 1052 2633 huic
1069 2603 1240 2642 geminum
1261 2604 1443 2644 Epigr.98.
1462 2605 1521 2636 111).
1540 2608 1591 2636 11.

1018 2655 1037 2684 3
1065 2655 1223 2689 Quantum
1237 2655 1362 2695 Lesbia]
1396 2655 1521 2688 Catulli
1548 2655 1591 2686 de
1613 2655 1676 2687 hac

976 2714 1012 2735 re
1029 2714 1144 2735 versus
1162 2705 1362 2745 lepidissimi
1379 2706 1534 2737 omnibus
1551 2706 1593 2736 ad
1609 2716 1677 2737 ma·

978 2765 1057 2785 num
1088 2759 1178 2786 sunt.
1232 2756 1357 2788 Solitos
1386 2762 1498 2788 autem
1530 2765 1676 2797 peregre
