1866 3131
240 197 352 238 1366

236 303 285 333 vis
302 302 466 333 thalamos
483 299 662 341 praeferret
682 301 836 333 thalamis
861 311 938 332 con-

231 353 325 394 jugis
341 353 391 383 sui
409 351 542 391 Caleni,
567 350 609 382 ad
633 360 731 393 quem
754 361 832 382 mox
857 352 937 391 Epi-

238 413 377 443 gramm.
391 405 443 433 38.

283 455 387 485 Epic.
404 462 536 484 xxxw.
560 453 698 484 Munnae
717 453 828 484 vinum
846 454 937 484 Mas-

239 504 373 534 siliense
411 504 552 534 Romam
581 504 718 534 missum
750 505 936 544 vituperat.

238 554 452 585 Massiliense
475 554 588 585 vinum
610 553 776 586 fumatum
803 555 862 586 lib.
888 558 938 586 13.

239 605 434 646 exponitur.

293 659 307 687 l
343 656 499 696 Improba,
524 655 594 695 ἐξα]
626 656 869 688 Adulter-antia
893 655 939 686 vi-

238 716 330 737 nnm.
378 706 528 737 Fumat-ia
553 706 682 746 cogunt]
710 706 827 747 Epigr.
845 708 898 737 82.
916 707 938 737 l.

238 760 269 788 3.
289 766 376 788 vers.
395 759 446 787 23.
465 761 500 787 et
515 756 574 788 lib.
593 759 644 787 13.
670 756 787 796 Epigr.
803 759 875 787 123.

282 810 302 838 2
318 807 445 847 Accipit
459 811 596 845 aetatem,
611 807 680 847 fic]
696 807 784 837 Vina
800 807 941 847 apothe-

239 858 288 889 cis
319 857 460 889 condita
487 857 806 898 superponebantur
835 856 942 888 fuma-

239 909 310 947 riis,
326 913 363 940 ut
381 918 568 949 praecocem
582 908 816 939 maturitatem
829 917 847 938 a
860 907 942 938 fumi

238 963 361 990 tenore
377 959 562 989 traherent.
588 958 711 990 Horat.
731 958 798 989 Od.
827 961 858 989 8.
885 959 941 990 lib.

240 1013 269 1040 3.
295 1009 485 1040 Columella
511 1019 586 1048 cap.
610 1013 641 1040 6.
665 1009 687 1040 l.
715 1011 744 1040 1.
769 1013 805 1039 et
821 1009 942 1040 Galen.

238 1059 305 1100 περὶ
319 1060 452 1091 ἀντιδοτ.
497 1059 565 1090 Sed
587 1059 847 1090 insaluberrima
868 1068 941 1090 esse

240 1112 314 1142 haec
331 1112 407 1142 vina
419 1115 567 1142 testatur
580 1110 711 1141 Plinius
728 1110 786 1141 llb.
799 1113 852 1141 23.
866 1120 942 1150 cap.

244 1166 272 1194 l.

281 1216 300 1243 4
320 1213 435 1244 Toxica
445 1212 544 1253 sceva]
562 1212 649 1243 Vina
662 1212 938 1244 insaluberrima:

242 1270 278 1295 nt
290 1265 359 1304 jain
378 1273 463 1295 vers.
481 1265 512 1294 2.
537 1263 625 1294 Vide
639 1264 749 1303 etEp.
764 1265 815 1294 19.
833 1263 891 1293 lib.
912 1266 941 1294 l.

243 1325 331 1346 verS.
348 1318 380 1346 6.

284 1369 304 1396 6
328 1366 417 1396 Setia
434 1375 507 1396 cara
526 1364 606 1404 suis]
635 1365 725 1396 Vina
749 1365 866 1396 Setina
883 1375 940 1396 no-

242 1416 336 1455 bilia,
350 1426 367 1446 e
383 1416 480 1446 Setia
496 1415 703 1455 Cauipaniae.

285 1467 391 1498 Epic.
407 1474 555 1497 xxxvu.
580 1465 701 1505 Poeta,
725 1465 871 1506 patriam
888 1475 943 1497 co-

241 1517 364 1557 gitans,
379 1522 476 1557 rogat
492 1516 684 1548 Maternum
701 1516 943 1557 Jurisperitum

242 1573 275 1598 et
294 1567 511 1608 municipem,
537 1576 579 1597 an
609 1566 735 1607 aliquid
753 1567 836 1598 velit
852 1577 944 1598 man·

242 1619 314 1650 dati
331 1619 412 1649 dare
430 1619 470 1648 ad
489 1627 577 1648 suos.

285 1673 300 1700 1
322 1670 425 1708 Juris,
439 1668 509 1708 effic]
544 1667 755 1709 Jurisperite
771 1668 944 1700 sanctissi-

241 1729 295 1750 me
312 1724 415 1759 atque
431 1718 661 1749 disertissime.

285 1772 304 1800 2
330 1769 393 1805 Qui
408 1768 508 1808 regis]
531 1768 598 1800 Qui
611 1768 669 1807 jus
685 1768 872 1808 respondes
889 1768 945 1798 ad-

243 1820 372 1851 vocatis
387 1825 422 1849 et
439 1819 518 1849 reis.

287 1876 306 1903 3
332 1870 500 1910 Municipi,
521 1869 592 1909 ἓγικ]
617 1869 703 1900 Mihi
727 1870 859 1900 concivi
886 1875 944 1901 tuo

241 1928 277 1954 et
293 1920 522 1962 συμπατριώτῃ,
537 1919 718 1950 meditanti
735 1920 893 1959 patriam,
910 1926 945 1950 et

242 1974 391 2005 Bilbilim
407 1981 515 2003 meam
530 1971 639 2001 visuro
651 1972 817 2010 (utsupra
830 1971 945 2010 Epigr.

240 2023 313 2064 20.)
335 2024 369 2054 Si
395 2021 473 2064 qnid
497 2026 549 2052 est
570 2021 659 2062 quod
676 2021 871 2052 mandatum
891 2030 943 2051 ve-

243 2076 294 2112 lis,
312 2073 488 2105 mandabis
505 2073 637 2105 nuncio.

285 2128 305 2156 4
331 2124 515 2161 Callaicum,
532 2122 602 2162 Sym]
628 2123 839 2163 Hispanum:
869 2124 946 2165 Epi·

245 2185 382 2215 gramm.
402 2177 451 2205 16.
467 2183 580 2214 supra,
601 2183 688 2205 vers.
705 2177 735 2205 3.

289 2232 306 2258 5
332 2226 399 2266 An]
435 2224 489 2256 An
517 2223 606 2255 forte
633 2225 810 2264 Hispaniae
835 2225 944 2264 copiae

245 2277 386 2318 praefers
411 2276 523 2308 Italiae
547 2276 719 2316 inopiam?
744 2276 947 2313 Laurentino,

243 2328 310 2368 ac]
345 2326 443 2360 Quod
460 2326 565 2358 distat
582 2336 601 2358 a
616 2327 724 2358 Roma
740 2329 791 2357 17.
808 2335 849 2357 M.
872 2336 947 2366 pas-

246 2388 353 2409 suum.

287 2433 307 2460 6
331 2428 469 2468 Ducere]
495 2428 637 2468 Capere.
682 2426 779 2467 Aoos]
800 2426 947 2457 Piscicu-

244 2481 292 2511 los
309 2479 472 2521 quosdam
491 2479 681 2509 vilissimos.
717 2479 840 2510 Graece
856 2477 945 2513 βελό-

246 2543 309 2562 νας.
344 2531 441 2567 Belg.
455 2539 563 2569 geepe.

288 2585 305 2612 7
332 2582 395 2619 Ad,
409 2580 478 2619 ζα]
504 2580 613 2611 Quam
633 2581 666 2611 in
683 2580 853 2620 Hispania
868 2590 945 2620 cap-

247 2637 299 2662 tos
317 2631 449 2669 mullos,
467 2630 528 2661 nisi
546 2630 695 2661 trilibres
713 2629 794 2670 sint,
809 2631 841 2660 in
855 2641 947 2662 mare

246 2683 399 2721 rejicere.
446 2681 510 2711 Sua
533 2681 699 2721 captivum,
722 2680 791 2721 28⁸0]
816 2680 946 2713 Quibus

246 2731 374 2768 vivunt,
410 2731 496 2761 unde,
529 2731 766 2761 extrahuntur.
827 2731 944 2761 Pisces

245 2791 325 2813 vero
349 2781 508 2812 saxatiles
536 2779 752 2811 fluviatilibus
780 2780 944 2811 meliores.

704 204 846 235 NOTAE
880 203 1143 235 VARIORUM
1177 204 1225 233 IN

988 299 1096 331 Paulo
1112 303 1204 338 ante,
1232 298 1351 339 Epigr.
1379 301 1433 330 30.
1460 308 1546 329 vers.
1569 301 1621 329 2-1.
1647 297 1687 328 de

988 349 1222 390 magnitudine
1239 354 1275 380 et
1291 349 1401 389 pretio
1418 349 1511 380 mulli
1527 349 1667 380 dictum.

1030 403 1051 431 9
1069 399 1217 439 Fatuam]
1238 399 1439 440 Insipidam,
1455 400 1578 430 nullius
1596 409 1692 440 sapo-

989 451 1044 482 ris.
1088 450 1215 481 Summa
1231 452 1366 492 coenare]
1384 451 1585 483 Lantissima
1600 461 1692 481 inen-

989 513 1036 533 sa.
1076 502 1241 542 Pelorida]
1256 502 1394 534 Concha
1408 502 1553 535 flaccida
1568 508 1603 534 et
1619 503 1691 533 sine

989 554 1090 592 callo,
1112 563 1131 584 a
1152 553 1288 592 Peloro,
1311 553 1436 584 Siciliae
1460 553 1691 594 promontorio

989 604 1037 635 sic
1057 604 1173 636 dicta:
1201 605 1268 645 vel,
1282 611 1320 636 ut
1338 606 1395 636 alii
1413 606 1541 644 volunt,
1563 605 1623 635 ἀπὸ
1637 606 1693 635 τοῦ

989 655 1102 695 πηλοῦ,
1125 665 1144 686 a
1167 665 1276 687 coeno.
1320 656 1409 686 Vide
1435 656 1556 687 Horat.
1578 656 1637 687 lib.
1659 658 1691 686 2.

989 704 1099 735 Serm.
1136 705 1208 736 Sat.
1237 708 1270 736 4.
1300 715 1388 736 νει-5.
1417 708 1470 736 32.
1516 706 1526 722 ‘
1544 704 1693 736 Lucrina

991 755 1138 796 peloris,³
1183 755 1302 796 Epigr.
1319 759 1371 786 ll.
1388 755 1446 787 lib.
1462 758 1494 786 6.
1512 765 1600 786 vers.
1618 758 1649 786 4.

1036 808 1076 836 10
1104 804 1259 845 Quosque]
1284 806 1440 837 Mitulos.

1036 859 1073 888 11
1104 857 1236 888 Baianis
1250 867 1352 898 quam,
1368 857 1436 898 sisa]
1459 857 1578 888 Potius
1594 867 1694 898 quam

992 908 1025 938 in
1056 907 1227 948 Hispania
1254 917 1388 938 coenare
1419 913 1533 938 ostrea
1559 907 1697 945 nobilia,

995 968 1069 998 quae
1093 967 1160 988 non
1183 958 1310 990 habent
1333 957 1423 1000 quod
1447 957 1633 996 invideant,
1661 957 1694 988 id

992 1014 1057 1047 est,
1079 1018 1143 1039 non
1160 1009 1321 1040 cedentia
1343 1009 1466 1040 ostreis
1490 1009 1524 1039 in
1548 1008 1694 1040 Lucrino

993 1061 1067 1091 lacu
1086 1070 1194 1101 prope
1211 1061 1312 1091 Baias
1330 1061 1430 1091 natis.

1037 1114 1075 1142 12
1102 1111 1180 1146 Qua:
1195 1111 1296 1151 pueri,
1311 1111 1381 1151 ξιτ]
1403 1112 1512 1142 Tanta
1528 1120 1645 1142 eorum
1662 1111 1694 1141 in

992 1161 1161 1201 Hispania
1176 1161 1288 1201 copia.

1036 1214 1074 1242 13
1105 1210 1248 1250 Olidam]
1281 1211 1367 1243 Qnae
1393 1211 1525 1242 urinam
1554 1211 1585 1242 in
1611 1210 1695 1252 fuga

990 1261 1184 1293 incredibili
1208 1260 1329 1292 faetore
1356 1262 1476 1293 mittit.
1519 1262 1693 1302 Epigram.

991 1315 1022 1344 4.
1040 1311 1099 1342 lib.
1115 1314 1147 1342 4.
1166 1320 1254 1342 verS.
1272 1314 1323 1343 11.
1359 1313 1532 1350 mammas,
1548 1312 1616 1352 ἔγω]
1634 1313 1698 1343 Ca-

993 1373 1051 1394 nes
1068 1363 1233 1394 hortatus.

1035 1416 1075 1444 14
1100 1413 1236 1444 Sordida
1256 1413 1380 1454 proeda]
1404 1413 1545 1454 VulpeS.

1038 1466 1074 1493 15
1102 1463 1188 1503 Illic]
1211 1463 1253 1494 In
1270 1464 1448 1504 Hispania.

1038 1516 1078 1543 16
1102 1513 1244 1544 Humida
1268 1513 1331 1544 lina
1354 1514 1450 1554 meos]
1480 1513 1582 1546 Retia
1598 1515 1697 1545 modo

994 1568 1152 1595 extracta
1175 1575 1192 1595 e
1218 1564 1351 1605 piscoso
1375 1565 1457 1596 mari
1481 1569 1515 1596 et
1542 1565 1575 1596 in
1605 1570 1698 1597 terra

995 1614 1132 1654 capient
1153 1615 1299 1655 lepores-

1043 1668 1080 1696 17
1099 1666 1185 1697 Dum
1201 1667 1315 1706 loquor,
1330 1664 1400 1705 εμπ]
1426 1665 1564 1696 Stel-iles
1581 1675 1698 1697 amnes

998 1716 1109 1748 Italiae
1127 1717 1225 1755 dicit,
1246 1722 1281 1748 et
1305 1717 1378 1747 sine
1402 1717 1516 1757 pingui
1541 1716 1615 1748 fera
1631 1718 1698 1757 syl-

996 1777 1066 1798 vas.
1123 1768 1293 1805 Piscator,
1316 1768 1437 1798 missus
1461 1767 1505 1798 ad
1529 1768 1699 1799 ducendos

996 1819 1119 1859 pisces,
1134 1818 1215 1849 nihil
1231 1819 1392 1849 extraxit.
1437 1818 1603 1856 Venator,
1619 1818 1698 1860 quia

997 1874 1138 1900 martem
1153 1869 1220 1907 vel,
1236 1875 1275 1899 ut
1291 1869 1347 1899 alii
1363 1870 1493 1909 legunt,
1509 1870 1627 1899 niaelen
1642 1879 1698 1900 ce-

997 1920 1058 1959 pit,
1081 1924 1180 1959 putat
1203 1929 1238 1950 se
1261 1920 1408 1959 opimam
1426 1919 1576 1960 praedam
1594 1920 1697 1960 adep-

996 1976 1080 2006 tum,
1099 1978 1198 2009 quani
1213 1969 1377 2008 superbus
1393 1974 1557 2000 ostentat.

1041 2023 1081 2050 18
1100 2021 1202 2059 Capta
1215 2021 1289 2050 mele
1304 2019 1466 2059 superbus]
1485 2020 1577 2058 Non,
1590 2023 1700 2052 macte.

997 2070 1145 2101 Gronov.
1199 2069 1298 2109 Mele]
1329 2070 1443 2100 Palat.
1473 2070 1574 2100 male.-
1610 2070 1699 2100 unde

998 2120 1199 2159 Rutgersius
1215 2125 1249 2150 et
1263 2119 1449 2150 Scriverius
1463 2120 1551 2157 mele,
1565 2120 1699 2150 animali

996 2170 1147 2201 mordaci
1173 2174 1210 2200 et
1239 2170 1444 2210 pernicioso,
1476 2170 1566 2210 qnod
1600 2171 1700 2210 vulgo

996 2222 1107 2251 Taxus
1124 2221 1194 2251 sive
1212 2220 1336 2250 Dasius
1353 2220 1560 2260 appellatur.
1592 2221 1700 2260 Lege-

999 2271 1098 2301 batur
1113 2276 1215 2301 antea
1231 2274 1341 2301 marte.
1379 2270 1472 2300 Libri
1492 2274 1627 2301 veteres
1644 2271 1700 2301 ha-

998 2321 1080 2352 bent
1102 2321 1181 2351 male
1205 2330 1266 2360 pro
1293 2320 1393 2358 maele,
1418 2330 1492 2361 quae
1516 2325 1569 2350 est
1586 2325 1698 2351 cattus

998 2371 1173 2402 silvestris.
1219 2371 1263 2401 Et
1281 2370 1466 2401 Gratianus
1487 2370 1496 2386 ⁴
1514 2368 1701 2410 lucifugam

999 2423 1109 2452 meleu
1123 2421 1130 2434 ’
1158 2426 1267 2460 vocat,
1292 2431 1381 2461 quae,
1395 2431 1533 2452 ovorum
1553 2422 1699 2452 maxime

998 2478 1181 2513 appetens,
1196 2478 1299 2503 noctu
1316 2471 1387 2502 fere
1403 2476 1536 2502 tantum
1554 2473 1701 2512 grassari

998 2525 1107 2555 solita.
1137 2524 1203 2556 Qui
1218 2524 1321 2554 etiam
1336 2523 1439 2554 tradit
1452 2523 1585 2564 galeros
1599 2533 1641 2554 ex
1658 2533 1698 2554 ea

997 2574 1071 2605 fieri
1111 2574 1340 2612 venatoribus,
1375 2576 1384 2590 ‘
1403 2573 1622 2614 lucifugaqne
1655 2583 1697 2604 ex

998 2626 1093 2656 maele
1118 2625 1250 2664 galeros
1265 2625 1284 2656 :’
1310 2635 1453 2666 eamque
1477 2625 1620 2656 viverrae
1646 2625 1699 2655 vel

997 2676 1163 2706 mustellae
1190 2676 1326 2706 rusticae
1345 2675 1485 2706 similem
1503 2684 1577 2706 esse
1591 2675 1697 2706 aiunt.

997 2728 1130 2758 Salmas.
1176 2726 1346 2766 Superbus]
1368 2726 1517 2758 Perinde
1531 2736 1569 2756 ac
1587 2727 1699 2767 opima

999 2779 1114 2819 pracda
1132 2784 1217 2809 esset
1233 2784 1383 2809 onustus.
