1866 3131
353 204 400 232 M.
435 204 542 234 VM..

125 297 357 337 terpretando,
383 297 572 337 dijudicent
590 298 709 338 quibus
727 297 816 337 pala-

127 353 195 377 tum
212 348 312 387 sapit.
360 348 494 387 Timavi]
519 349 634 388 Epigr.
660 351 711 378 25.
737 348 760 378 l.
783 350 814 378 ⁴.

126 408 212 428 vers.
229 401 259 427 5.

166 450 186 477 2
209 449 361 487 [Equoreo
374 449 484 486 dulces,
498 447 566 487 [Sc]
598 447 754 488 Namque
770 447 816 478 illi

125 500 195 539 lupi
223 505 298 530 suut
326 499 556 538 laudatissimi,
581 500 636 540 qui
662 499 703 529 ad
730 500 818 530 ostia

126 549 301 580 fluviorum
319 549 444 589 dogunt
458 548 546 579 dulci
562 550 690 589 pariter
704 558 743 579 ac
758 550 819 579 sal-

126 610 161 630 sa
178 610 262 640 aqua
280 600 381 640 pasti.

168 651 272 680 Eme..
298 658 354 679 xc.
390 652 404 679 1
430 648 554 679 Aurata
579 648 728 688 merctur]
763 648 817 680 Ab

126 700 197 730 auri
213 701 323 730 colore
341 700 372 729 in
390 699 502 738 capite
518 698 625 729 dicta:
644 705 680 730 ut
697 700 818 731 Graece

126 750 309 790 χρύσοφρυς.

167 801 270 831 Eme.
286 809 356 831 xci.
372 800 560 840 [Innostris
569 801 643 832 VV.
656 801 722 831 LL.
734 801 819 832 sciat

127 851 255 883 Lector
271 851 448 890 benignus,
462 860 534 890 pro,
550 850 820 891 NostraAldina‚

127 902 180 932 hic
196 901 365 932 scribend.
383 911 469 940 esse,
481 900 652 940 Juntina.]

171 955 185 982 1
211 952 392 992 Palatinas]
416 953 598 987 eaesarum,
623 951 819 992 Principum

126 1003 158 1033 in
175 1003 320 1033 Palatio.

167 1056 185 1084 2
210 1053 401 1091 Ambrosias,
425 1053 494 1093 esa]
524 1054 679 1093 Divinas,
701 1053 819 1095 dignas

125 1104 204 1135 Diis
218 1105 348 1144 superis
364 1109 398 1134 et
415 1104 617 1136 Caesaribus·

170 1155 276 1186 Eme..
294 1164 397 1185 xcxii.
434 1158 447 1184 1
474 1155 661 1185 Diomeclaeis
686 1158 818 1186 metuen-

125 1205 196 1245 dus]
220 1205 351 1245 AEtolis‚
362 1205 530 1236 Thraciis:
548 1214 622 1235 uam
636 1205 821 1237 Diomedes

125 1265 185 1285 rex
196 1254 363 1285 Thraciae.
388 1254 514 1292 Setiger
528 1254 629 1295 agris]
647 1255 820 1295 Epigram.

125 1309 180 1337 41.
204 1315 320 1346 supra,
344 1310 378 1336 et
402 1305 458 1337 lii»,
485 1306 718 1346 Spectaculor.
742 1307 821 1347 Epi-

127 1366 231 1398 gram.
250 1361 302 1388 15.
319 1365 405 1387 vers,
424 1359 452 1387 l.

169 1409 189 1437 2
206 1406 326 1446 AEtola]
346 1405 524 1446 Meleagri.

170 1457 276 1487 Eme.
294 1465 392 1487 xcw.
428 1459 444 1486 1
462 1457 565 1487 Dente
579 1456 727 1487 timentur
741 1457 822 1497 apri,

127 1506 196 1546 ζα]
219 1507 275 1537 Sic
298 1506 478 1537 Anacreon
509 1506 596 1537 ludit
619 1506 652 1536 in
676 1505 822 1537 ferarum

127 1562 298 1588 armatura
314 1557 442 1595 nativa,
456 1560 487 1587 2.
505 1557 584 1587 Car.

163 1608 269 1638 Eme..
281 1617 361 1638 xcv.
372 1610 385 1637 1
394 1607 824 1647 Il1‹ztuti11m·mn,85c.]Spec-

130 1658 249 1689 taculis
272 1659 362 1688 euim
379 1658 554 1688 matutinis
570 1659 754 1699 plerunque
768 1668 823 1689 ve-

128 1708 281 1739 nationes
292 1707 471 1747 dabantur,
482 1717 520 1738 ac
533 1708 612 1738 feroe
625 1708 824 1748 spectaban-

129 1763 196 1790 tur.
240 1758 385 1788 Turneb.
401 1758 458 1789 lib.
475 1761 527 1788 25.
545 1768 619 1798 cap.
636 1761 689 1789 28.
736 1758 822 1789 Vide

130 1808 247 1848 Epigr.
266 1812 317 1839 25.
333 1808 390 1838 lib.
410 1811 459 1838 10.
476 1818 563 1838 vers.
583 1812 611 1839 1.

171 1862 191 1890 2
216 1860 316 1900 Oryx,
339 1859 473 1899 constat]
499 1861 553 1890 De
579 1869 646 1900 quo
674 1859 821 1901 Oppian.

129 1913 162 1941 2.
187 1913 302 1949 Κυνηγ.
327 1911 456 1941 Plinius
486 1911 543 1942 lib.
569 1914 600 1942 2.
629 1921 706 1952 cap.
719 1915 772 1944 40.
787 1918 823 1944 et

129 1962 182 1990 46.
199 1960 315 1991 AElian.
327 1960 384 1991 lib.
399 1963 450 1991 14.
464 1971 539 2002 cap.
554 1964 605 1992 14.
642 1962 724 1996 Quot
736 1963 824 2001 milii,

128 2011 198 2050 &cst
218 2010 334 2041 Saevus
351 2012 437 2041 enim
456 2016 520 2050 est,
534 2011 723 2053 multosque
736 2013 822 2044 ocei-

129 2059 181 2091 dit
196 2071 309 2092 caneS.

173 2112 278 2143 Epm.
293 2121 392 2143 xcw.
411 2115 425 2142 l
442 2113 506 2143 Hic
520 2116 587 2144 erat
598 2114 660 2153 ille,
671 2113 738 2154 &ej
756 2114 824 2145 Hic

131 2171 251 2194 cervus
275 2163 392 2194 similis
418 2169 469 2194 est
493 2164 594 2203 illius,
616 2164 670 2195 cui
691 2169 740 2204 tu,
762 2164 826 2205 Cy-

132 2213 272 2254 parisse,
297 2214 446 2245 insidens
477 2214 485 2230 ‘
504 2215 621 2245 Mollia
647 2215 826 2255 purpureis

131 2261 288 2293 frenabas
304 2272 362 2293 ora
378 2263 559 2303 capistriS‚’
585 2264 687 2295 Ovid.
715 2264 826 2295 Meta—

133 2313 262 2353 morph.
281 2316 332 2344 10.
355 2314 418 2344 Vel
434 2314 533 2350 illius,
548 2315 604 2354 qui
621 2315 732 2345 Silviae
749 2314 826 2345 filiae

131 2364 252 2404 Tyrrhi
267 2363 299 2393 in
312 2363 456 2401 deliciis,
472 2364 595 2403 virgil.
612 2367 642 2396 7.
658 2364 791 2396 AEneid.

177 2414 282 2443 EP1G.
300 2422 412 2443 xcvii.
437 2416 452 2443 1
477 2413 621 2453 Solaque,
646 2414 714 2454 Bm]
746 2416 827 2446 Lac-

134 2468 208 2495 teus
239 2472 376 2503 onager.
432 2463 562 2502 Onagri
594 2465 683 2494 enim
720 2465 828 2504 pullus

134 2513 262 2545 Lalisio
280 2518 430 2543 vocatur.
467 2513 556 2543 Plin.
571 2513 625 2544 lib.
639 2517 669 2543 S.
685 2523 760 2554 cap.
774 2518 827 2545 44.

175 2567 195 2594 2
217 2564 284 2594 Hoc
297 2562 416 2602 infans]
440 2562 606 2594 Quamdiu
620 2564 749 2594 lacteus
761 2570 828 2603 est3

134 2614 203 2645 cito
218 2623 297 2643 vero
311 2613 483 2653 depulsus,
499 2613 530 2642 in
544 2623 706 2653 onagrum
721 2620 827 2644 trans-

134 2664 173 2695 it.
203 2663 293 2694 Plin.
311 2664 368 2694 lib.
385 2667 416 2693 8.
432 2673 506 2703 cap.
520 2667 572 2694 44.
603 2663 699 2694 Asini
716 2670 828 2695 autem

136 2714 310 2753 sylvestris
337 2714 447 2754 pullus
474 2713 506 2743 in
530 2713 657 2743 deliciis
678 2713 829 2744 ciborum

138 2769 222 2796 erat.
269 2765 410 2796 Luciani
432 2762 555 2795 Λούκιος
570 2763 589 2800 ἢ
605 2763 681 2795 ὄνος.
731 2765 830 2796 Breve

580 202 851 233 MARTJAIAS
886 202 1044 231 EPIGR-

1079 203 1170 232 niu.
1208 204 1315 232 xiii.
1446 193 1557 233 14:35

863 297 986 336 nomen]
1002 297 1079 327 Non
1091 303 1143 329 est
1157 298 1256 329 breve
1269 307 1402 337 nomen,
1415 297 1443 327 si
1460 307 1556 338 spec-

867 353 915 377 tes
940 347 1106 387 syllal›:1s;
1128 349 1184 379 sed
1208 353 1340 389 tempus
1366 348 1467 379 breve
1492 353 1558 387 est,

866 407 930 438 quo
948 396 1121 436 profertur
1137 399 1199 429 hoc
1212 409 1345 430 nomen.

910 447 1015 477 Eme.
1034 456 1161 479 xcviii.
1180 451 1194 478 1
1210 449 1362 479 Delicium
1373 449 1557 489 parro‚&c.]

867 498 1069 528 Cicurantur
1085 498 1173 528 enim
1196 498 1385 537 Dorcades,
1409 509 1560 530 mansue-

868 552 911 579 1ae
929 554 965 579 et
979 547 1158 579 familiares
1181 549 1278 586 fiunt,
1302 560 1376 580 cum
1399 550 1560 591 aliquam-

867 598 925 629 diu
951 599 1041 629 inter
1066 599 1216 630 homines
1240 598 1355 637 fuere3
1389 600 1437 630 ita
1463 605 1499 631 ut
1525 610 1559 631 se

867 651 1008 681 tractari
1025 661 1043 681 a
1061 651 1173 691 pueris
1192 651 1314 690 sinant,
1329 655 1364 681 et
1377 661 1395 681 c
1409 661 1508 681 manu
1525 651 1562 681 il·

868 703 974 733 lorum
1001 703 1113 734 cibum
1137 704 1285 744 capiant,
1309 703 1398 744 quod
1421 703 1453 732 in
1478 702 1563 733 Ger-

869 754 991 792 mania,
1005 764 1069 794 qua
1084 753 1280 795 frequentes
1296 758 1385 792 sunt,
1400 752 1562 783 usitatum

869 808 932 843 est,
956 809 990 835 et
1007 804 1129 834 nemini
1146 804 1308 844 ignotum.

910 856 930 884 2
944 855 1083 884 Jactatis
1096 854 1256 893 solet,c5c.]
1273 853 1313 883 In
1327 862 1459 883 arenam
1473 852 1562 882 mitti

869 905 968 943 solet,
995 904 1075 935 dato
1100 914 1119 934 a
1146 904 1333 936 Quiritibus
1357 903 1449 943 signo
1475 907 1561 941 togae

863 955 1017 995 jactat-ee.
1051 956 1105 986 Sic
1120 955 1265 986 Turneb.
1282 954 1341 986 lib.
1357 958 1408 985 25.
1423 963 1496 993 cap.
1511 956 1563 984 28.

871 1006 944 1045 Vel,
956 1006 1055 1037 Hanc
1072 1006 1104 1036 in
1122 1015 1223 1036 arena
1238 1005 1370 1035 missam
1386 1004 1514 1042 agitare
1530 1007 1564 1033 et

870 1057 983 1086 venari
998 1057 1083 1086 solet
1097 1055 1344 1096 turbajactatis
1356 1054 1454 1093 togis.
1478 1052 1562 1082 Mihi

869 1106 1053 1146 simplicior
1067 1116 1182 1136 sensus
1199 1106 1345 1142 videtur,
1370 1102 1564 1134 Dorcadem

870 1156 940 1186 sive
956 1156 1087 1187 damam
1103 1156 1225 1186 animal
1241 1154 1407 1192 timidum,
1432 1153 1466 1183 in
1491 1162 1563 1183 are-

871 1215 947 1236 nam
978 1206 1126 1244 missum,
1154 1205 1245 1236 nullo
1274 1213 1393 1234 canum
1422 1207 1566 1240 terrore,

871 1255 929 1285 sed
946 1256 1019 1286 sola
1037 1261 1187 1295 togarum
1201 1255 1389 1294 jactatione
1404 1253 1565 1294 agitatum

871 1315 890 1335 a
906 1306 1168 1345 spectatoribus.
1198 1305 1275 1343 Vel,
1289 1304 1378 1345 quod
1395 1304 1500 1344 magis
1515 1313 1565 1334 ar-

872 1356 974 1394 ridet,
998 1356 1120 1387 ludicri
1137 1365 1252 1387 caussa
1267 1354 1475 1392 Dorcadem,
1491 1354 1567 1385 sub-

868 1407 964 1447 jecta
980 1412 1057 1446 toga
1078 1406 1257 1446 etjactata
1272 1405 1305 1435 in
1322 1404 1476 1443 sublime,
1491 1404 1566 1434 mis<

873 1466 953 1487 sam.
980 1457 1107 1487 Ferrur.

916 1509 1021 1539 Eme..
1039 1516 1137 1538 xoix.
1162 1511 1178 1538 1
1196 1507 1394 1544 Pendentem,
1408 1504 1477 1544 Em]
1502 1504 1566 1534 Re-

874 1558 977 1598 spicit
1004 1557 1046 1588 ad
1070 1557 1201 1596 Virgilii
1227 1565 1373 1594 versum,
1396 1559 1403 1571 ‘
1419 1555 1568 1585 Dumosa

875 1608 1023 1648 pendere
1038 1608 1155 1648 procul
1172 1607 1213 1638 de
1228 1616 1311 1647 rupe
1327 1603 1471 1636 videbo.'

916 1662 935 1690 2
961 1658 1072 1697 Canes]
1098 1658 1193 1689 Inter
1209 1657 1408 1688 venandum.

917 1710 1022 1740 Epm.
1036 1717 1067 1739 c.
1085 1712 1099 1739 1
1117 1709 1249 1739 Pulcher
1258 1710 1345 1739 adest
1357 1716 1482 1746 onager,
1498 1707 1567 1746 eya]

875 1760 1015 1790 Missam
1029 1758 1134 1790 facite
1147 1759 1359 1789 venationem
1376 1757 1546 1797 elephanti
1562 1769 1568 1787 ;

874 1809 973 1840 adest
989 1819 1126 1849 onager,
1149 1809 1243 1848 cujus
1259 1807 1391 1839 venatio
1408 1817 1518 1838 arcnae
1536 1813 1571 1837 et

873 1857 1330 1899 spectatoribusjucundior.

916 1913 936 1941 2
960 1910 1076 1941 Dentis
1094 1909 1272 1950 Erythraei]
1307 1908 1488 1948 Elephanti
1516 1908 1570 1938 In-

874 1960 942 1991 dici
958 1970 1016 1991 seu
1032 1960 1226 1999 AEthiopici‚
1247 1959 1350 1999 juxta
1370 1959 1468 1989 Mare
1485 1959 1567 1998 Ery—

874 2012 1027 2043 thraeum.
1072 2009 1182 2049 Sinus]
1199 2010 1310 2049 Retia,
1325 2019 1400 2050 quae
1418 2009 1459 2039 ad
1477 2009 1570 2040 coer-

874 2061 999 2093 cendos
1013 2062 1211 2102 elephantes
1223 2060 1497 2092 obtendebantur
1514 2070 1571 2100 po-

875 2111 942 2142 dio.

919 2163 1024 2193 EPIG.
1050 2171 1095 2193 ct.
1127 2164 1143 2191 1
1172 2160 1319 2202 Sudavit]
1338 2161 1486 2201 Trapeto
1510 2171 1569 2193 seu

875 2214 969 2254 prelo
992 2212 1121 2243 domita
1148 2212 1270 2242 emisit.
1312 2211 1430 2250 Bacca]
1455 2211 1570 2243 Oliva.

881 2263 1024 2303 Venafri]
1049 2263 1163 2302 Epigr.
1178 2265 1231 2292 64.
1248 2261 1305 2292 lib.
1322 2264 1372 2292 12.
1390 2270 1473 2291 vers.
1492 2264 1520 2292 1.

919 2317 938 2345 2
964 2315 1006 2344 Et
1022 2314 1105 2343 istud
1121 2312 1194 2352 olet]
1230 2312 1312 2342 Vult
1328 2312 1416 2342 enim
1432 2311 1569 2342 odorem

876 2364 941 2404 ipsi
958 2364 1058 2394 etiam
1075 2363 1162 2400 oleo,
1186 2371 1252 2392 non
1269 2362 1316 2392 his
1333 2366 1476 2401 tantum,
1497 2372 1570 2403 quae

876 2414 949 2444 oleo
959 2411 1311 2449 condiuntur,deberi.
1326 2411 1412 2442 Vide
1426 2411 1572 2443 Plinium

876 2463 932 2494 lib.
953 2467 1001 2493 15.
1019 2471 1094 2500 cap.
1111 2464 1162 2492 ll.
1188 2461 1329 2491 Torrent.

920 2514 1023 2543 Epio.
1040 2520 1101 2542 c11.
1126 2512 1168 2542 G.
1181 2510 1344 2550 sociorum]
1374 2511 1428 2541 Sic
1447 2511 1572 2543 Grute-

879 2574 933 2594 rus
950 2573 967 2593 e
986 2563 1070 2593 Mss.
1116 2562 1227 2601 Vulgo
1244 2561 1341 2599 male,
1356 2561 1570 2601 scombrorum,

879 2613 967 2653 quod
985 2622 1098 2651 garum
1115 2612 1176 2642 hoc
1195 2612 1320 2641 Caviari
1335 2611 1438 2652 (quod
1458 2616 1570 2643 tamen

878 2673 920 2694 ex
936 2663 1006 2693 ovis
1021 2662 1252 2702 acipenseruni
1277 2661 1389 2701 parari
1407 2662 1536 2703 volunt)
1553 2673 1573 2693 a

877 2713 976 2744 sociis
1001 2713 1238 2752 Romanorum,
1260 2711 1403 2750 Graecis,
1429 2712 1572 2752 Mauris,

880 2764 1203 2806 Foro-Juliensibus,
1229 2763 1461 2803 Clazomeniis,
1494 2765 1570 2795 His„
