1866 3131
192 157 303 198 1:210

193 262 299 295 Quasi
314 260 423 291 dieat:
448 261 547 301 Saepe
564 260 779 301 dispensator
793 260 895 291 donat

196 312 376 354 pecuniam
402 312 530 343 domini
557 312 687 351 amicae,
711 318 895 343 amatorem

194 363 488 403 circumvenienti,
536 363 685 404 pretium
720 364 899 406 nequitiae.

195 414 352 445 Raderus.

237 467 257 494 7
284 464 389 495 Extra
406 463 585 505 fortunam,
600 465 670 506 εμπ]
695 467 804 497 Extra
829 465 895 497 for-

195 519 287 546 tunae
314 515 436 555 aleam,
458 517 655 547 nullatenus
677 516 821 548 fortunae
839 516 897 547 ob-

195 565 348 597 noxium.
371 566 421 598 M.
434 566 604 598 Antonius
617 568 707 607 apud
723 568 897 598 Rabirium

198 615 356 655 Poetarru
393 618 401 633 ‘
428 616 507 649 Hoc
534 617 644 649 habeo
672 618 898 659 quodcunque

198 666 303 706 dedi,'
323 669 389 698 ὅτε.
433 667 556 699 Senec.
582 668 638 699 lib.
656 671 687 698 6.
712 668 753 699 de
777 668 899 700 Benef.

196 727 272 758 cap.
285 720 315 749 3.
341 719 469 749 Notum
485 723 520 749 et
536 717 617 749 illud
632 717 833 756 Alexandri,
851 719 899 749 in-

198 769 364 809 terrogati
393 769 450 800 ubi
485 778 560 800 suos
591 769 799 800 reconderet
829 770 899 800 the-

197 828 333 852 sauros:
357 821 366 837 ‘
384 819 487 861 Apud
505 820 656 859 amicos,'
675 821 794 862 inquit.
821 821 902 852 Plu·

201 871 310 902 tarch.

242 922 348 953 Epio.
362 930 467 953 xr1111.
491 922 581 953 Vide
592 921 709 962 Epigr.
726 925 779 953 73.
797 922 853 953 lib.
869 926 898 954 1.

199 981 287 1003 vers.
304 975 337 1002 2.
353 977 388 1003 et
404 972 612 1012 Epigramm.
638 975 692 1003 23.
718 973 775 1003 lib.
795 976 846 1004 12.
865 979 901 1004 et

198 1023 259 1054 lib.
295 1025 327 1055 2.
357 1022 498 1054 Anthol.
524 1033 599 1063 cap.
631 1026 682 1055 13.
727 1022 902 1062 ἬὙόρασας

198 1073 385 1114 πλοκάμοις,
409 1073 517 1115 φύκος,
540 1074 623 1115 μέλι,
639 1075 743 1117 κηρὸν,
759 1075 900 1115 ὀδόντας,

200 1128 265 1156 &c.

243 1177 347 1207 EPIG.
374 1185 469 1207 XLIV.
506 1180 521 1207 1
559 1177 644 1212 Quid
665 1177 801 1215 factum,
833 1177 901 1218 δῖα]

200 1229 277 1261 Quo
293 1238 371 1259 casu
389 1228 526 1268 accidit,
549 1234 585 1259 ut
602 1229 729 1268 Dente,
751 1233 871 1270 quater
883 1239 903 1259 a

202 1288 255 1309 me
273 1279 315 1309 ad
332 1288 460 1309 caenam
478 1286 631 1317 vocatu-³,
649 1280 830 1317 recusarit,
846 1280 902 1320 qui

203 1329 284 1359 alias
312 1339 364 1359 me
392 1339 453 1369 per
474 1334 579 1360 totam
597 1329 716 1360 urbem
733 1335 769 1360 et
786 1339 902 1360 omues

200 1379 409 1410 caenationes
435 1380 620 1420 quaeritare
658 1380 813 1411 solebat?
845 1379 901 1410 In-

202 1431 296 1461 venit
313 1431 490 1461 lautiorem
509 1431 679 1471 popinam.

246 1485 265 1513 2
290 1482 407 1519 Demo,
423 1481 492 1521 ξω]
517 1482 650 1513 Nomen
665 1492 706 1513 ex
723 1491 759 1512 re
774 1487 903 1521 natum,

201 1531 305 1563 dente
318 1533 452 1563 scilicet
463 1537 631 1564 strennus.

245 1586 264 1614 4
289 1583 488 1623 Sequentem]
504 1584 563 1615 Me
576 1589 790 1624 sequentem,
805 1589 841 1614 ut
854 1582 902 1614 iu-

206 1633 309 1664 vitem
327 1639 374 1664 te.

245 1689 264 1715 5
293 1685 444 1726 Thermis,
460 1684 607 1725 theatris]
621 1685 710 1716 Vide
719 1685 839 1726 Epigr.
854 1688 904 1717 14.

203 1735 262 1766 lib.
280 1738 311 1766 2.

247 1789 268 1816 6
294 1785 509 1825 conclavibus,
534 1786 605 1826 θα]
635 1786 904 1827 (Ξοεηειῐὶοηίὺυε,

204 1836 312 1866 cellis.

249 1888 268 1915 S
293 1886 408 1917 Canem
424 1885 542 1925 culina]
567 1887 781 1926 Coenipetam
808 1888 904 1919 Den-

206 1942 332 1975 tonem,
345 1937 452 1967 instar
461 1937 554 1967 cauis
567 1937 766 1969 odorantem
783 1939 904 1970 lautio-

207 1997 277 2018 rem
295 1988 454 2018 culinam.

249 2041 269 2068 9
292 2037 353 2067 Sed
368 2038 440 2075 cito,
462 2037 532 2077 lisa]
555 2037 636 2075 Sed,
660 2038 795 2077 agnitus
812 2038 904 2070 fasti-

207 2087 365 2129 ditusque
382 2087 557 2127 divitibus,
572 2088 698 2119 redibis
713 2088 754 2119 ad
767 2094 903 2121 tenuem

208 2148 358 2169 mensam
376 2148 496 2170 meam.

252 2190 357 2221 EP1G.
381 2198 463 2222 XLV.
486 2193 502 2221 1
531 2190 621 2222 Dicis
634 2191 819 2229 formosam,
836 2192 906 2232 ἐξα]

210 2242 348 2283 Negare
380 2243 468 2272 soles
496 2247 531 2273 et
557 2243 764 2273 contrarium
791 2243 904 2274 dicere

209 2293 263 2334 (ut
291 2293 392 2325 Galla
415 2294 535 2334 Epigr.
564 2297 617 2325 25.
643 2294 702 2325 lib.
729 2295 787 2335 2.).
836 2296 904 2326 Hic

209 2354 288 2374 sane
319 2349 449 2384 praeter
479 2349 627 2375 mentem
660 2350 750 2376 tuam
780 2356 846 2377 non
869 2356 905 2377 es

207 2395 296 2436 quod
325 2395 422 2435 dicis,
448 2394 595 2425 formosa
627 2400 663 2426 et
694 2396 818 2435 puella,
845 2397 904 2427 sed

208 2446 342 2477 anicula
368 2452 403 2476 et
429 2444 546 2485 τριβάς.
591 2446 680 2477 vide
709 2447 826 2487 Epigr.
851 2450 904 2478 91.

208 2497 231 2527 l.
246 2500 275 2529 1.

251 2552 270 2579 2
296 2548 383 2579 Istud
400 2549 479 2588 quod
505 2559 564 2579 non
586 2548 648 2588 est]
671 2548 841 2580 Gruterus
870 2554 906 2580 et

206 2598 395 2630 Scriverius
405 2609 445 2629 ex
461 2599 545 2629 Mss.
561 2599 679 2630 melius
694 2610 701 2630 :
727 2599 827 2638 Istud,
838 2610 906 2640 quae

206 2659 266 2679 non
278 2653 337 2689 est,
348 2650 450 2681 dicere
469 2650 571 2680 Bassa
585 2651 670 2681 solet.

251 2700 357 2731 Epic„
386 2709 483 2731 wa.
513 2703 531 2731 3
559 2701 665 2740 Coeclo,
693 2701 905 2740 Diadumene,

206 2750 301 2792 scepe]
333 2750 388 2781 Ita
413 2751 446 2784 J,
478 2751 659 2793 Gruterus,
688 2761 755 2783 non
784 2757 820 2783 ut
845 2752 903 2784 alii

649 166 790 196 No'rffl
830 167 884 196 ΨΑ
900 168 921 197 R
934 167 1011 196 lou
1024 168 1088 197 t'M
1126 168 1176 197 IN

947 263 1032 299 cedo,
1058 262 1119 292 liae
1149 268 1287 293 mente:
1312 263 1359 293 Ut
1384 263 1464 294 milii
1489 273 1652 303 amorem,

950 312 1012 342 tibi
1053 313 1133 342 iram
1174 322 1420 352 commoveam,
1455 313 1652 345 verberibus

950 373 1042 403 saepe
1059 373 1128 394 rem
1147 373 1222 404 ago.
1269 363 1355 394 Inde
1370 374 1568 405 consequor,
1587 367 1651 396 διο.

994 415 1097 445 Eme.
1117 423 1231 445 xmir.
1250 418 1264 445 1
1290 415 1330 445 Et
1344 415 1401 445 hoc
1415 417 1476 456 est]
1500 416 1575 447 Nec
1598 425 1654 455 pe-

945 465 1049 504 jerat.
1071 465 1213 505 Jejunat
1234 466 1339 504 euim,
1353 467 1487 507 quoties
1505 477 1569 498 uon
1587 467 1654 498 alio

950 516 1128 546 invitatur.

995 568 1099 598 EeiG.
1125 576 1255 598 xrsviu.
1279 567 1367 598 Vide
1391 568 1449 599 lib.
1477 571 1505 599 1.
1532 569 1654 610 Epigr.

951 619 1005 648 32.
1060 617 1135 648 Illic
1174 623 1314 649 voverat
1345 619 1530 659 Encolpus,
1575 619 1653 651 Auli

952 667 1121 699 Pudentis
1138 669 1348 700 centurionis
1367 670 1526 709 amasim,
1542 671 1654 701 crines

952 727 1030 748 suos
1068 719 1211 756 Phoebo,
1242 725 1281 750 ut
1323 720 1468 760 primum
1496 721 1652 751 dominns

951 777 1030 798 suus
1055 768 1096 799 ad
1122 769 1367 809 primipilatum
1385 770 1476 811 (quae
1495 771 1652 811 proxima

953 823 1029 849 erat
1069 818 1235 860 dignitas)
1274 821 1497 852 eveheretur:
1552 831 1656 861 nune,

952 880 1055 911 quum
1103 876 1238 902 creatus
1280 877 1370 903 esset
1418 872 1654 913 primipilaris,

952 930 1050 961 puer,
1077 921 1256 953 damnatus
1281 921 1367 962 voti,
1387 922 1508 953 tondet
1533 924 1656 961 crines,

954 971 1043 1002 Aulo
1081 982 1148 1003 nou
1189 972 1406 1014 prohibente,
1440 973 1500 1004 sed
1541 980 1653 1005 tamen

953 1022 1104 1054 dolente.

997 1076 1013 1103 1
1040 1073 1138 1112 Quia,
1159 1074 1229 1114 Esca]
1268 1073 1422 1105 Imitatio
1453 1073 1656 1113 Virgiliana.

955 1124 964 1139 ‘
981 1123 1072 1156 Quid
1097 1133 1164 1154 non
1187 1125 1345 1155 mortalia
1360 1128 1505 1165 pectora
1521 1124 1615 1164 cogis
1632 1123 1656 1153 ?'

954 1176 1018 1205 διο.

997 1229 1016 1256 2
1041 1227 1110 1257 Nec
1132 1226 1312 1266 prohibente
1336 1226 1457 1267 tamen]
1491 1227 1581 1259 Quia
1609 1236 1651 1259 ex

955 1282 1048 1315 voto,
1090 1282 1233 1317 propter
1269 1278 1439 1308 domiuum
1499 1278 1653 1319 primipi-

955 1328 1058 1359 larem
1088 1334 1281 1360 assecutum
1306 1329 1525 1370 dignitatem.
1568 1329 1655 1361 Vide

954 1378 1073 1418 Epigr.
1089 1382 1142 1410 32.
1157 1380 1215 1411 lib.
1233 1382 1263 1410 1.
1278 1380 1367 1410 unde
1380 1380 1458 1411 huic
1476 1381 1545 1411 lux.

995 1431 1014 1458 3
1038 1429 1093 1460 Sic
1121 1432 1212 1461 cessit
1243 1431 1384 1471 habenis]
1418 1432 1488 1470 Sic,
1516 1431 1550 1462 id
1589 1436 1654 1470 est,

954 1481 1065 1512 animo
1089 1483 1224 1513 volente
1247 1482 1399 1522 nolente,
1423 1483 1574 1513 Phoebus
1599 1482 1655 1513 de-

954 1532 1007 1562 dit
1040 1532 1250 1564 Phaethonti
1275 1543 1396 1564 currus
1425 1534 1474 1564 sui
1501 1533 1655 1564 modera-

954 1592 1042 1614 men.

997 1638 1015 1664 5
1043 1634 1129 1665 Talis
1140 1638 1249 1675 raptus
1265 1634 1384 1676 Hylas]
1408 1635 1492 1666 Tres
1509 1634 1655 1666 afferunt

954 1684 1273 1726 interpretationes,
1306 1686 1366 1717 sed
1396 1695 1512 1718 ornnes
1542 1685 1657 1718 salsas.

954 1736 1037 1767 Tam
1051 1735 1233 1775 formosus,
1250 1737 1374 1779 inquit,
1391 1737 1655 1768 tamdelicatam

955 1797 1085 1818 comam
1103 1789 1218 1828 posuit
1231 1789 1341 1828 Hylas
1352 1794 1481 1829 raptus.
1506 1789 1658 1827 Etenim,

956 1848 1058 1878 quum
1081 1838 1239 1869 maritum
1258 1839 1444 1878 Nymphae,
1471 1849 1546 1880 quae
1564 1839 1656 1870 illum

955 1888 1084 1927 rapuit,
1113 1898 1213 1928 agere
1237 1888 1395 1928 deberet,
1420 1899 1554 1929 aequum
1581 1895 1656 1921 erat

955 1937 1051 1968 illum
1070 1948 1212 1969 exsuere
1226 1937 1347 1969 faciem
1359 1939 1469 1979 pueri,
1484 1949 1656 1971 assumere

956 1989 1032 2026 viri,
1048 1988 1081 2019 id
1111 1993 1177 2026 est,
1206 1988 1352 2034 tonderi.
1400 1990 1537 2020 Gronov.
1571 1991 1655 2021 Talis

954 2043 1065 2080 raptus
1081 2038 1201 2080 Hylas]
1230 2040 1285 2070 Sic
1308 2039 1533 2079 Theodamas,
1561 2051 1655 2071 arma

955 2092 1119 2123 adversus
1158 2092 1345 2123 Herculem
1372 2101 1523 2131 movens,
1551 2092 1655 2123 filium

956 2143 1080 2184 Hylam
1098 2142 1187 2174 domi
1214 2152 1353 2173 manere
1371 2142 1492 2182 voluit,
1519 2143 1578 2173 sed
1598 2153 1656 2183 pe-

955 2195 1042 2226 tenti
1056 2203 1161 2234 puero
1174 2193 1346 2224 concessit
1360 2198 1397 2224 ut
1414 2203 1478 2224 una
1502 2194 1655 2234 proficis-

954 2249 1104 2282 ceretur,
1121 2249 1225 2284 atque
1242 2243 1290 2274 ita
1307 2244 1349 2273 ab
1369 2243 1522 2275 Hercule
1535 2250 1654 2284 raptus

955 2300 1019 2326 est.
1063 2294 1147 2325 Vel:
1176 2294 1232 2324 Sic
1248 2293 1370 2334 Hylas,
1386 2294 1531 2325 Herculi
1547 2294 1652 2325 offen-

955 2357 1011 2377 sus
1026 2345 1069 2376 ob
1088 2349 1219 2385 patrem
1236 2344 1396 2383 occisum,
1411 2354 1525 2376 amore
1540 2350 1653 2376 tamen

956 2396 1116 2428 Herculis
1133 2395 1242 2425 victus
1258 2404 1294 2424 sc
1308 2395 1355 2425 illi
1366 2396 1523 2426 comitem
1536 2397 1654 2428 cessit.

955 2447 1039 2477 Vel:
1065 2446 1120 2476 Sic
1138 2446 1320 2485 impetrata
1336 2450 1372 2477 et
1387 2451 1524 2477 extorta
1546 2446 1653 2476 invito

956 2497 1099 2528 Herculi
1118 2497 1216 2526 venia
1242 2496 1343 2527 eundi
1368 2502 1540 2538 aquatum,
1563 2498 1654 2537 perit

956 2549 1063 2590 Hylas
1088 2558 1107 2578 a
1132 2548 1300 2588 Nymphis
1325 2552 1455 2587 raptus.
1504 2548 1588 2578 Talis
1601 2549 1652 2578 de-

951 2608 1079 2640 prensus
1094 2597 1245 2637 Achilles]
1261 2598 1319 2628 Sic
1333 2597 1418 2628 Ach.
1432 2597 1488 2628 ubi
1501 2598 1653 2638 virgineo

953 2650 1074 2681 habitu
1093 2649 1183 2688 apud
1200 2648 1427 2688 Lycomedem
1458 2649 1557 2679 latuit
1585 2659 1653 2679 nia-

955 2701 1015 2732 tris
1028 2709 1139 2737 suasu,
1152 2699 1341 2740 deprensus
1353 2699 1394 2730 ab
1404 2699 1538 2739 ulysse,
1548 2698 1652 2739 depo-

952 2751 1027 2783 sitis
1054 2750 1158 2782 comis
1183 2760 1224 2781 ex
1252 2750 1391 2790 ephebis
1414 2750 1576 2789 excessit,
1616 2754 1652 2781 et
