1866 3131
431 186 478 214 M.
513 185 623 214 VAL.
656 181 930 212 MARTKALIS
963 181 1123 212 EPIGR.
1160 183 1255 213 Llu.
1289 184 1352 212 lv.

218 283 235 310 3
265 280 307 310 [t
336 280 388 320 qui
411 281 524 319 prima,
551 280 620 320 δῖα]
664 279 712 309 Ut
741 279 870 308 Burrus

171 329 257 360 silius
276 340 365 369 suus,
381 330 604 371 quinquennis
626 332 660 359 et
675 338 797 359 novum
815 337 870 357 au-

172 381 320 420 spicatus
336 381 493 419 lustrum,
517 380 624 410 multa
643 379 735 409 vivat
751 378 869 408 lustra.

171 430 362 471 Usurpatur
379 435 489 462 autem
514 429 689 470 Olympias
718 438 777 468 pro
797 437 869 468 spa-

171 480 222 510 cio
252 481 398 521 quinque
433 489 607 519 annorum,
646 483 683 509 nt
714 479 869 517 lustrum,

170 531 320 571 quamvis
343 537 463 571 quarto
480 530 617 569 expleto
633 538 731 566 anno,
749 528 867 569 quinto

167 580 317 618 ineunte,
335 579 506 620 Olympici
523 578 592 609 ludi
609 578 753 616 fierent;
779 577 865 609 unde

170 630 300 661 Graecis
317 640 477 661 annorum
495 630 595 660 ratio.

212 686 230 711 5
255 682 309 712 Sic
324 686 366 720 te,
381 680 450 721 fic]
483 682 539 712 Sic
558 687 590 711 te
617 685 676 711 tua
696 679 865 720 Daphnis,

169 732 277 762 Penei
293 732 372 771 filia,
397 732 429 762 in
456 732 584 762 laurum
603 740 710 768 versa,
728 729 864 769 diligat3

168 791 331 822 quamque
348 781 412 812 etsi
431 780 564 822 perdite
575 789 716 819 amares,
728 785 762 810 te
779 789 864 810 sem-

168 841 229 871 per
246 836 398 862 aversata
416 831 492 862 fuit.

208 884 228 911 6
254 883 350 912 (terta
378 881 563 920 virginitate
588 879 689 919 soror]
726 879 865 910 Intami·

167 939 260 971 natu,
288 934 468 964 intentata.
514 933 593 971 Vel,
625 941 724 973 quam
752 931 864 961 colere

166 985 299 1014 statuit.
345 985 554 1024 Perpetuam
581 983 668 1014 enim
691 982 864 1022 virginita-

168 1038 235 1063 tem
268 1043 419 1064 servasse
445 1034 604 1073 Dianam,
631 1038 666 1064 et
696 1032 864 1063 castitatis

164 1082 296 1114 laudem
314 1084 488 1124 meruisse,
500 1084 645 1114 omnium
661 1083 863 1123 scriptorum

166 1133 360 1164 testimonio
376 1134 630 1173 comprobatur.

207 1186 226 1213 7
252 1183 344 1214 flore
360 1182 467 1223 mices]
502 1183 600 1214 Flore
619 1183 785 1222 juventae,
809 1182 865 1212 vel

169 1231 271 1273 ἰούλῳ.

209 1289 228 1316 S
252 1286 395 1326 Bromio,
411 1286 480 1327 gu]
511 1286 660 1325 Baccho,
677 1285 732 1326 qni
758 1285 865 1316 inton-

166 1346 221 1367 sus
249 1336 398 1378 fingitur,
424 1341 525 1376 atque
554 1336 642 1366 idem
674 1345 749 1366 cum
774 1336 863 1366 Sole·

164 1388 252 1418 Vide
272 1398 344 1428 qum
357 1388 399 1418 ad
415 1388 536 1418 Senec.
563 1387 667 1427 Hipp.
685 1396 773 1417 vers.
790 1389 863 1418 151.

166 1443 201 1469 et
231 1439 309 1470 OEd.
334 1442 407 1470 405.
432 1438 619 1469 Farnabius
654 1442 863 1468 commentus

167 1494 231 1520 est.

209 1541 312 1571 Eme.
328 1549 425 1571 Χινι.
447 1538 573 1570 Sabelli
589 1538 778 1570 Caussidici
793 1539 862 1569 ino-

164 1600 220 1631 pes
251 1591 338 1621 ridet
365 1600 466 1629 opes:
507 1589 669 1629 simulque
693 1588 862 1619 Caussidi-

164 1649 276 1672 corum
297 1642 491 1680 plerumque
516 1640 669 1670 miseram
687 1644 812 1670 sortem
829 1639 862 1669 in

164 1702 308 1731 persona
338 1690 465 1721 Sabelli
487 1690 673 1721 Caussidici
702 1689 862 1721 ostendit.

164 1744 245 1774 lead.

206 1798 221 1824 1
248 1793 441 1829 Saturnalia,
461 1792 531 1832 ξω]
569 1791 609 1822 In
626 1791 861 1822 Saturnalibus

162 1844 385 1875 mittebantur
394 1843 508 1873 amicis
520 1842 633 1872 Xenia
645 1852 704 1872 seu
714 1851 863 1872 munera.

162 1895 306 1925 Deridet
316 1894 488 1925 Sabellum
506 1892 669 1931 rabulam,
684 1892 740 1932 qui
758 1902 798 1922 ex
816 1893 861 1922 vi-

160 1945 249 1975 libus
264 1943 457 1975 muneribus
475 1943 508 1973 in
531 1947 662 1973 tantum
687 1942 861 1982 superbie-

162 1996 220 2026 rit.

203 2048 222 2076 2
242 2044 367 2084 Tumet]
391 2043 446 2075 Ob
459 2052 598 2074 munera
610 2047 645 2074 et
660 2042 772 2082 xenia,
785 2052 859 2084 quae

157 2097 280 2136 jactat.

201 2149 221 2177 6
246 2146 356 2177 Farris
370 2144 534 2183 semodius]
556 2145 622 2175 Far
646 2144 736 2174 xenii
755 2144 859 2174 etiam

161 2198 236 2227 loco
262 2196 475 2226 mittebatur.
519 2194 696 2225 semodius
712 2204 789 2235 pars
809 2194 858 2225 di-

162 2246 263 2277 midia
289 2245 404 2276 modii.
450 2245 588 2276 Modius
617 2244 719 2275 libras
745 2247 799 2275 26.
823 2249 859 2276 et

161 2297 274 2328 uncias
291 2299 322 2327 8.
339 2295 509 2336 capiebat.
551 2294 685 2334 fressae]
711 2295 858 2334 Fractae,

160 2347 317 2387 pellicula
333 2346 489 2377 nudatae:
516 2355 535 2375 a
561 2347 570 2363 ‘
586 2343 750 2385 frende0,’
767 2345 857 2385 quod

160 2403 224 2436 est,
242 2397 371 2436 frango.

201 2451 219 2478 7
245 2447 389 2487 Selibrae]
424 2445 453 2477 Α
471 2445 577 2476 tribus
594 2456 640 2476 so.
664 2445 797 2484 missae3
821 2450 857 2476 et

159 2509 199 2531 eo
216 2498 363 2529 muneris
376 2497 541 2527 vilitatem
559 2496 700 2527 irridet:
725 2505 814 2535 nam,
828 2496 855 2526 si

160 2551 201 2581 ab
223 2559 287 2580 uno
311 2548 446 2578 missum
464 2547 495 2577 id
509 2556 627 2577 munus
642 2546 773 2587 fuisset,
786 2556 854 2578 ses-

160 2601 339 2642 quilibram
356 2597 511 2627 dixisset.
557 2596 683 2627 Selibra
703 2606 785 2636 ergo
802 2601 855 2627 est

158 2649 340 2682 semilibra.
378 2647 444 2678 Sed
459 2652 571 2678 tamen
585 2651 619 2677 et
629 2648 713 2677 sumi
726 2652 854 2687 potest,

161 2711 234 2741 pro,
250 2700 358 2730 missae
376 2698 418 2729 ab
435 2707 521 2728 uno:
547 2702 582 2728 ut
598 2698 665 2738 τρία
676 2697 855 2735 ἣμιωβόλια.

158 2751 382 2791 Theophrast.
405 2749 560 2780 Charact.
575 2746 640 2786 περὶ
653 2748 805 2789 ἀπονοίας,
821 2753 857 2780 ct

1506 172 1616 214 1207

921 276 1013 307 Hist.
1031 280 1063 308 2.
1076 277 1144 317 τρία
1158 277 1307 316 ἡμιπόδια.

963 330 982 358 8
1006 328 1161 359 Lucanica
1185 334 1301 368 ventre,
1328 327 1398 369 Sym]
1421 328 1618 360 Farciminis

921 387 1039 417 genus,
1054 378 1153 409 Isicia
1170 380 1250 410 item
1269 380 1375 420 dicta,
1388 379 1477 421 quod
1493 380 1618 410 milites

921 438 939 458 a
956 428 1104 459 Lucanis
1129 429 1343 460 didicerunt:
1377 435 1414 460 ut
1442 439 1461 460 a
1478 430 1617 461 Faliscis

919 483 1070 510 ventrem
1084 480 1260 520 porcinum
1269 480 1420 518 condire,
1432 480 1550 521 Epigr.
1564 482 1616 510 35.

918 529 975 560 lib.
994 533 1044 560 13.
1063 535 1098 561 et
1113 530 1312 570 Athenaens,
1327 530 1384 560 lib.
1395 533 1427 560 9.
1442 541 1516 570 cap.
1530 535 1560 561 5.

961 582 981 610 9
1003 579 1100 621 Syra]
1122 581 1263 611 Vitrea:
1287 590 1364 610 nam
1375 580 1497 611 vitrum
1511 581 1542 611 iu
1557 581 1618 621 Sy—

919 629 967 660 ria
984 630 1169 662 inventum.
1215 630 1345 668 Desrutz'
1361 631 1485 671 lagena]
1511 632 1617 662 Musti

917 681 960 711 ad
977 681 1134 712 dimidias
1150 681 1295 712 decocti.

960 735 1001 762 10
1026 732 1117 763 Ficus
1135 732 1260 773 Libyca,
1277 731 1346 771 ξω]
1370 731 1470 762 Ficus
1485 731 1617 762 scilicet

916 781 1092 821 hybernae,
1109 786 1145 812 ut
1158 781 1200 812 de
1218 781 1393 812 Moesianis
1410 780 1541 811 Plinius
1558 781 1615 812 lib.

918 835 969 863 15.
987 842 1065 872 cap.
1092 835 1143 863 18.
1166 842 1241 873 quae
1260 836 1351 863 testa
1365 831 1483 872 figlina
1496 832 1619 863 conde-

918 879 1062 914 bantur}
1088 884 1204 924 Epigr.
1220 886 1273 915 88.
1295 883 1404 914 infra:
1442 887 1477 914 et
1497 883 1617 923 Epigr.

916 936 968 964 52.
988 934 1046 964 lib.
1063 937 1093 965 7.
1136 935 1222 965 Sunt
1237 934 1293 975 qui
1312 933 1509 974 intelligunt
1533 933 1617 964 ficus

916 984 1047 1016 roscido
1079 985 1231 1023 humore,
1253 993 1353 1025 quem
1377 993 1505 1024 pressae
1535 993 1618 1015 exu—

916 1034 1011 1073 dant,
1044 1035 1197 1075 gelatas;
1237 1034 1361 1066 deinde
1403 1034 1616 1074 constipatas

915 1085 1139 1126 densatasque
1156 1086 1188 1116 in
1214 1090 1315 1117 testa.
1362 1086 1436 1116 Etsi
1461 1086 1526 1116 hue
1550 1094 1617 1115 non

913 1134 1031 1173 faciat,
1061 1135 1183 1166 videsis
1221 1141 1335 1166 tamen
1374 1135 1428 1167 J0.
1466 1135 1616 1165 Barclaii

914 1184 1121 1226 Argenidem
1144 1187 1202 1216 lib.
1218 1190 1249 1217 5.
1274 1186 1317 1216 de
1338 1185 1520 1216 artificiosa
1535 1185 1615 1215 rati-

916 1245 979 1266 one
993 1236 1128 1276 gelandi
1143 1236 1317 1277 glacieque
1333 1235 1541 1266 incrustandi
1558 1244 1616 1274 po-

914 1296 967 1316 ma
982 1287 1014 1317 in
1030 1286 1157 1318 Africa.

959 1341 995 1368 ll
1022 1338 1145 1376 Bulbz's,
1165 1337 1236 1378 Sym]
1270 1338 1354 1370 Quae
1379 1337 1557 1368 luxuriosis
1582 1338 1615 1368 in

914 1388 1058 1419 deliciis.
1103 1388 1288 1420 Athenaeus
1316 1389 1373 1420 lib.
1403 1391 1434 1419 2.
1457 1398 1533 1429 cap.
1561 1391 1615 1419 22.

913 1438 1032 1469 Diosc.
1050 1447 1126 1478 cap.
1143 1442 1174 1469 9.
1198 1438 1257 1469 lib.
1273 1441 1302 1470 2.
1349 1438 1614 1478 Notandumquc

912 1489 1040 1519 Bulbos
1073 1494 1107 1520 et
1129 1489 1286 1520 cochleas
1324 1498 1414 1529 saepe
1440 1488 1614 1528 conjungi.

912 1539 1116 1570 Petronius:
1149 1541 1158 1557 ‘
1175 1540 1257 1570 Mox
1281 1539 1366 1571 cibis
1392 1539 1614 1570 validioribus

912 1594 1042 1628 pastuS,
1055 1589 1088 1620 id
1104 1594 1169 1625 est,
1187 1589 1310 1630 bulbis,
1327 1590 1614 1631 cochlearumque

912 1638 984 1669 sine
1016 1639 1096 1679 jure
1131 1639 1332 1678 cervicibus,
1359 1640 1451 1670 hausi
1479 1640 1613 1679 parcius

915 1689 1068 1720 merum!
1113 1689 1202 1720 Vide
1219 1694 1255 1720 et
1273 1689 1362 1720 Plin.
1378 1689 1437 1720 lib.
1454 1692 1483 1720 l.
1502 1689 1614 1729 Epist.

914 1743 965 1771 15.

958 1792 996 1820 12
1021 1790 1138 1820 Piceno
1153 1789 1250 1826 venit,
1264 1789 1332 1829 8)·ε.]
1354 1790 1529 1819 Extenuat
1542 1799 1614 1819 mu-

913 1850 993 1872 nus:
1032 1841 1196 1870 cistellam
1227 1840 1314 1870 enim
1337 1844 1406 1870 tam
1434 1845 1612 1879 angustam

914 1890 1016 1922 fuisse
1029 1890 1244 1931 jocabundus
1258 1889 1353 1927 dicit,
1364 1894 1402 1920 ut
1417 1874 1473 1920 viix
1488 1898 1613 1929 pauca-

913 1950 985 1971 rum
1007 1942 1172 1971 olivarum
1188 1949 1298 1980 capax
1320 1939 1436 1971 fuerit.
1480 1941 1536 1971 De
1553 1940 1614 1971 oli-

914 1992 962 2023 vis
979 2001 1021 2022 ex
1036 2000 1118 2032 agro
1135 1990 1278 2029 Piceno,
1295 1990 1371 2020 vide
1396 2000 1470 2031 quae
1484 1990 1542 2022 lib.
1559 1993 1612 2023 13.

912 2043 1023 2074 Poeta
1039 2042 1188 2074 dixerit:
1222 2042 1232 2059 ⁶
1250 2042 1348 2082 Ha’c,
1374 2051 1448 2083 quae
1473 2042 1612 2073 Picenis

911 2096 1007 2126 venit
1026 2093 1195 2125 subducta
1215 2094 1374 2133 trapetis,
1396 2092 1540 2124 Inchoat
1561 2098 1613 2124 at·

911 2155 976 2187 que
989 2145 1108 2176 eadem
1118 2143 1194 2175 finit
1206 2144 1296 2174 oliva
1312 2142 1441 2184 dapes!

956 2199 994 2227 14
1013 2197 1055 2226 Et
1076 2204 1177 2226 crasso
1193 2193 1281 2233 coelo]
1303 2194 1313 2210 ‘
1331 2193 1459 2224 Coelum
1473 2191 1480 2205 '
1495 2195 1609 2222 autem

910 2252 946 2278 et
973 2248 982 2263 ‘
1001 2250 1152 2276 toreuma
1165 2243 1173 2255 '
1202 2242 1367 2274 transfert
1383 2252 1445 2283 per
1460 2241 1609 2272 Ironiam

910 2307 929 2326 a
966 2294 1183 2327 nobilioribus
1231 2293 1319 2324 vasis
1367 2298 1404 2323 et
1436 2291 1608 2332 operibus.

910 2346 1028 2387 Epigr.
1047 2347 1100 2375 39.
1128 2352 1240 2383 supra,
1255 2353 1342 2374 vers.
1365 2345 1395 2373 4.
1432 2342 1502 2373 Pro
1524 2344 1610 2381 coelo,

908 2397 1021 2428 Palat.
1049 2395 1132 2434 legit
1148 2404 1250 2425 coeno:
1273 2393 1362 2434 quod
1384 2397 1418 2423 et
1436 2393 1606 2424 Gruterus

907 2447 1089 2489 approbat.
1134 2445 1320 2485 Saguntina
1345 2445 1434 2475 enim
1461 2454 1541 2476 vasa
1557 2445 1606 2475 lu-

906 2503 962 2530 tea
977 2497 1129 2538 appellat
1152 2504 1285 2535 semper
1312 2493 1422 2525 Poeta
1446 2503 1507 2534 per
1528 2504 1607 2525 con-

906 2554 1083 2589 temptum,
1096 2552 1133 2577 ut
1147 2547 1169 2578 1.
1181 2549 1210 2577 8.
1226 2546 1344 2586 Epigr.
1360 2548 1391 2576 6.
1432 2546 1478 2576 Et
1493 2549 1608 2576 toreu-

905 2609 959 2630 ma
988 2598 1114 2628 luteum
1138 2596 1288 2626 irrisorie
1306 2599 1426 2633 vocat;
1451 2605 1554 2636 quum
1571 2596 1605 2626 id

906 2657 1027 2679 nomen
1053 2646 1183 2677 caelatis
1204 2645 1276 2676 auri
1300 2646 1500 2686 argentique
1517 2647 1605 2677 vasis

905 2698 1084 2729 tribuatur.
1131 2697 1176 2727 Et
1192 2696 1360 2736 synthesis
1377 2700 1508 2735 septem
1525 2706 1604 2727 con—

909 2753 999 2780 stans
1015 2747 1156 2788 poculis,
1172 2757 1189 2777 11
1205 2749 1272 2777 nest
1294 2744 1328 2784 of
1337 2755 1423 2776 seren
1446 2756 1528 2787 caps,
1545 2746 1602 2780 fic-
