1866 3131
336 192 383 219 M.
416 190 524 220 VAL.

94 284 160 315 bile
192 292 220 314 ι.
248 283 427 324 sestertiis,
449 293 489 315 ea
516 288 627 315 tamen
651 284 727 325 lege
751 287 788 314 ut

93 334 191 364 simul
218 334 322 365 etiam
349 343 461 365 emere
488 333 627 365 deberet
658 334 789 375 Clesip-

94 395 171 424 pum
201 383 376 423 fullonem,
412 390 598 415 monstruni
636 385 788 423 hominis,

92 435 192 475 gibbo
216 433 351 466 faedum.
397 435 522 466 Postea
545 439 655 465 tamen
680 434 788 473 Gega-

92 485 145 515 nia
162 494 222 516 suo
239 485 398 526 Clesippo
411 485 536 525 nupsit,
553 493 696 525 eumque
711 494 788 515 mox

94 544 134 565 ex
151 545 224 566 asse
249 536 387 576 scripsit
404 534 594 566 haeredem:
618 535 674 575 qui
701 543 787 575 prae-

93 586 188 616 dives
210 586 284 625 jam
309 585 547 616 candelabrum
572 584 667 625 illud,
693 585 790 625 cujus

93 635 256 666 beneficio
286 641 419 676 emptus
443 640 529 673 erat,
551 634 695 665 numinis
713 635 789 665 loco

91 687 209 717 coluit.
253 687 402 717 Foemina
416 686 494 717 hinc
511 695 637 716 summa
658 685 788 716 labora·

91 738 150 768 bat
170 736 320 777 infamia,
339 737 476 778 ejusque
494 737 602 768 virum
619 736 661 767 ob
677 735 789 767 defor-

92 788 243 818 mitatem
271 788 332 819 hoc
358 788 611 828 Epigrammate
635 786 790 825 deridet3

91 844 127 868 et
159 838 256 868 simul
279 838 418 879 jocatur
449 838 561 870 Poeta
590 837 622 868 in
653 838 790 868 Prome-

92 889 205 920 theum
224 889 280 930 qui
297 889 462 920 hominem
489 897 507 918 e
532 889 603 919 luto
629 886 790 918 formavit

92 940 267 979 pulchrum
296 944 330 970 et
359 943 560 978 venustum3
586 938 673 980 quod
699 937 789 968 idem

93 989 150 1020 ille
167 990 280 1020 ebrius
298 994 331 1020 et
351 990 384 1020 in
412 989 644 1020 Saturnalibus
662 989 789 1029 Clesip-

93 1049 171 1079 pum
209 1040 383 1080 gibberem
418 1039 610 1081 faedumque
648 1045 788 1080 aspectu

92 1089 241 1121 finxerit.
267 1091 348 1121 Rad.

135 1141 240 1171 Epic..
267 1148 454 1171 cnxxxni.
499 1140 631 1171 Homeri
649 1139 706 1179 Β.]
741 1140 789 1170 Ο-

92 1191 267 1230 pusculum
291 1190 332 1221 de
360 1199 512 1221 ranarum
536 1200 611 1221 cum
637 1190 788 1220 muribus

90 1249 216 1281 pugna,
242 1240 329 1281 quod
349 1241 501 1282 plerique
515 1240 668 1271 Homero
693 1240 788 1279 abju-

88 1290 216 1322 dicant.

133 1344 149 1372 1
174 1339 406 1381 IlIoeonio,85c.]
432 1340 582 1371 Maeonia
597 1340 787 1372 oriundum.

90 1391 179 1422 Vide
191 1391 368 1422 Plutarch.
385 1391 444 1422 lib.
462 1390 503 1421 de
521 1391 680 1422 Homero.

130 1444 149 1472 2
175 1440 377 1480 Etfrontem]
394 1441 439 1470 Et
453 1440 620 1481 uiolento,
639 1441 788 1482 aequiore

90 1493 201 1524 animo
223 1493 270 1523 his
287 1493 367 1523 meis
385 1493 514 1524 veniam
532 1493 638 1524 dabis.
684 1494 789 1532 Nugis

89 1545 202 1574 solvere
217 1543 298 1574 disce
314 1543 405 1583 meis]
438 1544 529 1585 Lips.
547 1544 603 1575 lib.
624 1547 652 1575 1.
677 1545 789 1585 Epist.

91 1594 221 1625 Quaest.
237 1597 267 1624 5.
298 1603 340 1623 ex
366 1593 554 1634 Anglicano
575 1595 660 1625 libro
676 1604 789 1626 emen-

90 1643 265 1683 datforiiS,
282 1643 313 1674 id
329 1648 392 1683 est,
407 1644 610 1685 quisquiliis.

133 1693 239 1724 Erro.
258 1702 433 1724 ctxxxrw
479 1696 494 1724 1
521 1695 563 1724 Et
578 1695 711 1734 Priami,
723 1694 789 1735 ἐξα]

94 1743 139 1774 Et
157 1743 322 1784 Odyssea.

134 1794 411 1826 Emmcmtxxv.
458 1797 472 1825 1
500 1795 649 1835 Culicem]
680 1795 791 1836 Virgi-

89 1844 213 1874 lianum
242 1845 447 1884 poematium
467 1855 551 1885 esse,
574 1856 671 1877 nemo
688 1856 787 1878 sanus

89 1894 152 1925 ibit
165 1900 344 1934 negatum:
369 1895 427 1926 sed
456 1896 529 1928 JOS.
551 1897 707 1937 Scaliger
724 1899 788 1930 Cu—

88 1944 187 1974 licem
219 1945 350 1984 Virgilii
382 1955 447 1975 non
477 1947 584 1986 pueri,
607 1948 664 1978 sed
688 1949 787 1988 plane

90 1995 153 2025 viri
169 2000 204 2026 et
228 1996 348 2026 maturi
372 1995 461 2036 ἁδροῦ
481 1996 532 2027 καὶ
554 1997 675 2028 τελείου
702 2009 786 2039 opus

90 2054 175 2084 esse,
209 2055 251 2076 ex
281 2047 444 2078 Suetonio
474 2047 518 2078 de
556 2049 628 2079 vita
660 2049 785 2080 Lucani

90 2094 235 2126 nondum
256 2096 349 2127 edito
364 2096 556 2136 confirmat,
575 2099 786 2140 rationesque

89 2145 185 2176 addit
198 2151 264 2176 tam
281 2151 405 2185 cerum,
422 2152 460 2178 ut
470 2148 622 2188 quemvis
638 2147 735 2180 facile
753 2150 786 2180 in

91 2195 294 2226 sententiam
313 2197 434 2228 trahat.
459 2197 539 2228 Rau.

133 2248 154 2275 2
178 2245 228 2276 Ne
245 2246 337 2285 nugis
347 2247 471 2287 positis]
495 2248 547 2279 Ne
561 2258 661 2279 vaces
678 2249 787 2288 gravi·

91 2294 206 2324 oribus
229 2295 349 2326 studiis
371 2306 431 2336 per
447 2298 651 2338 Saturnalia,
669 2298 787 2340 quibus

91 2346 297 2377 conveniunt
310 2356 408 2386 nugae
425 2347 510 2379 istae.

135 2398 241 2428 Erro.
271 2405 447 2428 chxxvr.
509 2402 524 2429 l
559 2400 660 2435 Quam
688 2400 788 2432 brevis

91 2450 282 2485 immensum,
311 2447 382 2487 ἐγὼ]
416 2449 424 2464 ‘
440 2448 556 2480 Prima
578 2450 725 2489 tnl›ella,’
751 2451 788 2482 τὸ

90 2501 209 2540 πρῶτον
227 2499 370 2539 πτυχίον,
390 2499 532 2540 primum
552 2499 685 2532 folium:
710 2502 787 2533 hinc

92 2550 245 2581 Isidorus
273 2549 356 2580 folia
389 2550 552 2581 librorum
584 2550 678 2582 dicta
714 2561 787 2583 esse

92 2601 222 2640 scribit,
247 2601 255 2617 ‘
271 2599 361 2641 quod
386 2609 427 2631 ex
452 2599 585 2630 follibus
600 2600 735 2641 fierent,
755 2602 787 2633 id

94 2657 158 2690 est,
174 2661 216 2682 ex
234 2650 402 2691 pellibuS‚'
430 2661 503 2691 quae
520 2650 562 2681 de
579 2651 696 2682 occisis
720 2653 788 2683 ani·

93 2701 233 2732 malibus
249 2701 380 2732 detrahi
395 2701 518 2732 solent:
543 2701 592 2732 sic
617 2707 652 2733 et
681 2703 788 2743 pugil-

94 2752 181 2782 lares
207 2752 362 2792 componi
390 2751 543 2782 solebant
569 2761 610 2782 ex
636 2752 788 2792 pluribus

558 187 830 219 MAR'rlALIS
864 189 1023 219 EPlGR.
1061 191 1150 220 [An.
1185 191 1291 220 xiv.

1425 181 1536 223 1455

840 283 986 322 tabellis,
1012 294 1084 325 quae
1111 284 1228 324 πτυχία
1256 284 1375 316 dicunt
1397 284 1534 316 Graeci:

838 334 914 365 hinc
930 333 1064 373 δίπτυχα
1083 337 1301 374 vocabantur,
1325 344 1400 376 quae
1418 344 1461 365 ex
1477 335 1536 366 du-

840 385 919 425 plici
936 385 1060 416 tabella
1077 386 1291 417 constabant.
1337 385 1449 416 Latini
1474 385 1537 415 eti-

840 445 892 466 am
910 435 1106 476 ‘duplices’
1126 437 1264 474 dixere3
1288 441 1323 467 et
1340 436 1349 453 ‘
1364 435 1536 476 triplices‚’

840 497 913 528 quae
943 497 985 518 ex
1014 487 1134 525 tribus,
1161 488 1223 519 &e
1247 486 1445 527 πολύπτυχα,
1463 496 1536 528 quae

840 549 881 570 ex
896 539 1059 579 pluribus.
1105 540 1275 570 Martialis
1298 540 1340 571 de
1366 540 1540 580 pugillari·

840 589 902 620 bus
914 590 1040 629 citreis,
1052 589 1110 621 lib.
1123 592 1172 620 14.
1189 590 1358 629 Epigram.
1377 593 1408 621 3.
1430 592 1439 607 ⁴
1458 592 1539 621 Sec·

842 645 878 672 ta
893 640 956 670 nisi
973 640 1004 670 in
1019 644 1139 671 tenues
1157 650 1304 671 essemus
1322 640 1413 681 ligna
1429 640 1537 671 tabel-

841 691 900 729 las,
934 691 1092 722 Essemus
1125 690 1244 731 Libyci
1279 690 1391 721 nobile
1428 690 1539 722 dentis

841 740 948 781 opus.'
994 741 1183 782 Pugillares
1208 751 1288 782 ergo
1312 741 1360 772 illi
1381 740 1478 772 citrei
1496 751 1538 772 ex

841 792 956 823 multis
972 792 1147 824 sectilibus
1173 791 1319 829 tabellis,
1335 792 1397 823 hoc
1412 797 1474 831 est,
1490 792 1539 823 fo-

841 843 895 874 liis
919 843 1040 883 ligneis
1077 843 1246 883 compacti
1280 848 1387 883 erant,
1419 844 1538 876 eadem

841 894 940 934 plane
964 893 1084 933 forma,
1109 904 1176 934 qua
1193 899 1227 925 et
1244 895 1425 934 pugillares
1450 895 1540 926 dele-

842 944 908 975 titii
934 944 1054 984 nostri,
1081 944 1198 984 quibus
1219 945 1318 976 hodie
1344 946 1481 984 utimur,
1504 951 1539 977 et

841 996 850 1012 ‘
865 995 1027 1026 tabletas’
1051 1005 1221 1034 vocamus,
1236 997 1332 1037 quasi
1349 1006 1472 1037 parvas
1490 1002 1539 1027 ta·

841 1044 947 1075 bulas.
983 1044 1118 1075 Salmas.
1163 1045 1361 1084 Immensum,
1376 1045 1445 1086 lisa]
1484 1045 1537 1076 An

840 1095 953 1134 operis
983 1094 1249 1134 magnitudinem
1274 1097 1439 1136 respicit?
1485 1095 1538 1126 An

842 1144 961 1175 Poetae
973 1145 1120 1175 divinam
1135 1146 1367 1186 majestatem?

883 1197 902 1225 2
926 1195 1028 1235 Ipsius
1040 1196 1153 1234 vultus,
1166 1196 1236 1236 Era]
1273 1196 1536 1238 Frontispicium

840 1244 942 1274 habet
955 1244 1134 1283 imaginem
1152 1246 1299 1286 Virgilii.

884 1295 991 1325 Erro.
1007 1304 1195 1327 chxxvn.
1241 1300 1257 1327 1
1284 1297 1459 1338 Ηιεε,8)ἐ.]
1475 1298 1540 1329 Ρο-

841 1349 906 1375 test
938 1345 1003 1385 legi
1031 1350 1067 1376 et
1091 1346 1168 1384 Hic,
1191 1346 1224 1377 id
1248 1352 1311 1387 est,
1335 1348 1538 1379 Menander.

841 1395 985 1426 Primum
999 1396 1087 1435 lusit]
1110 1397 1206 1427 Inter
1227 1402 1369 1428 caeteras
1385 1399 1540 1429 meretri·

841 1455 895 1476 ces
913 1447 1071 1487 princeps
1087 1447 1188 1478 Thais
1204 1454 1355 1479 amantes
1381 1459 1455 1481 suos
1480 1449 1537 1480 de-

840 1497 941 1527 lusit:
981 1499 989 1514 ‘
1007 1497 1149 1537 primum
1185 1498 1290 1537 lusit‚’
1327 1499 1359 1529 id
1398 1504 1462 1539 est,
1498 1499 1539 1530 τὰ

839 1549 954 1587 πρῶτα,
970 1548 1078 1588 prima
1099 1549 1131 1579 in
1150 1554 1223 1579 arte
1240 1550 1435 1581 meretricia
1450 1551 1540 1582 obti-

841 1598 914 1629 nuit
935 1598 1046 1636 Thais,
1066 1599 1113 1629 ita
1139 1604 1175 1629 ut
1197 1609 1276 1630 vere
1294 1601 1455 1632 meretrix
1472 1601 1540 1633 dici

841 1654 1050 1680 mereretur:
1076 1659 1139 1680 non
1163 1650 1312 1691 γλυκερὰ,
1336 1652 1370 1682 id
1395 1656 1457 1692 est,
1481 1652 1539 1683 be—

840 1700 954 1739 nigna,
977 1700 1094 1738 comis,
1122 1710 1187 1731 non
1203 1702 1356 1742 molesta,
1381 1712 1444 1732 non
1461 1712 1538 1743 pro·

839 1760 914 1789 cax,
928 1750 988 1781 sed
1005 1752 1013 1767 ‘
1030 1760 1109 1781 vere
1125 1751 1256 1792 amica,'
1270 1752 1334 1782 hoc
1351 1757 1416 1790 est,
1431 1762 1538 1783 merea

839 1802 919 1839 trix,
946 1811 1020 1841 quae
1053 1806 1201 1832 amantes
1222 1811 1299 1832 suos
1329 1802 1458 1841 eludat,
1481 1812 1537 1832 ex-

839 1851 968 1889 cludat,
992 1857 1141 1889 revocet,
1159 1852 1366 1893 intercipiat.
1402 1854 1539 1886 Peticus.

838 1902 964 1932 Verum
993 1902 1184 1933 Gronovius
1204 1913 1244 1934 eo
1262 1904 1360 1934 modo
1376 1905 1538 1945 exponit:

839 1951 930 1988 Hoec,
947 1961 992 1983 sc.
1008 1962 1074 1983 non
1096 1962 1178 1983 vera
1197 1954 1372 1992 meretrix,
1389 1964 1450 1986 nec
1468 1955 1540 1986 sola

840 2012 981 2041 persona
1012 2003 1141 2034 comica
1171 2004 1339 2043 Thaidos3
1372 2005 1430 2036 sed
1469 2005 1540 2045 illa,

840 2063 914 2093 quae
967 2054 998 2083 in
1047 2054 1206 2086 lemmate
1255 2055 1431 2095 designata
1475 2061 1539 2095 est,

837 2103 1042 2134 ‘Menandri
1072 2104 1195 2142 Thais‚'
1219 2115 1278 2136 seu
1305 2110 1378 2136 tota
1411 2104 1540 2145 fabula,

836 2154 962 2191 Tanis,
988 2154 1176 2194 inscripta:
1200 2159 1238 2185 ut
1262 2154 1392 2185 Andria
1415 2156 1541 2186 Teren-

838 2204 888 2235 tii.
934 2205 983 2235 Ea
998 2204 1101 2244 igitur
1113 2205 1227 2244 Thais,
1241 2205 1422 2235 Menandri
1440 2205 1537 2237 fabu-

837 2255 870 2286 la
906 2255 1140 2294 celeberrima,
1184 2256 1193 2271 ‘
1208 2255 1350 2295 primum
1396 2256 1537 2287 lascivos

838 2315 968 2336 amores
989 2306 1154 2346 juvenum
1171 2304 1274 2345 lusit‚'
1297 2306 1360 2336 hoc
1386 2312 1449 2346 est,
1471 2307 1538 2347 pri-

837 2367 927 2388 mum
957 2357 990 2387 in
1016 2367 1116 2388 scena
1142 2356 1296 2388 exhibuit
1312 2361 1346 2388 et
1362 2359 1537 2389 materiam

838 2409 1010 2440 comoediae
1037 2408 1120 2440 fecit
1148 2414 1316 2440 amantem
1340 2409 1536 2441 adolescen-

838 2465 917 2492 tem.
961 2459 1137 2500 Significat
1167 2461 1281 2501 itaque
1309 2461 1535 2493 Menandrum

839 2517 1012 2542 auctorem
1051 2520 1124 2541 esse
1159 2520 1254 2542 novae
1293 2512 1488 2552 Comoediae,
1517 2521 1536 2542 a

838 2561 968 2591 Thaide
996 2560 1219 2600 auspicatum.
1264 2561 1340 2593 Jam
1372 2561 1458 2602 quod
1483 2571 1534 2592 se-

840 2611 976 2651 quitur:
1001 2610 1099 2641 ‘Nec
1132 2610 1304 2650 G1yeere‚'
1336 2611 1394 2642 sed
1433 2613 1535 2643 ‘vere

837 2661 960 2700 Thais,’
985 2664 1049 2692 διο.
1090 2661 1124 2692 Si
1155 2671 1251 2701 roges
1291 2661 1425 2701 iterum,
1460 2672 1533 2704 qnae

837 2711 959 2742 Thais?
993 2711 1204 2752 respondebo
1228 2723 1234 2743 ι
1274 2721 1339 2742 non
1378 2712 1534 2753 profecto

841 2761 919 2801 alia,
934 2771 1031 2802 quam
1057 2762 1114 2793 illa
1130 2762 1203 2802 ipsa
1220 2761 1414 2801 Comoedia;
1437 2763 1533 2804 cujus
