1866 3131
235 171 349 212 1400

234 284 445 316 quaecunque
463 284 584 316 pueros
610 274 731 306 flentes
748 276 940 307 iracundos-

239 335 305 366 que
323 325 473 366 placant.

278 378 299 405 6
324 375 393 405 Nou
410 378 453 405 est
467 375 532 405 haec
547 375 654 414 tussis,
667 376 737 416 Sym]
760 377 849 407 Vide
864 378 943 418 Epi-

238 433 343 464 gram.
358 428 410 456 40.
426 425 481 456 lib.
499 427 530 456 2.
545 435 632 457 vers.
649 429 679 456 3.
698 433 732 457 et
746 430 777 458 8.

280 476 382 506 Eme.
396 484 570 507 Lxxxwr.
594 479 612 507 3
626 476 764 508 Seclarz's
774 488 862 515 anus,
873 478 942 518 ἅμ]

237 526 285 556 Ut
312 536 354 555 ex
381 526 445 557 hoc
475 536 581 567 opere
607 528 737 558 victum
768 529 942 568 quaeriteS.

236 575 360 607 Juven.
376 576 449 607 Sat.
465 579 595 608 chrS.
613 580 665 608 38.

280 627 384 658 Eme.
411 636 599 659 Lxxxvul.
634 631 654 659 4
676 628 820 659 Ventrem
845 629 942 667 dixit,

237 677 307 717 ξω]
347 678 423 710 Qua
437 678 644 718 imprudenti
661 679 878 710 excusatione
892 678 941 710 fa-

238 728 378 759 tebatur
395 739 430 759 se
449 729 520 769 pati
536 730 686 767 solitum,
704 738 770 759 non
788 739 899 768 agere.

281 780 386 811 Eme.
400 789 558 811 Lxxmx.
576 784 592 811 1
608 782 748 812 Intactas
762 792 866 822 quare,
876 781 944 821 85⁶]

238 829 458 861 Amatoribus
474 832 599 871 quippe
617 832 784 872 gratiores
794 833 944 871 corollae,

241 889 315 919 quae
331 881 454 911 amicas
469 882 564 922 quasi
578 883 711 914 olerent
725 889 759 914 et
771 889 945 923 saperent,

240 939 341 970 quam
368 941 442 971 quae
475 938 649 963 recentem
677 935 848 973 spirarent
879 933 944 964 fra-

239 981 431 1019 grantiam:
478 981 567 1013 unde
598 983 672 1014 istae
715 984 942 1014 meretriculae

239 1035 380 1061 vexatas
395 1033 538 1063 corollas
555 1039 591 1064 et
605 1043 703 1073 poma
719 1035 840 1065 adrosa
854 1045 945 1066 arna-

240 1080 374 1111 toribus
404 1082 541 1113 mittere
585 1084 753 1115 solebant.
802 1086 943 1116 Luc-ian.

241 1130 391 1162 Toxatis.
436 1132 616 1165 Amatores
641 1144 723 1166 vero
750 1138 894 1167 corollas
911 1143 945 1167 et

239 1190 334 1212 rosas
346 1181 379 1212 in
392 1183 506 1214 limine
521 1185 702 1215 amicarum
718 1186 883 1227 dissipare
895 1196 946 1217 so·

239 1231 360 1263 lebant
377 1238 481 1274 atque
496 1235 699 1276 relinquere,
710 1246 810 1276 quum
825 1237 870 1267 ibi
889 1237 946 1268 diu

241 1282 495 1314 excubuissent.
521 1284 625 1316 Ovid.
641 1285 698 1316 lib.
713 1288 744 1316 3.
760 1298 946 1325 ματαιστεχ-

240 1332 315 1363 νίας.
362 1334 371 1350 ‘
388 1335 462 1364 Nec
491 1344 551 1365 sua
575 1335 750 1376 frangetur
780 1344 947 1368 nocturna

233 1381 341 1421 janua
355 1383 440 1422 rixa,
451 1384 576 1424 Sparso
593 1394 655 1416 nec
669 1386 819 1417 invenies
833 1388 946 1419 limine

241 1441 339 1463 mane
356 1433 453 1464 rosa)
491 1434 556 1464 sed
571 1435 760 1475 etjanuam
777 1439 946 1470 ornabant

242 1481 334 1512 hisce
352 1483 434 1513 rosis
451 1489 487 1514 et
500 1485 645 1517 corollis,

288 1532 466 1565 Eme-xc.
499 1537 517 1565 3
540 1536 583 1566 Et
611 1536 670 1566 tibi
697 1538 848 1578 Maeom'o,
875 1539 945 1579 Era]

244 1583 291 1613 Et
317 1583 377 1613 tibi
399 1586 505 1624 magis
535 1587 647 1625 placet
665 1587 879 1628 dissolutum,
895 1600 946 1620 as-

242 1643 374 1673 perum,
384 1642 417 1665 et
430 1636 554 1667 humile
567 1638 690 1668 Lucilii
703 1649 761 1669 seu
773 1641 947 1680 negligen-

242 1685 286 1715 tis
314 1686 453 1717 alterius
480 1688 671 1729 cujuspiam
710 1696 745 1721 et
787 1692 948 1723 lutulenti

242 1736 354 1777 poe'tae
371 1738 530 1778 Carmen,
546 1749 647 1781 quam
670 1742 790 1781 altum,
807 1743 950 1783 grande,

244 1797 401 1818 sonorum
444 1789 598 1821 Homeri.
658 1791 746 1822 Vide
801 1793 948 1824 Cerealii

244 1837 360 1877 Epigr.
377 1841 408 1869 2.
426 1838 485 1870 lib.
505 1840 736 1881 Anthologiae,
752 1852 826 1882 cap.
843 1846 896 1875 46.
914 1849 950 1875 et

243 1887 421 1928 Antipatri
437 1889 500 1929 Ep.
515 1900 590 1930 cap.
604 1894 658 1922 47.

285 1940 305 1967 4
329 1939 468 1970 Luceilei
482 1941 650 1980 columella,
666 1943 733 1983 δῖα]
753 1943 762 1960 ‘
780 1943 847 1974 Hic
865 1945 949 1976 situs

245 1993 296 2018 est
323 1989 570 2029 Metrophanes
597 1992 752 2022 columen
778 1992 949 2026 familiaet’

243 2047 362 2069 versus
380 2046 514 2079 partem
540 2042 625 2072 citat
642 2042 799 2074 Donatus
817 2044 858 2075 ad
884 2045 950 2075 Te-

245 2094 405 2121 rentium.

287 2143 305 2169 5
331 2139 567 2181 Attonitusque,
593 2142 660 2182 &c.]
697 2143 773 2174 Nec
798 2145 868 2175 sine
891 2145 949 2176 ad-

244 2189 424 2221 miratione
455 2191 538 2232 legis
568 2192 733 2223 Veterum
762 2194 948 2227 Poetarum

245 2239 382 2271 duriora
397 2241 502 2272 verba
527 2246 562 2273 et
587 2242 730 2284 hiantia,
750 2246 861 2286 qualia
876 2247 949 2278 haec

242 2291 376 2322 &terrai
419 2291 600 2333 frugiferai
613 2293 622 2307 '
662 2303 705 2325 ex
743 2296 950 2328 resolutione

246 2340 461 2382 diphthongi.

289 2394 308 2421 8
332 2391 386 2431 St]
415 2392 497 2431 Alii,
518 2394 562 2423 m'.
585 2392 668 2433 Alii,
691 2394 773 2426 nisi:
795 2397 887 2437 quasi
904 2396 952 2428 di-

246 2445 323 2471 cat:
350 2442 393 2471 Et
413 2447 525 2474 tamen
550 2443 606 2484 qui
632 2443 772 2476 affectas
795 2448 949 2489 antiquo-

249 2500 323 2522 rum
341 2492 456 2531 verba,
480 2494 586 2524 uteris
605 2497 831 2535 praesentibus
850 2500 948 2530 mori-

247 2540 321 2571 bus.
346 2542 412 2574 Qui
427 2543 551 2581 probas
562 2543 682 2575 durum
697 2546 855 2586 Carmen,
867 2550 948 2578 mol-

245 2591 324 2622 liter
349 2592 445 2631 vivis,
467 2599 503 2624 ut
527 2603 642 2625 versus
669 2595 733 2626 iste
749 2607 855 2636 metm,
872 2599 947 2630 Dis-

242 2650 377 2679 pweum,
403 2645 454 2681 irc.
485 2644 729 2684 compositione
758 2647 859 2679 durus
883 2654 948 2689 est,

249 2699 348 2721 sensu
365 2693 484 2725 mollis.

707 181 847 211 No'rAE
886 181 1143 211 VAlzioRUM
1181 174 1243 211 ω’

1036 276 1139 307 Erue.
1169 285 1239 307 xer.
1278 276 1409 306 Puellae
1433 275 1607 316 septennis
1629 274 1688 304 im-

993 332 1158 357 maturum
1175 327 1332 366 deplorat
1349 326 1471 365 fatum,
1484 332 1517 356 et
1531 324 1601 356 fato
1619 324 1690 354 tris-

995 377 1058 407 tius
1073 378 1179 408 morbi
1197 387 1315 417 genus.

1037 430 1050 458 l
1077 428 1221 458 AEolz‘don
1240 429 1372 466 Canace,
1388 427 1456 467 ξιτ]
1486 425 1690 457 AEolidarum

992 476 1127 508 samium
1170 488 1209 509 ac
1245 479 1397 518 generis:
1438 478 1577 517 vultque
1608 476 1691 505 hanc

994 528 1120 559 ducere
1138 529 1301 569 originem
1321 530 1360 559 ab
1378 529 1435 558 illa
1452 528 1588 558 Canace
1605 524 1693 556 I-Eoli

992 577 1073 617 filia,
1090 578 1133 609 de
1147 589 1212 619 qua
1226 578 1328 609 Ovid.
1345 579 1379 608 in
1396 577 1508 618 Epist.

1035 632 1054 659 2
1083 629 1218 668 Ultima]
1243 630 1438 670 septennis.

1036 682 1056 710 6
1079 679 1174 719 Lues]
1199 680 1694 720 Aphtha,cancer,mentagra.

995 729 1168 769 Epigram.
1185 732 1237 760 79.
1253 731 1313 761 lib.
1330 734 1360 760 1.

1036 781 1054 808 7
1079 779 1211 819 Ipsaque
1244 782 1392 818 crudeles,
1429 778 1499 819 ssa]
1538 777 1694 808 Crudelis

993 828 1130 859 morbus
1150 831 1255 870 serpit
1281 831 1465 871 exeditque
1482 839 1517 860 os
1533 829 1695 859 Canaces.

1039 883 1079 911 10
1102 880 1178 912 Alia
1202 881 1269 921 via]
1305 882 1358 913 Ne
1388 890 1506 912 vocem
1531 879 1695 910 interclu-

995 931 1128 962 derent.

1040 984 1077 1012 11
1103 982 1165 1013 Sed
1188 992 1268 1013 mors
1294 983 1385 1021 vocis,
1408 981 1476 1022 ἔξω]
1510 982 1609 1019 Quae,
1633 980 1696 1010 nisi

998 1032 1090 1063 vocis
1117 1042 1244 1072 organa
1273 1033 1393 1064 morbo
1423 1032 1568 1063 fuissent
1594 1032 1696 1061 inter-

998 1083 1104 1122 clusa,
1129 1084 1181 1113 vel
1205 1084 1294 1124 ipsas
1316 1083 1542 1115 inexorabiles
1566 1082 1695 1112 Parcas

997 1132 1088 1164 dulci
1108 1143 1189 1165 voce
1203 1134 1341 1166 flectere
1359 1135 1532 1165 voluisset.

1042 1184 1148 1215 Epio.
1174 1194 1264 1216 xcu.
1312 1189 1331 1216 2
1370 1183 1506 1224 Vitium]
1551 1183 1591 1214 In
1619 1182 1694 1212 abs-

1002 1238 1122 1273 tracto,
1137 1241 1173 1265 et
1191 1236 1390 1266 eminenter.

1041 1285 1269 1317 EPIG.XC111.
1305 1290 1320 1316 1
1351 1287 1452 1321 Vatis,
1475 1285 1543 1325 ira]
1577 1284 1696 1315 Poe'tae

998 1335 1144 1373 scilicet,
1173 1336 1231 1366 sed
1262 1336 1363 1367 mali:
1393 1337 1446 1367 cui
1477 1337 1556 1366 dum
1583 1335 1697 1365 incen-

998 1385 1091 1416 dium
1118 1386 1236 1417 domus
1256 1387 1437 1418 condolere
1469 1387 1616 1424 videtur,
1638 1395 1698 1425 per

997 1436 1276 1476 imprecationem
1295 1437 1451 1478 queritur
1473 1436 1563 1477 quod
1580 1445 1645 1466 non
1663 1442 1699 1467 et

998 1486 1072 1526 ipse
1099 1487 1255 1518 dominus
1282 1498 1349 1520 una
1372 1498 1445 1519 cum
1470 1487 1601 1518 aedibus
1624 1496 1700 1528 per-

997 1538 1086 1568 ierit.

1040 1590 1149 1620 EPIG.
1180 1598 1280 1620 xcrv.
1317 1591 1336 1619 2
1366 1588 1464 1628 Verpe
1485 1588 1578 1628 poeta
1599 1586 1699 1627 sapis]

997 1638 1131 1676 Judaee‚
1149 1640 1307 1670 recutite.
1344 1640 1490 1678 Verpus,
1505 1637 1701 1679 λεπόδερμος,

998 1690 1033 1720 in
1051 1689 1164 1721 Gloss.
1186 1691 1360 1730 Epigram.
1382 1693 1433 1720 81.
1451 1690 1508 1720 lib.
1525 1692 1556 1720 7.
1573 1696 1607 1719 et
1625 1698 1698 1730 quae

1001 1739 1041 1770 ad
1057 1739 1261 1771 ,Iuvenalem
1277 1741 1349 1771 sat.
1363 1743 1413 1771 14.
1430 1750 1517 1771 verS.
1540 1742 1612 1770 105.

1043 1794 1061 1821 3
1088 1792 1177 1827 Quod
1193 1796 1227 1822 tu
1242 1802 1308 1822 mea
1323 1792 1461 1822 carmina
1475 1789 1601 1830 carpas]
1629 1788 1699 1820 Au·

1001 1841 1142 1872 diendus
1167 1843 1220 1873 hic
1249 1843 1428 1873 Gruterus.
1467 1841 1622 1880 Compilas
1649 1849 1699 1871 re-

1001 1892 1113 1922 stituit
1135 1893 1161 1923 is
1187 1903 1227 1923 ex
1252 1893 1359 1923 tribus
1385 1891 1484 1923 codd.
1516 1891 1636 1921 Priora
1651 1890 1701 1920 sic

1001 1943 1050 1973 ait
1067 1950 1184 1973 extare
1200 1943 1232 1973 in
1258 1943 1333 1974 Pal.
1358 1944 1507 1982 optimo:
1531 1942 1610 1981 quod
1631 1951 1700 1971 cum

999 1993 1138 2023 carmina
1167 2003 1296 2033 corpas:
1325 2002 1426 2023 versu
1454 1991 1571 2029 debili,
1601 2000 1698 2031 quem

1001 2042 1142 2081 conjicit
1164 2043 1335 2082 suppleri:
1361 2042 1440 2082 quod
1460 2051 1527 2072 cum
1546 2050 1611 2071 mea
1632 2050 1699 2071 cur-

999 2093 1084 2122 mina
1108 2102 1225 2132 carpus.
1264 2092 1319 2123 Ita
1344 2098 1471 2127 autem,
1494 2097 1532 2122 ut
1548 2091 1604 2122 ille
1621 2101 1701 2122 con-

992 2144 1090 2183 jecit,
1106 2145 1239 2174 omuino
1256 2143 1398 2183 legimus
1415 2143 1448 2172 in
1465 2142 1531 2173 Ms.
1548 2141 1697 2172 Pii-chei-

1001 2195 1103 2225 meri:
1128 2195 1217 2234 quod,
1242 2204 1310 2224 cum
1333 2204 1399 2224 mea
1423 2193 1559 2224 carmina
1582 2201 1704 2232 carpus,

1004 2245 1181 2286 Compilas:
1206 2245 1239 2275 id
1265 2250 1330 2282 est,
1351 2254 1453 2285 quum
1482 2243 1619 2284 publice
1642 2244 1700 2274 illa

1001 2295 1243 2336 reprehendas,
1258 2296 1445 2326 clanculum
1468 2295 1643 2334 compilas,
1665 2298 1701 2324 et

1000 2347 1150 2386 integros
1189 2355 1230 2376 ex
1261 2346 1324 2377 illis
1361 2355 1475 2376 versus
1509 2342 1700 2375 suffuraris.

1005 2397 1142 2427 Gronov.
1172 2396 1261 2431 Quod
1276 2400 1310 2426 tu
1327 2406 1406 2434 mea,
1420 2394 1491 2435 ira]
1518 2395 1606 2430 Quod
1628 2396 1700 2425 dum

999 2457 1065 2477 mea
1081 2447 1221 2477 carmina
1236 2447 1351 2488 carpis,
1371 2446 1538 2486 CompilaS.
1560 2445 1594 2477 J.
1614 2445 1699 2476 Rut-

1000 2506 1090 2537 gers.

1042 2551 1060 2578 5
1087 2547 1231 2587 Solymis,
1246 2547 1316 2587 δικ]
1350 2546 1442 2578 Urbe
1463 2546 1595 2579 Judaeae
1610 2546 1698 2576 cele-

1000 2597 1156 2628 berrima.
1182 2597 1565 2637 Hierosolyma,s21em,
1581 2595 1698 2627 Jebus.

1042 2650 1060 2677 7
1089 2648 1168 2677 Ecce
1190 2657 1295 2685 negas,
1313 2647 1382 2686 ξιτ]
1409 2647 1483 2678 Erit
1506 2647 1620 2686 itaque
1643 2645 1697 2675 hic

999 2698 1118 2729 Poetae
1138 2706 1273 2728 sensus:
1298 2698 1373 2728 Scio
1392 2707 1452 2737 ego
1476 2706 1533 2728 vos
1557 2695 1697 2728 Judaeos
