1866 3131
391 180 438 208 M.
471 179 584 209 VAt..
619 178 898 209 MARTIAIAS
934 180 1093 210 EPIGR.
1128 180 1222 210 LlB.
1259 180 1350 210 ΧΗ.

184 274 204 300 6
233 271 344 311 Nocte]
376 273 499 303 Erebo.

183 326 202 351 8
230 323 270 352 Ee
288 333 346 353 uon
368 325 496 363 recenti,
519 324 588 364 ea]
613 324 658 354 Et
685 323 843 364 pallidior

141 379 314 404 marcente
332 374 435 404 buxo.

183 427 203 454 9
228 425 299 454 Irus
314 430 448 461 tuor-um,
467 425 535 465 ξω]
563 425 842 466 I‘aupermeudi-

141 485 211 505 cus.
230 476 344 515 Epigr.
361 478 413 507 39.
427 476 483 506 lib.
497 479 527 506 5.
545 485 631 506 vers.
649 479 678 506 9.

184 528 223 556 10
249 527 370 556 Clitum
398 526 581 566 Aricinum]
622 525 689 556 Ubi
722 525 843 556 sedent

141 576 301 607 mendici.
318 577 435 616 Epigr.
455 579 504 607 19.
521 576 578 607 lib.
598 579 629 608 2.
674 576 843 610 Quasidi-

140 633 210 663 cat,
231 627 362 658 diceres
380 627 552 658 mendicos
571 637 684 658 onmes
697 637 739 657 ex
756 628 842 658 colle

141 678 294 716 Aricino,
310 679 366 709 ubi
392 677 655 718 frequentissimi
684 682 841 719 spectan-

142 736 210 767 tur,
228 729 293 760 alio
311 729 499 760 discedere.

185 783 220 809 ll
251 779 360 819 Tripes
387 778 556 818 grabatus]
594 778 691 810 Pede
722 788 841 809 carens

142 838 221 859 uuo.

185 883 222 910 13
248 879 402 919 Meiebae]
434 880 480 910 Et
498 880 572 920 ipsa
588 878 776 911 diffluebat.

185 933 222 960 14
249 930 525 969 Focumferentis,
550 929 618 970 ἐξα]
644 931 767 962 Cervix
793 930 840 961 tui

138 978 280 1010 ferentis
292 980 400 1010 focum
411 980 549 1010 suberat
561 981 729 1021 amphora*
742 990 840 1022 quam

139 1031 241 1070 capiti
267 1031 454 1071 impositam
484 1032 636 1069 gerebas.
681 1034 767 1062 Sunt
785 1033 841 1073 qui

140 1082 318 1121 legendum
347 1073 560 1112 contendunt
596 1083 672 1114 Falco
706 1084 840 1114 virenti:

138 1132 194 1162 sed
215 1131 290 1161 vide
304 1133 375 1163 Sat.
393 1135 424 1164 3.
437 1133 516 1164 Juv.
533 1143 620 1164 vers.
637 1136 710 1164 250.

184 1187 221 1215 15
250 1185 382 1225 Gerres]
409 1186 632 1216 Locustarum
661 1196 774 1226 genus,
807 1191 841 1217 et

137 1234 215 1264 iude
233 1235 361 1266 minuta
378 1236 592 1267 salsamenta.
617 1236 705 1266 Vide
722 1237 840 1276 Epigr.

137 1287 190 1314 77.
223 1285 281 1315 lib.
312 1288 341 1316 3.
375 1295 461 1316 vers.
493 1289 523 1315 7.
570 1286 708 1326 Mcvnas]
747 1287 841 1317 Viles

139 1335 330 1374 pisciculos.
379 1336 466 1367 Vide
485 1337 673 1377 Epig1·.31.
706 1337 763 1368 lib.
789 1340 840 1368 ll.

139 1397 225 1418 vers.
240 1390 290 1418 14.

182 1441 221 1469 16
244 1438 518 1479 1121p11dicus,zs·c.]
541 1439 656 1479 'Feter‚
670 1440 764 1470 olens
782 1449 842 1480 pu-

139 1488 263 1519 denda.

182 1542 221 1569 13
248 1539 338 1570 Casei
364 1539 553 1580 Tholosatis]
591 1540 688 1571 Casei
712 1549 730 1570 e
756 1540 841 1571 Tho—

139 1590 207 1619 losa
223 1588 361 1625 Gallim,
377 1590 432 1631 qui
451 1590 529 1619 mali
547 1595 600 1620 est
613 1590 755 1630 saporis.

183 1643 222 1670 19
247 1640 420 1675 Quadrima
435 1641 534 1680 nigri,
550 1641 619 1680 ξω]
645 1641 840 1672 Fasciculus

138 1691 266 1731 pulegii
294 1691 389 1726 aridi,
414 1698 450 1722 ut
477 1691 564 1733 quod
587 1696 674 1722 esset
692 1694 723 1722 4.
740 1701 842 1722 anno-

138 1751 223 1772 rum.

181 1794 222 1821 20
242 1792 402 1831 Culcoeque
417 1795 525 1831 restes,
539 1791 610 1832 fisa]
629 1792 798 1832 Colligata
810 1793 842 1822 in

139 1842 238 1871 restis
254 1840 395 1872 formam
422 1842 513 1879 allia,
535 1852 698 1883 eepaeque
716 1842 841 1883 glabrae

138 1897 173 1922 et
205 1892 300 1933 quasi
331 1893 457 1923 calvae:
483 1902 572 1933 ropes
593 1891 630 1931 os
648 1893 765 1930 oniam,
790 1895 842 1933 ᾅτ.

139 1942 192 1972 Au
210 1953 270 1973 usu
289 1944 388 1983 longo
403 1943 546 1974 detritas
563 1943 656 1974 vult?

180 1995 218 2023 21
246 1992 379 2032 Resina]
421 1993 498 2025 Qua
529 1994 641 2024 resina
679 1995 842 2025 utebatur

137 2043 296 2083 (tropacis
310 2044 383 2074 vice
396 2043 436 2074 ad
455 2053 490 2074 se
504 2044 716 2084 levigandam
734 2051 842 2076 mater

140 2093 308 2124 Vacerr‘ae.

179 2148 220 2175 22
245 2146 494 2186 Summoenianae,
516 2145 582 2185 ὅπη]
626 2146 841 2179 Meretrices.

142 2196 260 2234 Epigr.
279 2199 330 2226 82.
349 2196 406 2227 lib.
424 2199 454 2227 3.
473 2207 555 2228 vers.
572 2199 603 2227 2.

181 2249 220 2277 23
248 2247 332 2282 Quia
360 2249 472 2287 quoeris
508 2249 600 2286 oedes,
634 2248 704 2288 ἃς]
751 2249 840 2281 Quid

139 2297 263 2337 quaeris
292 2298 404 2328 villam
430 2298 511 2337 ruri,
539 2298 633 2339 quasi
659 2299 841 2330 lautiorum

139 2357 231 2377 more
250 2357 310 2386 per
327 2352 481 2378 aestatem
499 2348 725 2379 rusticaturus
738 2349 806 2380 sis?

179 2400 219 2427 21
249 2397 406 2428 Habitare
419 2398 541 2438 gratis]
568 2398 719 2438 Ipsemet
737 2409 842 2440 expo-

138 2450 202 2486 uit,
234 2449 290 2479 ubi
327 2450 432 2487 gratis
463 2449 620 2480 habitare
647 2450 772 2490 possit:
807 2451 840 2481 in

138 2507 241 2541 ponte
266 2501 396 2531 scitii-et
423 2510 498 2530 cum
537 2510 639 2540 grege
670 2501 841 2532 mendico-

138 2561 224 2588 rum,
237 2551 292 2591 qui
307 2551 426 2580 nullam
439 2551 573 2581 solvunt
587 2551 628 2581 de
641 2557 742 2592 ponte
760 2561 840 2592 pen-

138 2602 276 2632 sionem.

179 2655 220 2682 25
246 2651 358 2691 Ponti]
381 2651 550 2683 Pontibus
565 2653 698 2683 scilicet
716 2658 750 2684 ct
767 2663 838 2683 cre-

138 2700 320 2741 pidinibus,
336 2711 410 2743 quae
428 2702 659 2733 mendicorum
682 2706 758 2732 suut
775 2707 839 2733 sta-

1457 165 1588 210 ‘1411

894 273 1014 304 tiones.
1039 274 1157 314 Epigr.
1174 279 1206 306 5.
1220 274 1277 306 lib.
1295 277 1346 305 10.
1363 283 1452 304 verS.
1471 277 1500 305 3.

937 324 1040 354 Epic.
1066 332 1205 355 xxxin.
1248 328 1268 356 2
1307 325 1367 355 Nil
1379 324 1440 355 nisi
1455 325 1597 366 ficetum,

892 373 962 413 δῖα]
1004 373 1109 404 Jocus
1140 380 1192 404 est
1226 375 1259 405 in
1290 375 1511 415 ambiguitate
1541 375 1596 406 τοῦ

891 423 900 439 ‘
919 422 1034 453 ficusx'
1059 434 1134 454 cuim
1163 424 1267 464 dicat,
1292 426 1443 456 Labieno
1463 434 1505 455 ex
1522 425 1596 455 lior-

894 473 937 503 tis
964 483 1142 514 superesse
1169 474 1241 506 ficis
1269 476 1435 507 consitum
1468 485 1597 515 agrum,

893 524 1053 565 intelligit
1085 534 1209 564 pueros
1230 536 1272 556 ex
1301 527 1449 568 nequitia
1465 525 1598 566 ficosos,

893 579 931 606 ut
945 575 1061 616 Epigr.
1079 579 1130 607 52.
1156 576 1212 607 lib.
1227 579 1259 608 4.
1283 584 1316 608 et
1336 578 1453 619 Epigr.
1471 581 1523 609 71.
1540 578 1598 609 lib.

893 629 923 657 7.
941 631 976 657 et
997 627 1110 667 Epigr.
1125 630 1175 658 66.
1194 627 1250 658 lib.
1266 630 1297 658 l.

935 677 1039 708 Epic..
1064 686 1197 708 xxxiv.
1244 677 1394 708 Nimium
1422 688 1516 709 usum
1548 677 1597 708 fa.

893 728 1072 767 miliarum,
1084 729 1257 760 molestias
1270 737 1402 766 creare,
1414 732 1449 759 et
1463 733 1597 768 pertur-

894 778 974 809 bere
990 779 1070 810 vitae
1098 779 1208 810 beatae
1234 778 1515 820 tranquillitatem
1538 780 1595 810 do-

894 832 961 859 cet.

935 883 953 909 5
979 879 1016 910 Si
1039 880 1181 919 calculus,
1204 878 1270 920 fisa]
1300 879 1334 910 Si
1362 885 1596 920 computemus

893 929 1011 961 felices
1041 935 1175 961 nostros
1199 930 1394 969 faustosqne
1421 930 1505 968 dies,
1530 940 1596 971 quo

893 990 985 1010 more
1010 991 1086 1011 suos
1117 985 1295 1010 numerant
1318 980 1465 1011 Thraces
1491 981 1599 1021 nigris

893 1031 1043 1071 albisque
1061 1031 1198 1072 lapillis.
1241 1030 1329 1061 Vide
1341 1031 1462 1071 Epigr.
1476 1034 1527 1062 45.
1541 1032 1598 1062 lib.

893 1085 922 1112 ὃ.
938 1092 1024 1113 vers.
1040 1086 1070 1113 2.

935 1136 952 1162 7
983 1132 1093 1163 Vmcet
1119 1132 1262 1171 candida,
1291 1131 1362 1172 aista]
1393 1132 1515 1162 Plures
1539 1142 1597 1172 ap-

894 1185 1062 1224 parebunt
1079 1182 1183 1214 fuisse
1200 1183 1277 1214 boni
1295 1183 1368 1213 dies
1385 1193 1482 1222 quam
1509 1183 1598 1214 mali.

937 1236 977 1264 10
1002 1234 1092 1263 Nulli
1107 1237 1139 1264 te
1154 1233 1271 1272 sacius,
1293 1233 1360 1272 4512]
1394 1234 1598 1271 Νεμεσσῶμαι

893 1282 924 1314 δὲ
941 1283 989 1314 καὶ
1005 1283 1092 1322 ἄλλῳ
1109 1283 1209 1323 Ἀνδρὶ
1225 1282 1380 1322 ξεινοδόκῳ
1400 1283 1432 1314 ὅς
1455 1283 1484 1314 κ’
1503 1283 1598 1323 ἔξοχα

892 1334 948 1373 μὲν
959 1334 1245 1376 φιλέῃσιν,”Εξοχα
1260 1335 1285 1365 δ’
1310 1334 1496 1376 ἐχθαίρῃσιν·
1512 1335 1595 1372 ἀμεί-

893 1399 933 1418 νω
948 1387 974 1417 δ’
989 1388 1094 1425 αἴσιμα
1115 1386 1227 1419 πάντα.
1273 1387 1451 1418 Menelaus
1475 1387 1516 1418 ad
1532 1388 1595 1418 Te-

894 1438 1081 1468 lemachum
1099 1437 1209 1479 Odys.
1228 1437 1274 1468 O.

936 1489 1039 1519 Eme.
1072 1497 1202 1519 xxxvi.
1249 1487 1429 1519 Labullum
1466 1487 1528 1519 sibi
1553 1488 1595 1518 (le

891 1538 1100 1569 liberalitate
1128 1538 1358 1569 blandientem
1389 1543 1492 1578 negat
1519 1549 1594 1569 esse

891 1588 1067 1619 liberalem
1082 1599 1090 1628 ;
1107 1590 1261 1630 quamvis
1272 1599 1388 1620 onmes
1400 1590 1450 1620 sui
1463 1594 1593 1629 tempo—

892 1640 936 1669 ris
962 1649 1080 1669 avaros
1105 1645 1245 1680 superet
1270 1639 1513 1679 munificentia,
1538 1641 1596 1670 im-

892 1700 1006 1730 parem
1025 1694 1138 1720 tamen
1165 1699 1237 1720 esse
1265 1699 1341 1720 eum
1366 1690 1486 1730 priscis
1511 1689 1595 1720 Ma>-

891 1741 1071 1772 cenatibus
1102 1750 1180 1772 vere
1206 1740 1362 1780 benignis
1388 1745 1423 1770 et
1447 1740 1595 1771 liberali-

892 1792 966 1822 bus.
1011 1792 1125 1822 Malos
1143 1792 1279 1822 vincere
1302 1791 1467 1831 bonitate,
1491 1797 1595 1831 negat

891 1853 964 1874 esse
982 1842 1204 1882 praeelai·um;
1229 1841 1287 1872 sed
1310 1841 1391 1881 ipsis
1408 1842 1501 1872 bonis
1519 1852 1594 1872 esse

892 1894 1078 1930 meliorem,
1093 1891 1271 1933 pulchrum
1290 1891 1387 1922 dicit.
1415 1892 1494 1923 Rad.

935 1946 950 1974 1
976 1943 1103 1983 Libras]
1130 1942 1286 1983 Argenti.

935 1997 954 2025 2
979 1994 1211 2034 Algentemque,
1239 1992 1308 2033 esta]
1343 1993 1486 2023 Tritani.
1525 1993 1594 2024 1„ae-

890 2044 976 2085 nam]
1001 2044 1132 2076 Graecis
1164 2044 1291 2074 dicitur
1324 2044 1453 2083 χλαῖνα,
1491 2045 1594 2075 vestis

891 2106 966 2137 quae.
987 2101 1072 2135 togae
1086 2095 1250 2135 injicitur.

933 2149 951 2177 3
976 2145 1140 2185 Aureolos]
1174 2145 1319 2184 Aureus,
1345 2154 1484 2183 quorum
1508 2153 1592 2174 unus

891 2197 1036 2227 denariis
1061 2199 1113 2226 25.
1143 2196 1290 2226 valebat.
1338 2195 1423 2225 Vide
1453 2195 1511 2225 lit).
1544 2198 1593 2225 10.

891 2246 1064 2285 Epigram.
1086 2248 1139 2275 75.
1187 2244 1383 2285 Crepuuteis]
1418 2245 1592 2284 Epigram.

890 2299 942 2327 20.
961 2296 1016 2326 lib.
1033 2300 1061 2327 5.
1080 2305 1165 2326 vers.
1182 2299 1213 2326 4.

933 2350 952 2378 4
978 2347 1064 2378 Duas
1088 2345 1266 2386 Kalendas]
1304 2347 1456 2377 Duorum
1474 2346 1593 2375 mensi-

891 2409 945 2429 um
961 2399 1095 2427 diretam
1110 2401 1143 2427 et
1162 2397 1300 2427 victum.

933 2454 951 2481 7
979 2450 1124 2490 Optimus
1158 2449 1322 2489 malornm]
1361 2450 1446 2481 Cum
1481 2451 1591 2480 avaris

891 2503 1045 2538 collatus,
1060 2500 1184 2531 videris
1201 2500 1377 2531 munificus
1390 2511 1398 2539 ς
1413 2502 1503 2531 iuter
1515 2510 1591 2530 ava-

892 2562 945 2583 ros
959 2551 1094 2592 quidem
1113 2561 1147 2582 es
1163 2551 1430 2591 liberalissimus,
1447 2554 1455 2568 ‘
1471 2551 1590 2591 Neque

890 2604 976 2632 enim
1017 2602 1149 2632 bonitas
1188 2601 1266 2639 est‚’
1303 2602 1410 2643 inquit
1446 2602 1589 2639 Seneca,

888 2656 896 2670 ⁴
912 2652 1063 2693 pessimis
1079 2662 1151 2682 esse
1168 2652 1366 2684 meliorem!
1412 2653 1521 2693 Epist.
1535 2656 1589 2684 79.

931 2705 950 2735 8
975 2702 1116 2742 Pisones,
1141 2702 1344 2744 Senecasque,
1371 2704 1590 2744 Memmiosque
