1866 3131
238 134 349 175 1282

238 240 539 281 Satyrograplium.
586 239 674 271 Vide.
694 240 784 281 Lips.
802 241 866 280 Ep.
883 243 936 270 20.

237 291 471 324 Quaestionum
489 292 547 322 lib.
562 294 592 322 1.

281 344 299 373 3
318 342 459 383 Pyladen
482 342 597 373 odisset
623 343 763 384 Orestes]
786 342 936 373 Adblan-

236 391 330 423 ditur
354 392 465 431 nimis,
489 393 628 434 Pylades
652 395 763 424 odisset
796 394 937 431 Oresten,

237 452 313 484 quae
330 446 381 473 est
398 443 566 482 scriptura
581 443 694 474 Palat.
739 444 802 474 Vel
821 443 935 484 pueris

236 498 318 524 nota
333 494 406 525 haec
422 494 605 525 amicorum
621 494 730 535 paria.

278 549 297 576 5
335 545 456 577 Siculos
483 547 617 586 fratres,
647 547 716 588 ἔξω]
749 547 933 588 Amphino-

239 605 329 627 mum
344 601 381 628 et
394 596 577 639 Ampium,
593 599 722 630 Catana
738 599 864 630 Siciliae
878 608 936 639 op-

235 646 316 686 pido
328 647 500 687 oriundos,
513 647 637 680 fratres
648 650 790 681 invicem
803 650 934 688 charos,

234 705 317 737 erga
335 704 513 737 parentem
528 700 612 740 pios.
657 701 714 732 De
740 700 860 742 quibus
875 700 934 731 Se-

233 756 320 778 neca
341 750 370 778 3.
396 747 438 779 de
454 749 575 781 Benef.
592 761 666 791 cap.
685 754 734 781 17.
757 751 880 782 Strabo
898 752 935 782 li-

234 797 296 828 bro
311 801 342 829 6.
359 797 534 831 Plutarch.
571 800 669 832 Orat.
695 800 738 831 ad
763 800 935 841 Apolloni-

237 858 307 889 um,
318 850 430 890 Silius,
444 853 508 883 ἃς.

276 903 297 931 6
319 900 413 932 Ledae
433 902 547 943 genus]
570 903 746 934 Castorem
769 907 804 934 et
821 903 935 934 Pollu-

236 961 321 983 cem.

277 1007 297 1034 8
318 1004 474 1042 Utfacias
490 1005 580 1044 illud,
605 1004 674 1045 ⁸5⁶]
698 1005 706 1021 ‘
722 1006 863 1037 Haereat
887 1006 934 1036 in-

235 1055 391 1095 guinibus
413 1064 548 1095 semper
576 1060 646 1086 tam
667 1057 768 1087 noxia
795 1056 934 1098 lingua,’

232 1108 297 1137 διο.
314 1106 432 1146 Epigr.
449 1109 502 1137 61.
518 1106 574 1137 lib.
589 1110 621 1138 2.

275 1157 379 1188 Epic..
395 1166 484 1189 xxv·
502 1161 521 1189 2
538 1158 715 1198 Cerussata,
727 1158 797 1199 lgm]
814 1159 934 1190 Cerus-

235 1218 271 1240 sa
286 1209 454 1248 exposita.

277 1262 295 1290 3
319 1258 419 1299 Salis]
442 1259 591 1299 Ingenii,
617 1259 773 1299 argutiae,
797 1259 931 1290 urbani-

235 1308 327 1340 tatis.

233 1359 326 1391 tatis.

276 1413 294 1440 5
311 1410 378 1441 Nec
392 1410 491 1449 cibus,
508 1409 574 1450 Syn]
588 1410 634 1440 Ut
646 1408 744 1440 acida
759 1413 884 1440 acuunt
898 1413 933 1441 et

232 1460 370 1491 irritant
387 1461 595 1492 stomachum
609 1471 617 1499 ς
633 1460 681 1491 ita
698 1460 825 1491 acriter
839 1460 933 1492 dicta

231 1512 377 1542 invitant
394 1513 569 1543 lectorem.

276 1567 297 1595 6
321 1565 389 1595 Nec
401 1568 495 1603 grata
512 1566 557 1594 est
565 1563 680 1603 facies,
695 1564 762 1604 ξω]
788 1563 931 1595 Qualem

232 1615 283 1646 ori
306 1615 449 1655 gratiam
474 1614 604 1645 addunt
627 1623 720 1653 rugae
745 1615 811 1644 illae
842 1614 932 1644 inter

231 1664 408 1695 ridendum
438 1669 646 1696 contractae:
672 1665 739 1695 talc
756 1664 932 1704 Epigram-

230 1716 313 1746 mati
327 1715 427 1746 decus
440 1714 571 1746 addunt
582 1725 657 1756 quae
671 1715 772 1745 risum
784 1719 931 1745 movent.

231 1766 321 1796 Vel:
345 1766 394 1797 Ut
417 1766 527 1796 minus
558 1770 655 1806 grata
671 1771 721 1796 est
743 1764 859 1804 facies,
876 1765 930 1796 cui

230 1816 356 1847 ridenti
370 1816 469 1847 deest
485 1817 581 1847 Deus
599 1817 800 1847 Gelasimus:
826 1817 873 1847 ita
894 1821 931 1848 et

230 1867 474 1906 Epigrammati
493 1867 583 1907 perit
600 1872 773 1907 venustaS,
795 1866 821 1897 si
842 1866 929 1897 absit

229 1918 449 1949 mordacitas.

273 1972 292 2000 7
320 1969 444 2006 Infanti
461 1968 612 1999 melimela
627 1969 710 2007 clato,
723 1967 791 2007 ssa]
812 1967 928 1998 Infan-

230 2017 321 2048 t-ibus
337 2018 467 2049 mellita
487 2027 547 2048 seu
571 2022 702 2048 mustea
720 2027 819 2057 poma
835 2017 929 2055 dato,

228 2073 264 2099 et
289 2073 431 2109 propter
461 2068 675 2099 dulcedinem
705 2067 867 2107 insipidas
890 2066 928 2098 fi-

229 2128 309 2157 cus;
334 2119 430 2159 quasi
459 2119 574 2150 dicat:
601 2118 742 2148 Insulsis
766 2118 928 2158 placeant

230 2169 486 2209 Epigrammata
507 2168 628 2206 dulcia,
651 2172 686 2198 et
706 2177 770 2198 nec
795 2168 929 2208 ingenio

229 2228 292 2250 nec
309 2219 500 2250 acerbitate
526 2218 685 2250 condita:
714 2218 792 2248 mihi
818 2219 930 2258 placet

230 2270 449 2310 Epigramma
464 2269 600 2309 salsum,
617 2278 708 2309 acre,
723 2268 875 2308 mordax,
893 2273 930 2300 et

229 2321 437 2362 piperatum.

272 2375 292 2402 8
311 2372 388 2406 Quoe
403 2371 502 2410 novit,
523 2370 592 2411 gu]
616 2370 716 2401 Ficus
741 2370 838 2407 Chia,
852 2381 927 2412 quae

230 2423 334 2454 salem
351 2428 387 2454 et
399 2422 513 2453 vinum
532 2422 633 2463 sapit.
651 2421 860 2463 Epigramm.
874 2424 927 2454 23.

229 2474 288 2506 lib.
307 2477 358 2505 13.

272 2526 377 2557 Eme.
397 2533 500 2556 xxvr.
529 2523 737 2565 Apollinaris
760 2524 815 2554 hic
830 2528 928 2555 extra

229 2578 335 2608 aleam
356 2587 496 2616 magnus
513 2576 692 2617 clarusque
711 2577 761 2607 vir
781 2580 878 2613 erat;
902 2575 928 2605 si

229 2627 331 2659 modo
348 2628 375 2658 is
394 2632 458 2667 est,
474 2627 515 2658 ad
533 2636 631 2666 quem
648 2626 795 2657 Secundi
811 2626 928 2665 legun-

231 2684 286 2708 tur
303 2678 470 2717 epistolae.
515 2677 758 2708 Doctissimum
782 2676 928 2707 eundem

229 2726 331 2758 fuisse
348 2731 485 2759 constat
510 2736 550 2757 ex
576 2727 640 2758 hoc
658 2726 837 2764 Carmine3
861 2735 927 2768 quo

379 1308 492 1349 fellis]
521 1309 584 1340 Am
591 1309 777 1346 audentia),
803 1310 932 1340 acerbi-

704 144 843 174 NoTAE
879 143 1139 174 VARmRUM
1177 144 1224 173 ΙΝ

990 244 1135 270 testatur
1165 240 1252 270 hunc
1280 239 1426 280 aliquam
1453 238 1686 279 Epigramma·

990 297 1058 321 trun
1076 300 1210 321 suorum
1228 296 1359 330 partem
1386 300 1482 321 esse:
1507 296 1687 331 monetque

989 342 1187 373 Scazontem
1205 351 1313 379 suum,
1338 340 1537 371 Iambumve
1562 341 1688 371 claudi-

989 400 1135 429 cantem,
1149 397 1187 422 ut
1203 391 1237 422 in
1260 392 1367 422 sinum
1383 391 1590 431 Apollinaris
1608 400 1686 421 con-

987 443 1107 484 fugiat,
1123 443 1179 474 nbi
1196 447 1306 474 tutum
1322 441 1397 473 fore
1413 442 1533 473 librum
1550 442 1686 483 pollice-

987 500 1053 526 tur.
1079 495 1160 525 Rad.

1031 548 1046 576 1
1072 543 1302 584 Apollinarem]
1334 543 1388 574 Ad
1427 542 1570 574 eundem
1606 543 1686 583 Epi-

988 605 1129 636 gramm.
1146 598 1198 626 87.
1212 595 1269 626 lib.
1287 597 1318 626 4.
1355 593 1486 634 Scazon]
1504 594 1621 635 Epigr.
1635 596 1687 625 97.

985 647 1045 679 lib.
1064 649 1093 678 1.

1027 700 1047 728 2
1080 698 1127 728 Et
1149 697 1175 727 si
1202 696 1333 736 vacabit,
1356 695 1425 736 ζα]
1453 695 1521 727 Sed
1545 698 1684 736 captato

986 754 1154 788 oportuno
1171 753 1338 789 tempore.

1029 800 1047 828 3
1067 798 1164 836 Cujtts
1179 799 1281 839 aliqua
1294 808 1368 838 pars
1390 798 1454 838 ipse
1469 796 1529 838 est]
1555 796 1685 828 Limam

985 848 1163 888 adhibens,
1217 848 1412 887 emendam,
1466 848 1688 887 interpolans,

986 904 1120 939 partem
1144 899 1248 929 habet
1276 899 1308 929 iu
1331 897 1393 929 hoc
1408 898 1634 939 qualicunque
1651 907 1687 928 o·

986 960 1080 991 pere.

1028 1006 1046 1032 5
1067 1001 1159 1041 Tota]
1176 1001 1283 1032 Plane
1300 1001 1379 1031 laeta
1395 1006 1429 1031 et
1443 999 1598 1039 benigna.

1029 1053 1133 1083 Eme..
1152 1060 1270 1083 xxvtt.
1295 1055 1310 1082 1
1331 1052 1434 1082 Tuscoe
1457 1050 1593 1090 glandis,
1615 1049 1686 1090 Syru]

986 1102 1120 1134 Glande
1158 1107 1273 1142 pastus
1318 1102 1351 1132 in
1396 1112 1477 1142 agro
1514 1102 1685 1132 Tuscano.

985 1153 1064 1185 llice
1090 1153 1202 1193 multu]
1225 1152 1350 1193 Sagina
1374 1158 1409 1184 et
1436 1152 1643 1194 pinguedine
1666 1161 1686 1182 a

984 1204 1119 1244 glande.

1027 1258 1046 1285 2
1072 1255 1185 1285 AEtolae
1199 1254 1303 1293 sama,
1335 1253 1405 1294 ge]
1443 1252 1684 1295 Magnitudine

984 1307 1158 1346 proximus
1175 1315 1258 1346 apro
1273 1305 1334 1345 illi,
1360 1315 1457 1346 quem
1476 1305 1562 1336 irata
1575 1306 1685 1335 Diana

983 1356 1017 1387 in
1058 1358 1247 1388 AEtolorum
1286 1366 1383 1397 agros
1422 1356 1584 1387 immisit:
1624 1355 1684 1388 lib.

984 1408 1101 1448 Spect.
1118 1411 1170 1439 15.

1027 1461 1045 1489 3
1076 1457 1224 1498 Cuspide]
1248 1457 1437 1488 Venabulo.
1482 1459 1620 1499 Dexter]
1652 1458 1683 1490 A

983 1519 1049 1551 quo
1067 1509 1214 1539 occisum
1232 1513 1267 1538 et
1280 1508 1399 1539 Poetae
1417 1508 1552 1540 missum
1570 1510 1684 1550 arguit

984 1569 1178 1600 supremum
1196 1559 1378 1591 distichon.

1026 1614 1046 1642 4
1076 1611 1235 1642 Invidiosa
1255 1609 1354 1651 focis]
1385 1610 1523 1650 Opima,
1552 1610 1605 1641 cui
1630 1611 1683 1641 vel

983 1661 1126 1692 invideri
1145 1662 1271 1701 possit3
1301 1665 1420 1701 utpote
1438 1660 1566 1701 majori,
1582 1671 1682 1702 quam

983 1721 1059 1742 mea
1073 1711 1163 1742 ferat
1179 1711 1340 1743 conditio.

1017 1767 1035 1795 5
1058 1763 1278 1803 Pinguescant,
1297 1762 1364 1803 ἐξα]
1391 1763 1504 1794 Uncta
1529 1771 1625 1792 coena
1647 1766 1683 1793 et

983 1813 1076 1844 lauta
1092 1814 1281 1845 instruatur
1309 1813 1350 1844 ob
1374 1814 1529 1853 pinguem
1547 1822 1684 1853 aprum;

982 1865 1118 1896 rideant
1164 1870 1304 1905 penates
1349 1865 1491 1903 madidi,
1531 1864 1683 1905 ebriique

981 1916 1081 1946 lares.
1113 1916 1195 1946 Rad.
1243 1915 1390 1955 Penates]
1415 1916 1482 1948 Qui
1502 1916 1605 1955 juxta
1631 1914 1680 1945 fo-

981 1975 1068 2000 cum,
1085 1966 1138 1995 vel
1152 1965 1253 1997 aedeS.
1298 1965 1543 2005 Metonymice.

1023 2015 1160 2055 6Jugo]
1184 2016 1297 2056 Sylva.
1325 2016 1571 2056 Hyper-bolice.
1617 2015 1683 2045 Vel

981 2064 1093 2105 lignis,
1110 2066 1376 2106 Synecdocffice,
1401 2076 1418 2096 e
1442 2066 1677 2106 montisjugo:

983 2116 1024 2146 ad
1042 2126 1161 2157 aprum
1179 2117 1249 2148 scil.
1265 2117 1455 2147 assandum.

1025 2169 1043 2197 7
1076 2167 1136 2198 Sed
1163 2177 1287 2207 coquus,
1320 2167 1390 2207 ζα]
1426 2166 1494 2198 Sed
1526 2166 1681 2206 impensa

983 2217 1164 2248 condiendi
1180 2217 1357 2258 superabit
1372 2216 1555 2248 facultates
1571 2226 1680 2255 meas;

983 2267 1088 2298 satius
1105 2268 1219 2308 itaque
1232 2273 1282 2298 est
1296 2272 1334 2298 ut
1348 2268 1518 2299 remittam
1531 2268 1680 2304 Dextro,

982 2318 1047 2348 nisi
1074 2316 1164 2349 forte
1189 2323 1225 2349 et
1253 2318 1309 2348 ille
1333 2318 1413 2348 mihi
1440 2317 1500 2348 hos
1523 2322 1678 2357 sumptus

982 2368 1193 2408 suppeditet.

1023 2421 1042 2448 8
1060 2418 1180 2449 Arcano
1200 2420 1303 2458 mista,
1318 2419 1384 2460 ἱμκ]
1405 2418 1566 2449 Interiori
1587 2419 1679 2449 meli-

981 2469 1096 2509 orique
1119 2479 1212 2509 garo,
1240 2470 1329 2511 qnod
1360 2469 1505 2500 admisto
1532 2470 1676 2500 Falerno

980 2519 1159 2550 dicebatur
1190 2530 1397 2561 oenogarum.
1441 2519 1529 2550 Vide
1560 2520 1676 2559 Epigr.

980 2575 1033 2604 93.
1043 2572 1141 2603 lib.(i.
1154 2582 1239 2604 vers.
1251 2575 1283 2603 6.
1293 2577 1325 2603 et
1339 2572 1398 2604 lib.
1409 2574 1459 2603 13.
1472 2570 1677 2612 Epigramm.

980 2626 1032 2655 82.
1050 2627 1085 2654 et
1102 2625 1174 2654 102.

1023 2677 1042 2704 9
1062 2674 1102 2704 Te
1118 2684 1176 2704 non
1192 2674 1275 2713 capit
1290 2673 1389 2713 ignis]
1413 2673 1538 2704 Nostra
1564 2672 1675 2702 culina

979 2725 1117 2766 frugalis
1135 2733 1198 2755 non
1214 2731 1266 2756 est
1296 2725 1462 2756 instructa
1484 2728 1536 2755 tot
1561 2723 1674 2754 condi-
