<?xml version="1.0" encoding="UTF-8"?>
<!DOCTYPE html PUBLIC "-//W3C//DTD XHTML 1.0 Transitional//EN"
    "http://www.w3.org/TR/xhtml1/DTD/xhtml1-transitional.dtd">
<html xmlns="http://www.w3.org/1999/xhtml" xml:lang="en" lang="en">
 <head>
  <title>
</title>
<meta http-equiv="Content-Type" content="text/html;charset=utf-8" />
  <meta name='ocr-system' content='tesseract 3.04.00' />
  <meta name='ocr-capabilities' content='ocr_page ocr_carea ocr_par ocr_line ocrx_word'/>
</head>
<body>
  <div class='ocr_page' id='page_1' title='image "./epigrammataexedi03martuoft_0227.png"; bbox 0 0 1866 3131; ppageno 0'>
   <div class='ocr_carea' id='block_1_1' title="bbox 403 215 1343 253">
    <p class='ocr_par' dir='ltr' id='par_1_1' title="bbox 403 215 1343 253">
     <span class='ocr_line' id='line_1_1' title="bbox 403 215 1343 253; baseline 0.001 -3"><span class='ocrx_word' id='word_1_1' title='bbox 403 222 451 250; x_wconf 88' lang='lat' dir='ltr'><strong>M.</strong></span> <span class='ocrx_word' id='word_1_2' title='bbox 487 220 597 250; x_wconf 66' lang='lat' dir='ltr'><strong>VM..</strong></span> <span class='ocrx_word' id='word_1_3' title='bbox 629 215 901 248; x_wconf 73' lang='lat' dir='ltr'>MARTIALIS</span> <span class='ocrx_word' id='word_1_4' title='bbox 937 217 1098 249; x_wconf 77' lang='lat' dir='ltr'><strong>EPIGR.</strong></span> <span class='ocrx_word' id='word_1_5' title='bbox 1134 220 1226 249; x_wconf 70' lang='lat' dir='ltr'><strong>[AB.</strong></span> <span class='ocrx_word' id='word_1_6' title='bbox 1260 220 1343 253; x_wconf 82' lang='lat' dir='ltr'><strong>vll.</strong></span> 
     </span>
    </p>
   </div>
   <div class='ocr_carea' id='block_1_2' title="bbox 138 314 852 2834">
    <p class='ocr_par' dir='ltr' id='par_1_2' title="bbox 154 314 852 558">
     <span class='ocr_line' id='line_1_2' title="bbox 157 314 852 355; baseline -0.001 -8"><span class='ocrx_word' id='word_1_7' title='bbox 157 317 294 347; x_wconf 75' lang='lat' dir='ltr'>Electra</span> <span class='ocrx_word' id='word_1_8' title='bbox 309 326 423 348; x_wconf 66' lang='lat' dir='ltr'><strong>sorore</strong></span> <span class='ocrx_word' id='word_1_9' title='bbox 441 316 620 355; x_wconf 79' lang='lat' dir='ltr'><strong>subducto,</strong></span> <span class='ocrx_word' id='word_1_10' title='bbox 647 319 681 346; x_wconf 87' lang='lat' dir='ltr'><strong>et</strong></span> <span class='ocrx_word' id='word_1_11' title='bbox 703 324 721 345; x_wconf 91' lang='lat' dir='ltr'><strong>a</strong></span> <span class='ocrx_word' id='word_1_12' title='bbox 737 314 852 355; x_wconf 78' lang='lat' dir='ltr'><strong>paeda-</strong></span> 
     </span>
     <span class='ocr_line' id='line_1_3' title="bbox 157 368 852 408; baseline -0.001 -10"><span class='ocrx_word' id='word_1_13' title='bbox 157 377 242 408; x_wconf 75' lang='lat' dir='ltr'><strong>gogo</strong></span> <span class='ocrx_word' id='word_1_14' title='bbox 271 368 302 398; x_wconf 94' lang='lat' dir='ltr'><strong>in</strong></span> <span class='ocrx_word' id='word_1_15' title='bbox 327 368 511 399; x_wconf 80' lang='lat' dir='ltr'>Phocidem</span> <span class='ocrx_word' id='word_1_16' title='bbox 527 368 658 399; x_wconf 83' lang='lat' dir='ltr'><strong>sublato</strong></span> <span class='ocrx_word' id='word_1_17' title='bbox 673 379 682 406; x_wconf 89' lang='lat'>;</span> <span class='ocrx_word' id='word_1_18' title='bbox 700 368 786 398; x_wconf 88' lang='lat' dir='ltr'><strong>unde</strong></span> <span class='ocrx_word' id='word_1_19' title='bbox 803 376 852 397; x_wconf 84' lang='lat' dir='ltr'><strong>re-</strong></span> 
     </span>
     <span class='ocr_line' id='line_1_4' title="bbox 156 417 850 458; baseline 0.001 -12"><span class='ocrx_word' id='word_1_20' title='bbox 156 427 283 456; x_wconf 85' lang='lat' dir='ltr'><strong>versus,</strong></span> <span class='ocrx_word' id='word_1_21' title='bbox 299 418 416 448; x_wconf 87' lang='lat' dir='ltr'><strong>matris</strong></span> <span class='ocrx_word' id='word_1_22' title='bbox 437 417 530 448; x_wconf 71' lang='lat' dir='ltr'><strong>carde</strong></span> <span class='ocrx_word' id='word_1_23' title='bbox 549 418 652 458; x_wconf 80' lang='lat' dir='ltr'><strong>pati-is</strong></span> <span class='ocrx_word' id='word_1_24' title='bbox 669 418 716 448; x_wconf 91' lang='lat' dir='ltr'><strong>sui</strong></span> <span class='ocrx_word' id='word_1_25' title='bbox 734 427 850 448; x_wconf 86' lang='lat' dir='ltr'>necem</span> 
     </span>
     <span class='ocr_line' id='line_1_5' title="bbox 155 467 850 506; baseline 0.001 -9"><span class='ocrx_word' id='word_1_26' title='bbox 155 467 257 506; x_wconf 63' lang='lat' dir='ltr'><strong>ultim,</strong></span> <span class='ocrx_word' id='word_1_27' title='bbox 274 478 401 498; x_wconf 86' lang='lat' dir='ltr'><strong>rursum</strong></span> <span class='ocrx_word' id='word_1_28' title='bbox 418 468 578 499; x_wconf 87' lang='lat' dir='ltr'><strong>exulavit.</strong></span> <span class='ocrx_word' id='word_1_29' title='bbox 624 468 762 498; x_wconf 84' lang='lat' dir='ltr'>Electra</span> <span class='ocrx_word' id='word_1_30' title='bbox 786 468 850 498; x_wconf 89' lang='lat' dir='ltr'><strong>Eu—</strong></span> 
     </span>
     <span class='ocr_line' id='line_1_6' title="bbox 154 517 470 558; baseline 0.006 -11"><span class='ocrx_word' id='word_1_31' title='bbox 154 517 219 557; x_wconf 88' lang='lat' dir='ltr'><strong>rip.</strong></span> <span class='ocrx_word' id='word_1_32' title='bbox 236 524 270 548; x_wconf 92' lang='lat' dir='ltr'><strong>et</strong></span> <span class='ocrx_word' id='word_1_33' title='bbox 283 518 470 558; x_wconf 83' lang='lat' dir='ltr'><strong>Sophoclis.</strong></span> 
     </span>
    </p>

    <p class='ocr_par' dir='ltr' id='par_1_3' title="bbox 147 568 850 903">
     <span class='ocr_line' id='line_1_7' title="bbox 199 568 848 608; baseline 0.002 -10"><span class='ocrx_word' id='word_1_34' title='bbox 199 572 237 599; x_wconf 84' lang='lat'><strong>10</strong></span> <span class='ocrx_word' id='word_1_35' title='bbox 263 568 418 608; x_wconf 57' lang='lat' dir='ltr'><strong>Damam]</strong></span> <span class='ocrx_word' id='word_1_36' title='bbox 456 568 591 599; x_wconf 87' lang='lat' dir='ltr'><strong>Orestis</strong></span> <span class='ocrx_word' id='word_1_37' title='bbox 614 572 650 599; x_wconf 91' lang='lat' dir='ltr'><strong>et</strong></span> <span class='ocrx_word' id='word_1_38' title='bbox 680 568 848 599; x_wconf 81' lang='lat' dir='ltr'><strong>Caesonii:</strong></span> 
     </span>
     <span class='ocr_line' id='line_1_8' title="bbox 154 619 850 660; baseline 0.001 -10"><span class='ocrx_word' id='word_1_39' title='bbox 154 619 271 650; x_wconf 86' lang='lat' dir='ltr'><strong>Ovidii</strong></span> <span class='ocrx_word' id='word_1_40' title='bbox 289 625 324 650; x_wconf 88' lang='lat' dir='ltr'><strong>et</strong></span> <span class='ocrx_word' id='word_1_41' title='bbox 342 619 492 660; x_wconf 74' lang='lat' dir='ltr'><strong>Pyladis.</strong></span> <span class='ocrx_word' id='word_1_42' title='bbox 536 619 649 659; x_wconf 86' lang='lat' dir='ltr'><strong>Majus</strong></span> <span class='ocrx_word' id='word_1_43' title='bbox 670 624 706 650; x_wconf 93' lang='lat' dir='ltr'><strong>tu</strong></span> <span class='ocrx_word' id='word_1_44' title='bbox 733 619 850 651; x_wconf 86' lang='lat' dir='ltr'><strong>discri-</strong></span> 
     </span>
     <span class='ocr_line' id='line_1_9' title="bbox 152 670 848 711; baseline 0.001 -12"><span class='ocrx_word' id='word_1_45' title='bbox 152 678 228 700; x_wconf 85' lang='lat' dir='ltr'><strong>men</strong></span> <span class='ocrx_word' id='word_1_46' title='bbox 247 670 371 709; x_wconf 78' lang='lat' dir='ltr'><strong>adiisti,</strong></span> <span class='ocrx_word' id='word_1_47' title='bbox 386 680 405 700; x_wconf 92' lang='lat' dir='ltr'><strong>o</strong></span> <span class='ocrx_word' id='word_1_48' title='bbox 428 670 544 709; x_wconf 84' lang='lat' dir='ltr'><strong>Ovidi,</strong></span> <span class='ocrx_word' id='word_1_49' title='bbox 560 679 658 711; x_wconf 90' lang='lat' dir='ltr'><strong>quam</strong></span> <span class='ocrx_word' id='word_1_50' title='bbox 677 670 848 710; x_wconf 81' lang='lat' dir='ltr'><strong>Pylades:</strong></span> 
     </span>
     <span class='ocr_line' id='line_1_10' title="bbox 150 719 850 761; baseline 0.004 -12"><span class='ocrx_word' id='word_1_51' title='bbox 150 719 206 749; x_wconf 91' lang='lat' dir='ltr'><strong>ille</strong></span> <span class='ocrx_word' id='word_1_52' title='bbox 224 729 259 751; x_wconf 88' lang='lat' dir='ltr'><strong>se</strong></span> <span class='ocrx_word' id='word_1_53' title='bbox 277 720 393 750; x_wconf 81' lang='lat' dir='ltr'>Oresti</span> <span class='ocrx_word' id='word_1_54' title='bbox 410 721 481 751; x_wconf 90' lang='lat' dir='ltr'><strong>sine</strong></span> <span class='ocrx_word' id='word_1_55' title='bbox 497 720 649 761; x_wconf 85' lang='lat' dir='ltr'><strong>periculo</strong></span> <span class='ocrx_word' id='word_1_56' title='bbox 665 730 770 761; x_wconf 82' lang='lat' dir='ltr'>prope</span> <span class='ocrx_word' id='word_1_57' title='bbox 794 722 850 752; x_wconf 87' lang='lat' dir='ltr'><strong>ad-</strong></span> 
     </span>
     <span class='ocr_line' id='line_1_11' title="bbox 147 770 848 809; baseline 0.004 -10"><span class='ocrx_word' id='word_1_58' title='bbox 147 770 263 809; x_wconf 82' lang='lat' dir='ltr'><strong>junxit</strong></span> <span class='ocrx_word' id='word_1_59' title='bbox 278 771 456 801; x_wconf 83' lang='lat' dir='ltr'><strong>comitem:</strong></span> <span class='ocrx_word' id='word_1_60' title='bbox 483 775 518 802; x_wconf 92' lang='lat' dir='ltr'><strong>tu</strong></span> <span class='ocrx_word' id='word_1_61' title='bbox 535 771 730 802; x_wconf 80' lang='lat' dir='ltr'><strong>damnatum</strong></span> <span class='ocrx_word' id='word_1_62' title='bbox 743 781 762 802; x_wconf 90' lang='lat' dir='ltr'><strong>a</strong></span> <span class='ocrx_word' id='word_1_63' title='bbox 775 772 848 803; x_wconf 79' lang='lat' dir='ltr'><strong>Cae-</strong></span> 
     </span>
     <span class='ocr_line' id='line_1_12' title="bbox 149 822 848 864; baseline 0.004 -13"><span class='ocrx_word' id='word_1_64' title='bbox 149 830 225 852; x_wconf 84' lang='lat' dir='ltr'><strong>sare</strong></span> <span class='ocrx_word' id='word_1_65' title='bbox 241 822 472 854; x_wconf 88' lang='lat' dir='ltr'><strong>crudelissimo</strong></span> <span class='ocrx_word' id='word_1_66' title='bbox 489 832 554 854; x_wconf 91' lang='lat' dir='ltr'><strong>non</strong></span> <span class='ocrx_word' id='word_1_67' title='bbox 568 822 731 854; x_wconf 76' lang='lat' dir='ltr'>dubitasti</span> <span class='ocrx_word' id='word_1_68' title='bbox 743 824 848 864; x_wconf 87' lang='lat' dir='ltr'><strong>sequi.</strong></span> 
     </span>
     <span class='ocr_line' id='line_1_13' title="bbox 151 872 233 903; baseline 0.012 -1"><span class='ocrx_word' id='word_1_69' title='bbox 151 872 233 903; x_wconf 76' lang='lat' dir='ltr'><strong>Rad.</strong></span> 
     </span>
    </p>

    <p class='ocr_par' dir='ltr' id='par_1_4' title="bbox 149 925 848 1067">
     <span class='ocr_line' id='line_1_14' title="bbox 194 925 848 966; baseline 0.003 -12"><span class='ocrx_word' id='word_1_70' title='bbox 194 927 230 954; x_wconf 90' lang='lat' dir='ltr'><strong>ll</strong></span> <span class='ocrx_word' id='word_1_71' title='bbox 264 925 412 965; x_wconf 85' lang='lat' dir='ltr'><strong>Neronis]</strong></span> <span class='ocrx_word' id='word_1_72' title='bbox 443 925 673 957; x_wconf 81' lang='lat' dir='ltr'><strong>erudelissimi</strong></span> <span class='ocrx_word' id='word_1_73' title='bbox 702 925 848 966; x_wconf 81' lang='lat' dir='ltr'>tyranni,</span> 
     </span>
     <span class='ocr_line' id='line_1_15' title="bbox 150 975 846 1017; baseline 0.004 -13"><span class='ocrx_word' id='word_1_74' title='bbox 150 979 184 1005; x_wconf 79' lang='lat' dir='ltr'><strong>et</strong></span> <span class='ocrx_word' id='word_1_75' title='bbox 201 975 294 1014; x_wconf 88' lang='lat' dir='ltr'><strong>cujus</strong></span> <span class='ocrx_word' id='word_1_76' title='bbox 323 976 355 1006; x_wconf 89' lang='lat' dir='ltr'><strong>in</strong></span> <span class='ocrx_word' id='word_1_77' title='bbox 379 986 477 1007; x_wconf 83' lang='lat' dir='ltr'><strong>manu</strong></span> <span class='ocrx_word' id='word_1_78' title='bbox 500 981 573 1007; x_wconf 90' lang='lat' dir='ltr'><strong>erat</strong></span> <span class='ocrx_word' id='word_1_79' title='bbox 597 981 631 1007; x_wconf 87' lang='lat' dir='ltr'><strong>te</strong></span> <span class='ocrx_word' id='word_1_80' title='bbox 656 976 846 1017; x_wconf 86' lang='lat' dir='ltr'><strong>repetiisse,</strong></span> 
     </span>
     <span class='ocr_line' id='line_1_16' title="bbox 149 1025 738 1067; baseline 0.008 -14"><span class='ocrx_word' id='word_1_81' title='bbox 149 1025 238 1064; x_wconf 92' lang='lat' dir='ltr'><strong>quod</strong></span> <span class='ocrx_word' id='word_1_82' title='bbox 257 1026 518 1065; x_wconf 78' lang='lat' dir='ltr'><strong>Clytemuaestra</strong></span> <span class='ocrx_word' id='word_1_83' title='bbox 534 1036 599 1057; x_wconf 91' lang='lat' dir='ltr'><strong>non</strong></span> <span class='ocrx_word' id='word_1_84' title='bbox 615 1027 738 1067; x_wconf 84' lang='lat' dir='ltr'><strong>potuit.</strong></span> 
     </span>
    </p>

    <p class='ocr_par' dir='ltr' id='par_1_5' title="bbox 143 1076 846 1471">
     <span class='ocr_line' id='line_1_17' title="bbox 190 1076 846 1117; baseline 0.003 -11"><span class='ocrx_word' id='word_1_85' title='bbox 190 1076 293 1106; x_wconf 67' lang='lat' dir='ltr'><strong>Epic.</strong></span> <span class='ocrx_word' id='word_1_86' title='bbox 320 1085 417 1107; x_wconf 72' lang='lat' dir='ltr'><strong>XLVI.</strong></span> <span class='ocrx_word' id='word_1_87' title='bbox 455 1080 470 1107; x_wconf 94' lang='lat' dir='ltr'><strong>l</strong></span> <span class='ocrx_word' id='word_1_88' title='bbox 509 1078 742 1117; x_wconf 76' lang='lat' dir='ltr'><em>Commendare,</em></span> <span class='ocrx_word' id='word_1_89' title='bbox 777 1077 846 1117; x_wconf 53' lang='grc' dir='ltr'><strong>δῖα]</strong></span> 
     </span>
     <span class='ocr_line' id='line_1_18' title="bbox 146 1126 845 1167; baseline 0.003 -11"><span class='ocrx_word' id='word_1_90' title='bbox 146 1126 282 1157; x_wconf 84' lang='lat' dir='ltr'>Priscus</span> <span class='ocrx_word' id='word_1_91' title='bbox 300 1127 470 1167; x_wconf 86' lang='lat' dir='ltr'><strong>pollicitus</strong></span> <span class='ocrx_word' id='word_1_92' title='bbox 486 1127 599 1160; x_wconf 88' lang='lat' dir='ltr'><strong>fuerat</strong></span> <span class='ocrx_word' id='word_1_93' title='bbox 614 1129 760 1160; x_wconf 78' lang='lat' dir='ltr'>Martiali</span> <span class='ocrx_word' id='word_1_94' title='bbox 775 1139 845 1159; x_wconf 86' lang='lat' dir='ltr'><strong>mu-</strong></span> 
     </span>
     <span class='ocr_line' id='line_1_19' title="bbox 146 1177 844 1214; baseline 0.003 -7"><span class='ocrx_word' id='word_1_95' title='bbox 146 1186 227 1214; x_wconf 88' lang='lat' dir='ltr'><strong>nus;</strong></span> <span class='ocrx_word' id='word_1_96' title='bbox 256 1177 412 1209; x_wconf 84' lang='lat' dir='ltr'><strong>trahebat</strong></span> <span class='ocrx_word' id='word_1_97' title='bbox 429 1184 540 1209; x_wconf 88' lang='lat' dir='ltr'><strong>autem</strong></span> <span class='ocrx_word' id='word_1_98' title='bbox 558 1189 685 1210; x_wconf 84' lang='lat' dir='ltr'><strong>moram</strong></span> <span class='ocrx_word' id='word_1_99' title='bbox 711 1184 749 1210; x_wconf 89' lang='lat' dir='ltr'><strong>ut</strong></span> <span class='ocrx_word' id='word_1_100' title='bbox 764 1180 844 1210; x_wconf 83' lang='lat' dir='ltr'><strong>Car-</strong></span> 
     </span>
     <span class='ocr_line' id='line_1_20' title="bbox 145 1227 846 1269; baseline 0.004 -12"><span class='ocrx_word' id='word_1_101' title='bbox 145 1227 235 1258; x_wconf 85' lang='lat' dir='ltr'>mine</span> <span class='ocrx_word' id='word_1_102' title='bbox 252 1237 323 1268; x_wconf 86' lang='lat' dir='ltr'><strong>suo,</strong></span> <span class='ocrx_word' id='word_1_103' title='bbox 339 1229 429 1269; x_wconf 91' lang='lat' dir='ltr'><strong>quod</strong></span> <span class='ocrx_word' id='word_1_104' title='bbox 455 1229 573 1260; x_wconf 76' lang='lat' dir='ltr'><strong>Po&#39;etae</strong></span> <span class='ocrx_word' id='word_1_105' title='bbox 591 1229 773 1269; x_wconf 85' lang='lat' dir='ltr'><strong>approbari</strong></span> <span class='ocrx_word' id='word_1_106' title='bbox 791 1239 846 1260; x_wconf 91' lang='lat' dir='ltr'><strong>vo-</strong></span> 
     </span>
     <span class='ocr_line' id='line_1_21' title="bbox 144 1278 845 1320; baseline 0.003 -12"><span class='ocrx_word' id='word_1_107' title='bbox 144 1278 220 1317; x_wconf 85' lang='lat' dir='ltr'><strong>luit,</strong></span> <span class='ocrx_word' id='word_1_108' title='bbox 242 1287 362 1309; x_wconf 88' lang='lat' dir='ltr'><strong>munus</strong></span> <span class='ocrx_word' id='word_1_109' title='bbox 377 1284 577 1310; x_wconf 78' lang='lat' dir='ltr'><strong>exornaret:</strong></span> <span class='ocrx_word' id='word_1_110' title='bbox 603 1279 725 1317; x_wconf 59' lang='lat' dir='ltr'><strong>Poeta,</strong></span> <span class='ocrx_word' id='word_1_111' title='bbox 745 1289 845 1320; x_wconf 87' lang='lat' dir='ltr'><strong>quem</strong></span> 
     </span>
     <span class='ocr_line' id='line_1_22' title="bbox 145 1329 845 1370; baseline 0.001 -11"><span class='ocrx_word' id='word_1_112' title='bbox 145 1329 323 1369; x_wconf 88' lang='lat' dir='ltr'><strong>premebat</strong></span> <span class='ocrx_word' id='word_1_113' title='bbox 347 1335 494 1370; x_wconf 77' lang='lat' dir='ltr'><strong>egestaS‚</strong></span> <span class='ocrx_word' id='word_1_114' title='bbox 522 1330 610 1370; x_wconf 88' lang='lat' dir='ltr'><strong>petit</strong></span> <span class='ocrx_word' id='word_1_115' title='bbox 625 1329 658 1360; x_wconf 87' lang='lat' dir='ltr'><strong>id</strong></span> <span class='ocrx_word' id='word_1_116' title='bbox 676 1329 739 1360; x_wconf 88' lang='lat' dir='ltr'><strong>sibi</strong></span> <span class='ocrx_word' id='word_1_117' title='bbox 755 1330 845 1360; x_wconf 90' lang='lat' dir='ltr'><strong>mitti</strong></span> 
     </span>
     <span class='ocr_line' id='line_1_23' title="bbox 143 1379 844 1421; baseline 0 -11"><span class='ocrx_word' id='word_1_118' title='bbox 143 1381 306 1419; x_wconf 83' lang='lat' dir='ltr'><strong>muneris,</strong></span> <span class='ocrx_word' id='word_1_119' title='bbox 321 1380 374 1411; x_wconf 90' lang='lat' dir='ltr'><strong>vel</strong></span> <span class='ocrx_word' id='word_1_120' title='bbox 387 1380 458 1411; x_wconf 89' lang='lat' dir='ltr'><strong>sine</strong></span> <span class='ocrx_word' id='word_1_121' title='bbox 473 1380 626 1411; x_wconf 80' lang='lat' dir='ltr'><strong>Carmine</strong></span> <span class='ocrx_word' id='word_1_122' title='bbox 639 1390 647 1418; x_wconf 85' lang='lat'>;</span> <span class='ocrx_word' id='word_1_123' title='bbox 662 1379 752 1421; x_wconf 92' lang='lat' dir='ltr'><strong>quod</strong></span> <span class='ocrx_word' id='word_1_124' title='bbox 765 1381 844 1411; x_wconf 90' lang='lat' dir='ltr'><strong>utri-</strong></span> 
     </span>
     <span class='ocr_line' id='line_1_24' title="bbox 143 1429 639 1471; baseline 0 -10"><span class='ocrx_word' id='word_1_125' title='bbox 143 1439 209 1471; x_wconf 87' lang='lat' dir='ltr'><strong>que</strong></span> <span class='ocrx_word' id='word_1_126' title='bbox 227 1430 345 1461; x_wconf 88' lang='lat' dir='ltr'><strong>minori</strong></span> <span class='ocrx_word' id='word_1_127' title='bbox 360 1429 448 1461; x_wconf 90' lang='lat' dir='ltr'><strong>foret</strong></span> <span class='ocrx_word' id='word_1_128' title='bbox 464 1431 639 1461; x_wconf 78' lang='lat' dir='ltr'><strong>molestiae.</strong></span> 
     </span>
    </p>

    <p class='ocr_par' dir='ltr' id='par_1_6' title="bbox 139 1480 843 2076">
     <span class='ocr_line' id='line_1_25' title="bbox 186 1480 842 1520; baseline 0.003 -10"><span class='ocrx_word' id='word_1_129' title='bbox 186 1482 206 1510; x_wconf 76' lang='grc'>4</span> <span class='ocrx_word' id='word_1_130' title='bbox 231 1481 296 1510; x_wconf 83' lang='lat' dir='ltr'><strong>Tua</strong></span> <span class='ocrx_word' id='word_1_131' title='bbox 319 1482 356 1511; x_wconf 82' lang='lat' dir='ltr'><strong>de</strong></span> <span class='ocrx_word' id='word_1_132' title='bbox 377 1485 491 1518; x_wconf 72' lang='lat' dir='ltr'><strong>nostro,</strong></span> <span class='ocrx_word' id='word_1_133' title='bbox 510 1480 632 1520; x_wconf 80' lang='lat' dir='ltr'><strong><em>Prisce]</em></strong></span> <span class='ocrx_word' id='word_1_134' title='bbox 656 1482 710 1512; x_wconf 89' lang='lat' dir='ltr'><strong>De</strong></span> <span class='ocrx_word' id='word_1_135' title='bbox 726 1485 842 1512; x_wconf 85' lang='lat' dir='ltr'><strong>nostro</strong></span> 
     </span>
     <span class='ocr_line' id='line_1_26' title="bbox 143 1530 843 1571; baseline 0.004 -11"><span class='ocrx_word' id='word_1_136' title='bbox 143 1530 367 1569; x_wconf 90' lang='lat' dir='ltr'><strong>incommodo,</strong></span> <span class='ocrx_word' id='word_1_137' title='bbox 384 1536 419 1561; x_wconf 92' lang='lat' dir='ltr'><strong>et</strong></span> <span class='ocrx_word' id='word_1_138' title='bbox 443 1540 509 1562; x_wconf 90' lang='lat' dir='ltr'><strong>non</strong></span> <span class='ocrx_word' id='word_1_139' title='bbox 532 1531 602 1562; x_wconf 89' lang='lat' dir='ltr'><strong>siue</strong></span> <span class='ocrx_word' id='word_1_140' title='bbox 619 1530 740 1562; x_wconf 88' lang='lat' dir='ltr'><strong>damno</strong></span> <span class='ocrx_word' id='word_1_141' title='bbox 757 1542 843 1571; x_wconf 87' lang='lat' dir='ltr'><strong>meo,</strong></span> 
     </span>
     <span class='ocr_line' id='line_1_27' title="bbox 144 1580 841 1622; baseline 0.001 -11"><span class='ocrx_word' id='word_1_142' title='bbox 144 1580 204 1611; x_wconf 91' lang='lat' dir='ltr'><strong>tibi</strong></span> <span class='ocrx_word' id='word_1_143' title='bbox 214 1581 326 1620; x_wconf 84' lang='lat' dir='ltr'><strong>places</strong></span> <span class='ocrx_word' id='word_1_144' title='bbox 340 1581 371 1612; x_wconf 91' lang='lat' dir='ltr'><strong>in</strong></span> <span class='ocrx_word' id='word_1_145' title='bbox 385 1586 443 1612; x_wconf 91' lang='lat' dir='ltr'><strong>tuo</strong></span> <span class='ocrx_word' id='word_1_146' title='bbox 460 1582 636 1620; x_wconf 80' lang='lat' dir='ltr'><strong>Carmine3</strong></span> <span class='ocrx_word' id='word_1_147' title='bbox 659 1582 747 1622; x_wconf 88' lang='lat' dir='ltr'><strong>quod</strong></span> <span class='ocrx_word' id='word_1_148' title='bbox 762 1582 841 1613; x_wconf 90' lang='lat' dir='ltr'><strong>dum</strong></span> 
     </span>
     <span class='ocr_line' id='line_1_28' title="bbox 143 1631 842 1672; baseline 0.003 -11"><span class='ocrx_word' id='word_1_149' title='bbox 143 1631 331 1671; x_wconf 62' lang='lat' dir='ltr'><strong>ineditam,</strong></span> <span class='ocrx_word' id='word_1_150' title='bbox 344 1641 406 1672; x_wconf 81' lang='lat' dir='ltr'><strong>ego</strong></span> <span class='ocrx_word' id='word_1_151' title='bbox 422 1642 541 1663; x_wconf 85' lang='lat' dir='ltr'><strong>munus</strong></span> <span class='ocrx_word' id='word_1_152' title='bbox 557 1632 727 1663; x_wconf 87' lang='lat' dir='ltr'><strong>desidero.</strong></span> <span class='ocrx_word' id='word_1_153' title='bbox 756 1632 842 1663; x_wconf 91' lang='lat' dir='ltr'><strong>Tur-</strong></span> 
     </span>
     <span class='ocr_line' id='line_1_29' title="bbox 144 1682 842 1722; baseline 0.001 -10"><span class='ocrx_word' id='word_1_154' title='bbox 144 1682 250 1712; x_wconf 81' lang='lat' dir='ltr'>nebus</span> <span class='ocrx_word' id='word_1_155' title='bbox 281 1682 337 1712; x_wconf 92' lang='lat' dir='ltr'><strong>lib.</strong></span> <span class='ocrx_word' id='word_1_156' title='bbox 368 1685 419 1713; x_wconf 69' lang='lat'><strong>24.</strong></span> <span class='ocrx_word' id='word_1_157' title='bbox 443 1691 518 1722; x_wconf 88' lang='lat' dir='ltr'><strong>cap.</strong></span> <span class='ocrx_word' id='word_1_158' title='bbox 544 1684 596 1712; x_wconf 86' lang='lat'><strong>28.</strong></span> <span class='ocrx_word' id='word_1_159' title='bbox 621 1682 719 1721; x_wconf 87' lang='lat' dir='ltr'><strong>legit,</strong></span> <span class='ocrx_word' id='word_1_160' title='bbox 748 1685 842 1713; x_wconf 68' lang='lat' dir='ltr'><strong>tacet.</strong></span> 
     </span>
     <span class='ocr_line' id='line_1_30' title="bbox 144 1732 841 1766; baseline -0.003 -2"><span class='ocrx_word' id='word_1_161' title='bbox 144 1732 243 1766; x_wconf 76' lang='lat' dir='ltr'><strong>Quod</strong></span> <span class='ocrx_word' id='word_1_162' title='bbox 261 1733 349 1763; x_wconf 87' lang='lat' dir='ltr'><strong>enim</strong></span> <span class='ocrx_word' id='word_1_163' title='bbox 363 1742 479 1763; x_wconf 88' lang='lat' dir='ltr'><strong>versus</strong></span> <span class='ocrx_word' id='word_1_164' title='bbox 493 1732 643 1763; x_wconf 85' lang='lat' dir='ltr'><strong>scribere</strong></span> <span class='ocrx_word' id='word_1_165' title='bbox 655 1742 691 1762; x_wconf 83' lang='lat' dir='ltr'><strong>se</strong></span> <span class='ocrx_word' id='word_1_166' title='bbox 703 1742 841 1763; x_wconf 89' lang='lat' dir='ltr'><strong>accura-</strong></span> 
     </span>
     <span class='ocr_line' id='line_1_31' title="bbox 144 1782 842 1821; baseline -0.001 -8"><span class='ocrx_word' id='word_1_167' title='bbox 144 1787 194 1813; x_wconf 80' lang='lat' dir='ltr'><strong>tos</strong></span> <span class='ocrx_word' id='word_1_168' title='bbox 212 1783 396 1821; x_wconf 81' lang='lat' dir='ltr'>simularet,</span> <span class='ocrx_word' id='word_1_169' title='bbox 417 1783 471 1813; x_wconf 92' lang='lat' dir='ltr'><strong>vel</strong></span> <span class='ocrx_word' id='word_1_170' title='bbox 496 1782 598 1813; x_wconf 85' lang='lat' dir='ltr'><strong>etiam</strong></span> <span class='ocrx_word' id='word_1_171' title='bbox 618 1782 842 1813; x_wconf 81' lang='lat' dir='ltr'><strong>meditaretur</strong></span> 
     </span>
     <span class='ocr_line' id='line_1_32' title="bbox 142 1833 841 1875; baseline -0.001 -10"><span class='ocrx_word' id='word_1_172' title='bbox 142 1839 178 1864; x_wconf 91' lang='lat' dir='ltr'><strong>et</strong></span> <span class='ocrx_word' id='word_1_173' title='bbox 207 1839 366 1875; x_wconf 81' lang='lat' dir='ltr'><strong>tanquam</strong></span> <span class='ocrx_word' id='word_1_174' title='bbox 397 1833 596 1872; x_wconf 76' lang='lat' dir='ltr'><strong>ruminaret,</strong></span> <span class='ocrx_word' id='word_1_175' title='bbox 621 1842 683 1863; x_wconf 79' lang='lat' dir='ltr'><strong>nec</strong></span> <span class='ocrx_word' id='word_1_176' title='bbox 711 1834 841 1864; x_wconf 89' lang='lat' dir='ltr'><strong>interea</strong></span> 
     </span>
     <span class='ocr_line' id='line_1_33' title="bbox 143 1883 842 1923; baseline 0.001 -9"><span class='ocrx_word' id='word_1_177' title='bbox 143 1884 232 1915; x_wconf 86' lang='lat' dir='ltr'><strong>dona</strong></span> <span class='ocrx_word' id='word_1_178' title='bbox 247 1884 456 1921; x_wconf 81' lang='lat' dir='ltr'><strong>remitteret;</strong></span> <span class='ocrx_word' id='word_1_179' title='bbox 479 1883 648 1913; x_wconf 88' lang='lat' dir='ltr'><strong>silentium</strong></span> <span class='ocrx_word' id='word_1_180' title='bbox 674 1883 748 1923; x_wconf 88' lang='lat' dir='ltr'><strong>ejus</strong></span> <span class='ocrx_word' id='word_1_181' title='bbox 776 1893 842 1915; x_wconf 88' lang='lat' dir='ltr'><strong>me-</strong></span> 
     </span>
     <span class='ocr_line' id='line_1_34' title="bbox 140 1933 842 1975; baseline 0 -10"><span class='ocrx_word' id='word_1_182' title='bbox 140 1935 206 1965; x_wconf 83' lang='lat' dir='ltr'><strong>rito</strong></span> <span class='ocrx_word' id='word_1_183' title='bbox 224 1934 287 1965; x_wconf 91' lang='lat' dir='ltr'><strong>sibi</strong></span> <span class='ocrx_word' id='word_1_184' title='bbox 303 1934 520 1975; x_wconf 83' lang='lat' dir='ltr'><strong>conqueritur</strong></span> <span class='ocrx_word' id='word_1_185' title='bbox 536 1933 733 1964; x_wconf 84' lang='lat' dir='ltr'><strong>damnosum</strong></span> <span class='ocrx_word' id='word_1_186' title='bbox 751 1934 842 1965; x_wconf 87' lang='lat' dir='ltr'><strong>Mar-</strong></span> 
     </span>
     <span class='ocr_line' id='line_1_35' title="bbox 142 1982 840 2024; baseline 0.001 -9"><span class='ocrx_word' id='word_1_187' title='bbox 142 1985 245 2016; x_wconf 88' lang='lat' dir='ltr'><strong>tialis.</strong></span> <span class='ocrx_word' id='word_1_188' title='bbox 293 1985 401 2016; x_wconf 85' lang='lat' dir='ltr'><strong>Thalia</strong></span> <span class='ocrx_word' id='word_1_189' title='bbox 415 1982 529 2024; x_wconf 83' lang='lat' dir='ltr'><strong>placet]</strong></span> <span class='ocrx_word' id='word_1_190' title='bbox 555 1983 672 2024; x_wconf 84' lang='lat' dir='ltr'><strong>Epigr.</strong></span> <span class='ocrx_word' id='word_1_191' title='bbox 687 1987 737 2015; x_wconf 87' lang='lat'><strong>16.</strong></span> <span class='ocrx_word' id='word_1_192' title='bbox 753 1994 840 2017; x_wconf 88' lang='lat' dir='ltr'><strong>vers.</strong></span> 
     </span>
     <span class='ocr_line' id='line_1_36' title="bbox 139 2034 817 2076; baseline 0 -10"><span class='ocrx_word' id='word_1_193' title='bbox 139 2038 171 2066; x_wconf 81' lang='grc'><strong>4.</strong></span> <span class='ocrx_word' id='word_1_194' title='bbox 184 2045 298 2076; x_wconf 82' lang='lat' dir='ltr'><strong>supra,</strong></span> <span class='ocrx_word' id='word_1_195' title='bbox 313 2040 349 2066; x_wconf 88' lang='lat' dir='ltr'><strong>et</strong></span> <span class='ocrx_word' id='word_1_196' title='bbox 360 2034 420 2066; x_wconf 89' lang='lat' dir='ltr'><strong>lib.</strong></span> <span class='ocrx_word' id='word_1_197' title='bbox 435 2038 467 2066; x_wconf 84' lang='grc'><strong>4.</strong></span> <span class='ocrx_word' id='word_1_198' title='bbox 482 2035 602 2074; x_wconf 86' lang='lat' dir='ltr'><strong>Epigr.</strong></span> <span class='ocrx_word' id='word_1_199' title='bbox 617 2036 648 2065; x_wconf 88' lang='grc'><strong>8.</strong></span> <span class='ocrx_word' id='word_1_200' title='bbox 663 2043 747 2066; x_wconf 86' lang='lat' dir='ltr'><strong>vers.</strong></span> <span class='ocrx_word' id='word_1_201' title='bbox 765 2038 817 2066; x_wconf 93' lang='lat'><strong>12.</strong></span> 
     </span>
    </p>

    <p class='ocr_par' dir='ltr' id='par_1_7' title="bbox 140 2085 840 2277">
     <span class='ocr_line' id='line_1_37' title="bbox 181 2085 839 2127; baseline 0 -10"><span class='ocrx_word' id='word_1_202' title='bbox 181 2089 203 2117; x_wconf 85' lang='grc'>6</span> <span class='ocrx_word' id='word_1_203' title='bbox 227 2087 363 2117; x_wconf 79' lang='lat' dir='ltr'><strong>Munera</strong></span> <span class='ocrx_word' id='word_1_204' title='bbox 382 2095 463 2127; x_wconf 71' lang='lat' dir='ltr'><strong>pexa</strong></span> <span class='ocrx_word' id='word_1_205' title='bbox 488 2085 575 2125; x_wconf 71' lang='lat' dir='ltr'><strong>datu]</strong></span> <span class='ocrx_word' id='word_1_206' title='bbox 597 2085 735 2117; x_wconf 72' lang='lat' dir='ltr'><strong>Vestem</strong></span> <span class='ocrx_word' id='word_1_207' title='bbox 758 2095 839 2126; x_wconf 87' lang='lat' dir='ltr'><strong>pex-</strong></span> 
     </span>
     <span class='ocr_line' id='line_1_38' title="bbox 140 2136 840 2177; baseline -0.001 -10"><span class='ocrx_word' id='word_1_208' title='bbox 140 2146 204 2168; x_wconf 89' lang='lat' dir='ltr'><strong>am.</strong></span> <span class='ocrx_word' id='word_1_209' title='bbox 242 2136 309 2167; x_wconf 90' lang='lat' dir='ltr'><strong>Alii</strong></span> <span class='ocrx_word' id='word_1_210' title='bbox 337 2137 455 2177; x_wconf 87' lang='lat' dir='ltr'><strong>legunt</strong></span> <span class='ocrx_word' id='word_1_211' title='bbox 477 2137 588 2176; x_wconf 81' lang='lat' dir='ltr'><strong>plena:</strong></span> <span class='ocrx_word' id='word_1_212' title='bbox 611 2136 644 2166; x_wconf 94' lang='lat' dir='ltr'><strong>id</strong></span> <span class='ocrx_word' id='word_1_213' title='bbox 670 2142 735 2175; x_wconf 85' lang='lat' dir='ltr'><strong>est,</strong></span> <span class='ocrx_word' id='word_1_214' title='bbox 757 2146 840 2176; x_wconf 91' lang='lat' dir='ltr'><strong>quo-</strong></span> 
     </span>
     <span class='ocr_line' id='line_1_39' title="bbox 142 2185 840 2227; baseline 0.001 -11"><span class='ocrx_word' id='word_1_215' title='bbox 142 2196 214 2217; x_wconf 87' lang='lat' dir='ltr'><strong>rum</strong></span> <span class='ocrx_word' id='word_1_216' title='bbox 231 2187 338 2227; x_wconf 81' lang='lat' dir='ltr'><strong>gratia</strong></span> <span class='ocrx_word' id='word_1_217' title='bbox 351 2196 414 2217; x_wconf 91' lang='lat' dir='ltr'><strong>non</strong></span> <span class='ocrx_word' id='word_1_218' title='bbox 431 2185 628 2216; x_wconf 88' lang='lat' dir='ltr'><strong>diminuitur</strong></span> <span class='ocrx_word' id='word_1_219' title='bbox 643 2195 747 2217; x_wconf 87' lang='lat' dir='ltr'><strong>mora.</strong></span> <span class='ocrx_word' id='word_1_220' title='bbox 773 2185 840 2217; x_wconf 86' lang='lat' dir='ltr'><strong>Alii</strong></span> 
     </span>
     <span class='ocr_line' id='line_1_40' title="bbox 140 2237 770 2277; baseline 0 -10"><span class='ocrx_word' id='word_1_221' title='bbox 140 2238 254 2277; x_wconf 81' lang='lat' dir='ltr'><strong>plana.-</strong></span> <span class='ocrx_word' id='word_1_222' title='bbox 277 2237 308 2268; x_wconf 91' lang='lat' dir='ltr'><strong>id</strong></span> <span class='ocrx_word' id='word_1_223' title='bbox 324 2241 388 2276; x_wconf 89' lang='lat' dir='ltr'><strong>est,</strong></span> <span class='ocrx_word' id='word_1_224' title='bbox 403 2237 529 2277; x_wconf 86' lang='lat' dir='ltr'><strong>absque</strong></span> <span class='ocrx_word' id='word_1_225' title='bbox 547 2237 770 2268; x_wconf 87' lang='lat' dir='ltr'><strong>Carminibus.</strong></span> 
     </span>
    </p>

    <p class='ocr_par' dir='ltr' id='par_1_8' title="bbox 139 2288 839 2530">
     <span class='ocr_line' id='line_1_41' title="bbox 185 2288 839 2320; baseline 0.002 -1"><span class='ocrx_word' id='word_1_226' title='bbox 185 2289 287 2319; x_wconf 82' lang='lat' dir='ltr'><strong>EPiG.</strong></span> <span class='ocrx_word' id='word_1_227' title='bbox 318 2297 430 2319; x_wconf 82' lang='lat' dir='ltr'><strong>vau.</strong></span> <span class='ocrx_word' id='word_1_228' title='bbox 475 2288 675 2318; x_wconf 87' lang='lat' dir='ltr'><strong>Gratulatur</strong></span> <span class='ocrx_word' id='word_1_229' title='bbox 707 2289 839 2320; x_wconf 88' lang='lat' dir='ltr'><strong>Licinio</strong></span> 
     </span>
     <span class='ocr_line' id='line_1_42' title="bbox 142 2338 839 2379; baseline 0.003 -11"><span class='ocrx_word' id='word_1_230' title='bbox 142 2338 287 2369; x_wconf 89' lang='lat' dir='ltr'><strong>reditum</strong></span> <span class='ocrx_word' id='word_1_231' title='bbox 305 2338 336 2368; x_wconf 94' lang='lat' dir='ltr'><strong>in</strong></span> <span class='ocrx_word' id='word_1_232' title='bbox 355 2339 470 2377; x_wconf 84' lang='lat' dir='ltr'><strong>vitam,</strong></span> <span class='ocrx_word' id='word_1_233' title='bbox 496 2347 572 2379; x_wconf 87' lang='lat' dir='ltr'><strong>quae</strong></span> <span class='ocrx_word' id='word_1_234' title='bbox 585 2338 657 2377; x_wconf 70' lang='lat' dir='ltr'><strong>jam</strong></span> <span class='ocrx_word' id='word_1_235' title='bbox 674 2338 717 2369; x_wconf 86' lang='lat' dir='ltr'><strong>ab</strong></span> <span class='ocrx_word' id='word_1_236' title='bbox 733 2340 839 2370; x_wconf 88' lang='lat' dir='ltr'><strong>omni-</strong></span> 
     </span>
     <span class='ocr_line' id='line_1_43' title="bbox 140 2388 839 2430; baseline 0.003 -11"><span class='ocrx_word' id='word_1_237' title='bbox 140 2389 202 2419; x_wconf 84' lang='lat' dir='ltr'><strong>bus</strong></span> <span class='ocrx_word' id='word_1_238' title='bbox 229 2388 407 2429; x_wconf 84' lang='lat' dir='ltr'><strong>deplorata</strong></span> <span class='ocrx_word' id='word_1_239' title='bbox 431 2393 466 2419; x_wconf 88' lang='lat' dir='ltr'><strong>et</strong></span> <span class='ocrx_word' id='word_1_240' title='bbox 485 2389 698 2420; x_wconf 87' lang='lat' dir='ltr'><strong>conclamata</strong></span> <span class='ocrx_word' id='word_1_241' title='bbox 713 2388 839 2430; x_wconf 87' lang='lat' dir='ltr'><strong>fuerat,</strong></span> 
     </span>
     <span class='ocr_line' id='line_1_44' title="bbox 139 2439 838 2481; baseline 0.004 -12"><span class='ocrx_word' id='word_1_242' title='bbox 139 2440 361 2480; x_wconf 78' lang='lat' dir='ltr'><strong>hortaturque</strong></span> <span class='ocrx_word' id='word_1_243' title='bbox 378 2444 414 2469; x_wconf 91' lang='lat' dir='ltr'><strong>ut</strong></span> <span class='ocrx_word' id='word_1_244' title='bbox 431 2439 591 2480; x_wconf 87' lang='lat' dir='ltr'><strong>reliquam</strong></span> <span class='ocrx_word' id='word_1_245' title='bbox 608 2440 686 2471; x_wconf 88' lang='lat' dir='ltr'><strong>vitae</strong></span> <span class='ocrx_word' id='word_1_246' title='bbox 704 2445 838 2481; x_wconf 86' lang='lat' dir='ltr'><strong>partem</strong></span> 
     </span>
     <span class='ocr_line' id='line_1_45' title="bbox 139 2489 549 2530; baseline -0.005 -8"><span class='ocrx_word' id='word_1_247' title='bbox 139 2490 236 2530; x_wconf 79' lang='lat' dir='ltr'><strong>genio</strong></span> <span class='ocrx_word' id='word_1_248' title='bbox 253 2489 441 2529; x_wconf 78' lang='lat' dir='ltr'><strong>indulgeat.</strong></span> <span class='ocrx_word' id='word_1_249' title='bbox 466 2490 549 2521; x_wconf 79' lang='lat' dir='ltr'><strong>Rad.</strong></span> 
     </span>
    </p>

    <p class='ocr_par' dir='ltr' id='par_1_9' title="bbox 138 2540 836 2684">
     <span class='ocr_line' id='line_1_46' title="bbox 185 2540 836 2580; baseline 0.003 -8"><span class='ocrx_word' id='word_1_250' title='bbox 185 2544 199 2572; x_wconf 93' lang='lat'>1</span> <span class='ocrx_word' id='word_1_251' title='bbox 225 2540 306 2571; x_wconf 84' lang='lat' dir='ltr'><strong>Sura</strong></span> <span class='ocrx_word' id='word_1_252' title='bbox 333 2540 484 2580; x_wconf 74' lang='lat' dir='ltr'><strong>virorum]</strong></span> <span class='ocrx_word' id='word_1_253' title='bbox 519 2540 575 2571; x_wconf 91' lang='lat' dir='ltr'><strong>Sic</strong></span> <span class='ocrx_word' id='word_1_254' title='bbox 602 2540 734 2572; x_wconf 79' lang='lat' dir='ltr'><strong>Plinius</strong></span> <span class='ocrx_word' id='word_1_255' title='bbox 761 2542 836 2574; x_wconf 85' lang='lat' dir='ltr'><strong>Sec.</strong></span> 
     </span>
     <span class='ocr_line' id='line_1_47' title="bbox 139 2591 836 2632; baseline 0.003 -9"><span class='ocrx_word' id='word_1_256' title='bbox 139 2595 192 2623; x_wconf 77' lang='lat'><strong>30.</strong></span> <span class='ocrx_word' id='word_1_257' title='bbox 211 2591 320 2632; x_wconf 85' lang='lat' dir='ltr'><strong>Epist.</strong></span> <span class='ocrx_word' id='word_1_258' title='bbox 340 2594 372 2622; x_wconf 72' lang='lat'><strong>4.</strong></span> <span class='ocrx_word' id='word_1_259' title='bbox 389 2591 447 2621; x_wconf 85' lang='lat' dir='ltr'><strong>lib.</strong></span> <span class='ocrx_word' id='word_1_260' title='bbox 469 2593 478 2608; x_wconf 88' lang='lat'>‘</span> <span class='ocrx_word' id='word_1_261' title='bbox 493 2591 664 2624; x_wconf 70' lang='lat' dir='ltr'><strong>Altissima</strong></span> <span class='ocrx_word' id='word_1_262' title='bbox 679 2594 745 2624; x_wconf 88' lang='lat' dir='ltr'><strong>ista</strong></span> <span class='ocrx_word' id='word_1_263' title='bbox 760 2603 836 2625; x_wconf 91' lang='lat' dir='ltr'><strong>eru-</strong></span> 
     </span>
     <span class='ocr_line' id='line_1_48' title="bbox 138 2642 836 2684; baseline 0.006 -12"><span class='ocrx_word' id='word_1_264' title='bbox 138 2643 266 2674; x_wconf 85' lang='lat' dir='ltr'><strong>ditione</strong></span> <span class='ocrx_word' id='word_1_265' title='bbox 283 2647 341 2673; x_wconf 89' lang='lat' dir='ltr'><strong>tua</strong></span> <span class='ocrx_word' id='word_1_266' title='bbox 370 2642 593 2682; x_wconf 74' lang='lat' dir='ltr'><strong>dignissimam</strong></span> <span class='ocrx_word' id='word_1_267' title='bbox 617 2643 749 2684; x_wconf 79' lang='lat' dir='ltr'><strong>quaest.’</strong></span> <span class='ocrx_word' id='word_1_268' title='bbox 773 2646 836 2676; x_wconf 55' lang='lat' dir='ltr'><strong>&amp;cn</strong></span> 
     </span>
    </p>

    <p class='ocr_par' dir='ltr' id='par_1_10' title="bbox 139 2692 836 2834">
     <span class='ocr_line' id='line_1_49' title="bbox 180 2692 836 2734; baseline 0.002 -10"><span class='ocrx_word' id='word_1_269' title='bbox 180 2696 199 2724; x_wconf 85' lang='lat'><strong>2</strong></span> <span class='ocrx_word' id='word_1_270' title='bbox 225 2693 320 2732; x_wconf 76' lang='lat' dir='ltr'><strong>Cujus</strong></span> <span class='ocrx_word' id='word_1_271' title='bbox 344 2693 456 2732; x_wconf 80' lang='lat' dir='ltr'><strong>prisca,</strong></span> <span class='ocrx_word' id='word_1_272' title='bbox 479 2692 548 2733; x_wconf 41' lang='grc' dir='ltr'><strong>ξι]</strong></span> <span class='ocrx_word' id='word_1_273' title='bbox 587 2693 688 2734; x_wconf 88' lang='lat' dir='ltr'><strong>Cujus</strong></span> <span class='ocrx_word' id='word_1_274' title='bbox 705 2695 836 2725; x_wconf 84' lang='lat' dir='ltr'><strong>sincera</strong></span> 
     </span>
     <span class='ocr_line' id='line_1_50' title="bbox 139 2743 834 2784; baseline 0.004 -12"><span class='ocrx_word' id='word_1_275' title='bbox 139 2743 263 2782; x_wconf 90' lang='lat' dir='ltr'><strong>oratio,</strong></span> <span class='ocrx_word' id='word_1_276' title='bbox 289 2748 324 2774; x_wconf 86' lang='lat' dir='ltr'><strong>et</strong></span> <span class='ocrx_word' id='word_1_277' title='bbox 349 2743 585 2783; x_wconf 82' lang='lat' dir='ltr'><strong>antiquitatem</strong></span> <span class='ocrx_word' id='word_1_278' title='bbox 610 2744 756 2784; x_wconf 72' lang='lat' dir='ltr'><strong>sapiens,</strong></span> <span class='ocrx_word' id='word_1_279' title='bbox 779 2754 834 2775; x_wconf 82' lang='lat' dir='ltr'><strong>cx-</strong></span> 
     </span>
     <span class='ocr_line' id='line_1_51' title="bbox 140 2794 834 2834; baseline 0.004 -11"><span class='ocrx_word' id='word_1_280' title='bbox 140 2794 254 2834; x_wconf 85' lang='lat' dir='ltr'><strong>primit</strong></span> <span class='ocrx_word' id='word_1_281' title='bbox 279 2794 480 2834; x_wconf 83' lang='lat' dir='ltr'><strong>gravitatem</strong></span> <span class='ocrx_word' id='word_1_282' title='bbox 502 2798 537 2825; x_wconf 86' lang='lat' dir='ltr'><strong>et</strong></span> <span class='ocrx_word' id='word_1_283' title='bbox 558 2802 666 2825; x_wconf 84' lang='lat' dir='ltr'><strong>mores</strong></span> <span class='ocrx_word' id='word_1_284' title='bbox 685 2801 834 2831; x_wconf 75' lang='lat' dir='ltr'><strong>veterum</strong></span> 
     </span>
    </p>
   </div>
   <div class='ocr_carea' id='block_1_3' title="bbox 1487 211 1599 254">
    <p class='ocr_par' dir='ltr' id='par_1_11' title="bbox 1487 211 1599 254">
     <span class='ocr_line' id='line_1_52' title="bbox 1487 211 1599 254; baseline 0.018 -2"><span class='ocrx_word' id='word_1_285' title='bbox 1487 211 1599 254; x_wconf 74' lang='lat'>1287</span> 
     </span>
    </p>
   </div>
   <div class='ocr_carea' id='block_1_4' title="bbox 886 313 1600 2830">
    <p class='ocr_par' dir='ltr' id='par_1_12' title="bbox 900 313 1232 347">
     <span class='ocr_line' id='line_1_53' title="bbox 900 313 1232 347; baseline 0.015 -4"><span class='ocrx_word' id='word_1_286' title='bbox 900 313 1032 345; x_wconf 83' lang='lat' dir='ltr'><strong>illorum</strong></span> <span class='ocrx_word' id='word_1_287' title='bbox 1052 315 1232 347; x_wconf 87' lang='lat' dir='ltr'><strong>Romanor.</strong></span> 
     </span>
    </p>

    <p class='ocr_par' dir='ltr' id='par_1_13' title="bbox 900 366 1598 500">
     <span class='ocr_line' id='line_1_54' title="bbox 943 366 1598 407; baseline 0.008 -12"><span class='ocrx_word' id='word_1_288' title='bbox 943 367 961 395; x_wconf 82' lang='lat'>3</span> <span class='ocrx_word' id='word_1_289' title='bbox 989 366 1148 405; x_wconf 80' lang='lat' dir='ltr'><strong>Redderz&#39;s‚</strong></span> <span class='ocrx_word' id='word_1_290' title='bbox 1176 367 1246 407; x_wconf 57' lang='lat' dir='ltr'><strong>afa]</strong></span> <span class='ocrx_word' id='word_1_291' title='bbox 1281 367 1418 400; x_wconf 84' lang='lat' dir='ltr'><strong>Quanto</strong></span> <span class='ocrx_word' id='word_1_292' title='bbox 1441 377 1501 399; x_wconf 90' lang='lat' dir='ltr'><strong>nos</strong></span> <span class='ocrx_word' id='word_1_293' title='bbox 1521 367 1598 400; x_wconf 86' lang='lat' dir='ltr'><strong>bea-</strong></span> 
     </span>
     <span class='ocr_line' id='line_1_55' title="bbox 900 414 1598 460; baseline 0.009 -16"><span class='ocrx_word' id='word_1_294' title='bbox 900 414 968 445; x_wconf 88' lang='lat' dir='ltr'><strong>rint</strong></span> <span class='ocrx_word' id='word_1_295' title='bbox 997 425 1136 447; x_wconf 90' lang='lat' dir='ltr'><strong>munere</strong></span> <span class='ocrx_word' id='word_1_296' title='bbox 1164 417 1294 454; x_wconf 71' lang='lat' dir='ltr'><strong>Parcae,</strong></span> <span class='ocrx_word' id='word_1_297' title='bbox 1323 428 1398 459; x_wconf 82' lang='lat' dir='ltr'><strong>quae</strong></span> <span class='ocrx_word' id='word_1_298' title='bbox 1426 423 1459 450; x_wconf 90' lang='lat' dir='ltr'><strong>te</strong></span> <span class='ocrx_word' id='word_1_299' title='bbox 1490 428 1598 460; x_wconf 81' lang='lat' dir='ltr'><strong>prope</strong></span> 
     </span>
     <span class='ocr_line' id='line_1_56' title="bbox 901 469 1413 500; baseline 0.01 -5"><span class='ocrx_word' id='word_1_300' title='bbox 901 470 1068 496; x_wconf 86' lang='lat' dir='ltr'><strong>mortuum</strong></span> <span class='ocrx_word' id='word_1_301' title='bbox 1086 469 1163 498; x_wconf 80' lang='lat' dir='ltr'><strong>vitae</strong></span> <span class='ocrx_word' id='word_1_302' title='bbox 1181 469 1413 500; x_wconf 86' lang='lat' dir='ltr'><strong>restituerunt.</strong></span> 
     </span>
    </p>

    <p class='ocr_par' dir='ltr' id='par_1_14' title="bbox 898 518 1600 804">
     <span class='ocr_line' id='line_1_57' title="bbox 940 518 1598 561; baseline 0.006 -14"><span class='ocrx_word' id='word_1_303' title='bbox 940 520 960 548; x_wconf 89' lang='grc'><strong>6</strong></span> <span class='ocrx_word' id='word_1_304' title='bbox 988 518 1145 557; x_wconf 69' lang='lat' dir='ltr'><strong>Tristitia,</strong></span> <span class='ocrx_word' id='word_1_305' title='bbox 1173 522 1202 550; x_wconf 81' lang='lat' dir='ltr'><strong>et</strong></span> <span class='ocrx_word' id='word_1_306' title='bbox 1227 520 1372 560; x_wconf 71' lang='lat' dir='ltr'><strong>lacrymis</strong></span> <span class='ocrx_word' id='word_1_307' title='bbox 1388 521 1513 561; x_wconf 78' lang='lat' dir='ltr'><strong>jamque</strong></span> <span class='ocrx_word' id='word_1_308' title='bbox 1526 530 1598 561; x_wconf 86' lang='lat' dir='ltr'><strong>per-</strong></span> 
     </span>
     <span class='ocr_line' id='line_1_58' title="bbox 898 569 1597 610; baseline 0.006 -12"><span class='ocrx_word' id='word_1_309' title='bbox 898 571 986 599; x_wconf 74' lang='lat' dir='ltr'><strong>actus</strong></span> <span class='ocrx_word' id='word_1_310' title='bbox 1008 569 1091 609; x_wconf 88' lang='lat' dir='ltr'><strong>eras]</strong></span> <span class='ocrx_word' id='word_1_311' title='bbox 1130 570 1306 610; x_wconf 87' lang='lat' dir='ltr'><strong>Tanquam</strong></span> <span class='ocrx_word' id='word_1_312' title='bbox 1332 571 1463 602; x_wconf 87' lang='lat' dir='ltr'><strong>incerta</strong></span> <span class='ocrx_word' id='word_1_313' title='bbox 1488 575 1597 602; x_wconf 84' lang='lat' dir='ltr'><strong>morte</strong></span> 
     </span>
     <span class='ocr_line' id='line_1_59' title="bbox 899 617 1599 661; baseline 0.004 -12"><span class='ocrx_word' id='word_1_314' title='bbox 899 617 1163 659; x_wconf 85' lang='lat' dir='ltr'><strong>deposueramus</strong></span> <span class='ocrx_word' id='word_1_315' title='bbox 1193 630 1299 661; x_wconf 89' lang='lat' dir='ltr'><strong>spem,</strong></span> <span class='ocrx_word' id='word_1_316' title='bbox 1336 626 1370 651; x_wconf 78' lang='lat' dir='ltr'><strong>et</strong></span> <span class='ocrx_word' id='word_1_317' title='bbox 1400 630 1474 652; x_wconf 88' lang='lat' dir='ltr'><strong>curn</strong></span> <span class='ocrx_word' id='word_1_318' title='bbox 1513 622 1599 652; x_wconf 84' lang='lat' dir='ltr'><strong>votis</strong></span> 
     </span>
     <span class='ocr_line' id='line_1_60' title="bbox 899 671 1598 712; baseline 0.003 -12"><span class='ocrx_word' id='word_1_319' title='bbox 899 675 1026 701; x_wconf 88' lang='lat' dir='ltr'><strong>metum</strong></span> <span class='ocrx_word' id='word_1_320' title='bbox 1043 681 1223 712; x_wconf 89' lang='lat' dir='ltr'><strong>curamque</strong></span> <span class='ocrx_word' id='word_1_321' title='bbox 1240 681 1301 712; x_wconf 90' lang='lat' dir='ltr'><strong>pro</strong></span> <span class='ocrx_word' id='word_1_322' title='bbox 1318 676 1364 710; x_wconf 90' lang='lat' dir='ltr'><strong>te,</strong></span> <span class='ocrx_word' id='word_1_323' title='bbox 1380 671 1519 712; x_wconf 88' lang='lat' dir='ltr'><strong>quijam</strong></span> <span class='ocrx_word' id='word_1_324' title='bbox 1537 681 1598 712; x_wconf 91' lang='lat' dir='ltr'><strong>pro</strong></span> 
     </span>
     <span class='ocr_line' id='line_1_61' title="bbox 899 722 1600 763; baseline 0.007 -12"><span class='ocrx_word' id='word_1_325' title='bbox 899 726 1033 752; x_wconf 88' lang='lat' dir='ltr'><strong>mortuo</strong></span> <span class='ocrx_word' id='word_1_326' title='bbox 1049 722 1246 763; x_wconf 85' lang='lat' dir='ltr'><strong>deploratus</strong></span> <span class='ocrx_word' id='word_1_327' title='bbox 1267 731 1342 753; x_wconf 86' lang='lat' dir='ltr'><strong>eras</strong></span> <span class='ocrx_word' id='word_1_328' title='bbox 1359 727 1394 753; x_wconf 88' lang='lat' dir='ltr'><strong>et</strong></span> <span class='ocrx_word' id='word_1_329' title='bbox 1411 723 1600 756; x_wconf 82' lang='lat' dir='ltr'><strong>conclama·</strong></span> 
     </span>
     <span class='ocr_line' id='line_1_62' title="bbox 900 778 964 804; baseline 0.031 -3"><span class='ocrx_word' id='word_1_330' title='bbox 900 778 964 804; x_wconf 70' lang='lat' dir='ltr'><strong>tus.</strong></span> 
     </span>
    </p>

    <p class='ocr_par' dir='ltr' id='par_1_15' title="bbox 896 823 1598 1107">
     <span class='ocr_line' id='line_1_63' title="bbox 941 823 1598 865; baseline 0.003 -12"><span class='ocrx_word' id='word_1_331' title='bbox 941 826 959 853; x_wconf 87' lang='grc'><strong>7</strong></span> <span class='ocrx_word' id='word_1_332' title='bbox 986 824 1055 854; x_wconf 86' lang='grc' dir='ltr'><strong>Νοη</strong></span> <span class='ocrx_word' id='word_1_333' title='bbox 1085 824 1171 863; x_wconf 76' lang='lat' dir='ltr'><strong>tulit,</strong></span> <span class='ocrx_word' id='word_1_334' title='bbox 1196 823 1265 864; x_wconf 51' lang='grc' dir='ltr'><strong>ξω]</strong></span> <span class='ocrx_word' id='word_1_335' title='bbox 1301 823 1399 855; x_wconf 86' lang='lat' dir='ltr'><strong>Vidit</strong></span> <span class='ocrx_word' id='word_1_336' title='bbox 1423 824 1598 865; x_wconf 83' lang='lat' dir='ltr'><strong>sensitque</strong></span> 
     </span>
     <span class='ocr_line' id='line_1_64' title="bbox 898 873 1597 912; baseline 0.003 -8"><span class='ocrx_word' id='word_1_337' title='bbox 898 873 1012 912; x_wconf 88' lang='lat' dir='ltr'><strong>Pluto,</strong></span> <span class='ocrx_word' id='word_1_338' title='bbox 1039 884 1074 905; x_wconf 87' lang='lat' dir='ltr'><strong>se</strong></span> <span class='ocrx_word' id='word_1_339' title='bbox 1098 884 1162 906; x_wconf 88' lang='lat' dir='ltr'><strong>non</strong></span> <span class='ocrx_word' id='word_1_340' title='bbox 1180 874 1254 905; x_wconf 86' lang='lat' dir='ltr'><strong>fore</strong></span> <span class='ocrx_word' id='word_1_341' title='bbox 1277 873 1420 905; x_wconf 86' lang='lat' dir='ltr'><strong>ferendo</strong></span> <span class='ocrx_word' id='word_1_342' title='bbox 1436 874 1597 906; x_wconf 88' lang='lat' dir='ltr'><strong>invidiam</strong></span> 
     </span>
     <span class='ocr_line' id='line_1_65' title="bbox 898 925 1598 965; baseline 0.001 -11"><span class='ocrx_word' id='word_1_343' title='bbox 898 929 933 954; x_wconf 85' lang='lat' dir='ltr'><strong>et</strong></span> <span class='ocrx_word' id='word_1_344' title='bbox 949 926 1102 965; x_wconf 86' lang='lat' dir='ltr'><strong>querelas</strong></span> <span class='ocrx_word' id='word_1_345' title='bbox 1124 925 1308 963; x_wconf 91' lang='lat' dir='ltr'><strong>hominum,</strong></span> <span class='ocrx_word' id='word_1_346' title='bbox 1339 929 1372 955; x_wconf 92' lang='lat' dir='ltr'><strong>te</strong></span> <span class='ocrx_word' id='word_1_347' title='bbox 1399 925 1598 964; x_wconf 84' lang='lat' dir='ltr'><strong>lugentium,</strong></span> 
     </span>
     <span class='ocr_line' id='line_1_66' title="bbox 896 974 1597 1016; baseline 0.003 -12"><span class='ocrx_word' id='word_1_348' title='bbox 896 974 1067 1016; x_wconf 84' lang='lat' dir='ltr'><strong>ipsiusque</strong></span> <span class='ocrx_word' id='word_1_349' title='bbox 1092 976 1316 1015; x_wconf 85' lang='lat' dir='ltr'><strong>rapacitatem</strong></span> <span class='ocrx_word' id='word_1_350' title='bbox 1333 975 1597 1014; x_wconf 76' lang='lat' dir='ltr'><strong>detestantium3</strong></span> 
     </span>
     <span class='ocr_line' id='line_1_67' title="bbox 896 1025 1597 1068; baseline 0.003 -13"><span class='ocrx_word' id='word_1_351' title='bbox 896 1025 1014 1067; x_wconf 88' lang='lat' dir='ltr'><strong>itaque</strong></span> <span class='ocrx_word' id='word_1_352' title='bbox 1041 1025 1167 1066; x_wconf 86' lang='lat' dir='ltr'><strong>eripuit</strong></span> <span class='ocrx_word' id='word_1_353' title='bbox 1182 1026 1302 1057; x_wconf 88' lang='lat' dir='ltr'><strong>Parcis</strong></span> <span class='ocrx_word' id='word_1_354' title='bbox 1319 1026 1411 1057; x_wconf 82' lang='lat' dir='ltr'><strong>colos</strong></span> <span class='ocrx_word' id='word_1_355' title='bbox 1425 1025 1597 1068; x_wconf 83' lang='lat' dir='ltr'><strong>fusosque,</strong></span> 
     </span>
     <span class='ocr_line' id='line_1_68' title="bbox 896 1075 1253 1107; baseline 0.006 -2"><span class='ocrx_word' id='word_1_356' title='bbox 896 1080 931 1106; x_wconf 87' lang='lat' dir='ltr'><strong>et</strong></span> <span class='ocrx_word' id='word_1_357' title='bbox 949 1080 981 1106; x_wconf 87' lang='lat' dir='ltr'><strong>te</strong></span> <span class='ocrx_word' id='word_1_358' title='bbox 996 1075 1075 1106; x_wconf 83' lang='lat' dir='ltr'><strong>vitae</strong></span> <span class='ocrx_word' id='word_1_359' title='bbox 1091 1075 1253 1107; x_wconf 86' lang='lat' dir='ltr'><strong>restituit.</strong></span> 
     </span>
    </p>

    <p class='ocr_par' dir='ltr' id='par_1_16' title="bbox 895 1125 1597 1308">
     <span class='ocr_line' id='line_1_69' title="bbox 939 1125 1596 1166; baseline 0.003 -11"><span class='ocrx_word' id='word_1_360' title='bbox 939 1128 959 1155; x_wconf 84' lang='lat'><strong>9</strong></span> <span class='ocrx_word' id='word_1_361' title='bbox 983 1126 1076 1156; x_wconf 83' lang='lat' dir='ltr'><strong>Falsa</strong></span> <span class='ocrx_word' id='word_1_362' title='bbox 1096 1126 1247 1166; x_wconf 82' lang='lat' dir='ltr'><strong>querelas]</strong></span> <span class='ocrx_word' id='word_1_363' title='bbox 1282 1127 1329 1157; x_wconf 85' lang='lat' dir='ltr'><strong>Te</strong></span> <span class='ocrx_word' id='word_1_364' title='bbox 1350 1125 1505 1157; x_wconf 87' lang='lat' dir='ltr'><strong>faucibus</strong></span> <span class='ocrx_word' id='word_1_365' title='bbox 1530 1125 1596 1158; x_wconf 77' lang='lat' dir='ltr'><strong>suis</strong></span> 
     </span>
     <span class='ocr_line' id='line_1_70' title="bbox 895 1176 1597 1217; baseline 0.003 -11"><span class='ocrx_word' id='word_1_366' title='bbox 895 1182 1014 1216; x_wconf 88' lang='lat' dir='ltr'><strong>erepto</strong></span> <span class='ocrx_word' id='word_1_367' title='bbox 1040 1176 1210 1216; x_wconf 89' lang='lat' dir='ltr'><strong>decepta;</strong></span> <span class='ocrx_word' id='word_1_368' title='bbox 1235 1177 1302 1215; x_wconf 88' lang='lat' dir='ltr'><strong>vel,</strong></span> <span class='ocrx_word' id='word_1_369' title='bbox 1325 1187 1424 1217; x_wconf 89' lang='lat' dir='ltr'><strong>quam</strong></span> <span class='ocrx_word' id='word_1_370' title='bbox 1451 1186 1512 1208; x_wconf 88' lang='lat' dir='ltr'><strong>nos</strong></span> <span class='ocrx_word' id='word_1_371' title='bbox 1540 1186 1597 1208; x_wconf 89' lang='lat' dir='ltr'><strong>ve-</strong></span> 
     </span>
     <span class='ocr_line' id='line_1_71' title="bbox 897 1227 1597 1268; baseline 0.003 -12"><span class='ocrx_word' id='word_1_372' title='bbox 897 1235 968 1256; x_wconf 90' lang='lat' dir='ltr'><strong>ram</strong></span> <span class='ocrx_word' id='word_1_373' title='bbox 1002 1227 1230 1266; x_wconf 84' lang='lat' dir='ltr'><strong>putabamus;</strong></span> <span class='ocrx_word' id='word_1_374' title='bbox 1268 1232 1370 1268; x_wconf 84' lang='lat' dir='ltr'><strong>teque</strong></span> <span class='ocrx_word' id='word_1_375' title='bbox 1402 1236 1482 1258; x_wconf 87' lang='lat' dir='ltr'><strong>vere</strong></span> <span class='ocrx_word' id='word_1_376' title='bbox 1509 1236 1597 1258; x_wconf 90' lang='lat' dir='ltr'><strong>mor-</strong></span> 
     </span>
     <span class='ocr_line' id='line_1_72' title="bbox 896 1281 1002 1308; baseline 0.009 -1"><span class='ocrx_word' id='word_1_377' title='bbox 896 1281 1002 1308; x_wconf 90' lang='lat' dir='ltr'><strong>tuum.</strong></span> 
     </span>
    </p>

    <p class='ocr_par' dir='ltr' id='par_1_17' title="bbox 892 1328 1596 1670">
     <span class='ocr_line' id='line_1_73' title="bbox 939 1328 1594 1369; baseline 0.002 -11"><span class='ocrx_word' id='word_1_378' title='bbox 939 1331 978 1358; x_wconf 82' lang='lat'><strong>10</strong></span> <span class='ocrx_word' id='word_1_379' title='bbox 1003 1328 1133 1359; x_wconf 78' lang='lat' dir='ltr'><strong>Frueris</strong></span> <span class='ocrx_word' id='word_1_380' title='bbox 1155 1329 1337 1368; x_wconf 77' lang='lat' dir='ltr'><strong>posteritate</strong></span> <span class='ocrx_word' id='word_1_381' title='bbox 1352 1328 1422 1369; x_wconf 80' lang='lat' dir='ltr'><strong>tua]</strong></span> <span class='ocrx_word' id='word_1_382' title='bbox 1437 1329 1482 1360; x_wconf 91' lang='lat' dir='ltr'><strong>Et</strong></span> <span class='ocrx_word' id='word_1_383' title='bbox 1499 1328 1594 1369; x_wconf 88' lang='lat' dir='ltr'><strong>quasi</strong></span> 
     </span>
     <span class='ocr_line' id='line_1_74' title="bbox 895 1378 1596 1421; baseline 0.001 -12"><span class='ocrx_word' id='word_1_384' title='bbox 895 1378 1064 1409; x_wconf 89' lang='lat' dir='ltr'><strong>redivivus</strong></span> <span class='ocrx_word' id='word_1_385' title='bbox 1095 1380 1199 1411; x_wconf 85' lang='lat' dir='ltr'><strong>sentis</strong></span> <span class='ocrx_word' id='word_1_386' title='bbox 1222 1389 1321 1421; x_wconf 88' lang='lat' dir='ltr'><strong>quam</strong></span> <span class='ocrx_word' id='word_1_387' title='bbox 1349 1379 1468 1410; x_wconf 85' lang='lat' dir='ltr'><strong>charus</strong></span> <span class='ocrx_word' id='word_1_388' title='bbox 1492 1379 1596 1411; x_wconf 82' lang='lat' dir='ltr'><strong>fueris</strong></span> 
     </span>
     <span class='ocr_line' id='line_1_75' title="bbox 894 1428 1594 1470; baseline 0.003 -12"><span class='ocrx_word' id='word_1_389' title='bbox 894 1428 1004 1467; x_wconf 88' lang='lat' dir='ltr'><strong>nobis,</strong></span> <span class='ocrx_word' id='word_1_390' title='bbox 1021 1433 1180 1470; x_wconf 88' lang='lat' dir='ltr'><strong>tauquam</strong></span> <span class='ocrx_word' id='word_1_391' title='bbox 1202 1429 1347 1469; x_wconf 87' lang='lat' dir='ltr'><strong>posteris</strong></span> <span class='ocrx_word' id='word_1_392' title='bbox 1370 1429 1436 1460; x_wconf 88' lang='lat' dir='ltr'><strong>tuis</strong></span> <span class='ocrx_word' id='word_1_393' title='bbox 1459 1428 1594 1461; x_wconf 88' lang='lat' dir='ltr'><strong>futuris.</strong></span> 
     </span>
     <span class='ocr_line' id='line_1_76' title="bbox 894 1478 1595 1520; baseline 0.001 -11"><span class='ocrx_word' id='word_1_394' title='bbox 894 1478 982 1510; x_wconf 90' lang='lat' dir='ltr'><strong>Plin.</strong></span> <span class='ocrx_word' id='word_1_395' title='bbox 999 1480 1110 1520; x_wconf 80' lang='lat' dir='ltr'><strong>Epist.</strong></span> <span class='ocrx_word' id='word_1_396' title='bbox 1130 1483 1157 1510; x_wconf 90' lang='lat' dir='ltr'><strong>l.</strong></span> <span class='ocrx_word' id='word_1_397' title='bbox 1173 1479 1232 1511; x_wconf 90' lang='lat' dir='ltr'><strong>lib.</strong></span> <span class='ocrx_word' id='word_1_398' title='bbox 1248 1483 1280 1511; x_wconf 88' lang='lat'><strong>2.</strong></span> <span class='ocrx_word' id='word_1_399' title='bbox 1302 1480 1310 1496; x_wconf 90' lang='lat'>‘</span> <span class='ocrx_word' id='word_1_400' title='bbox 1327 1479 1483 1519; x_wconf 83' lang='lat' dir='ltr'><strong>Triginta</strong></span> <span class='ocrx_word' id='word_1_401' title='bbox 1500 1480 1595 1510; x_wconf 89' lang='lat' dir='ltr'><strong>anuis</strong></span> 
     </span>
     <span class='ocr_line' id='line_1_77' title="bbox 893 1529 1595 1570; baseline 0.001 -10"><span class='ocrx_word' id='word_1_402' title='bbox 893 1529 1009 1570; x_wconf 77' lang='lat' dir='ltr'><strong>gloriae</strong></span> <span class='ocrx_word' id='word_1_403' title='bbox 1021 1539 1090 1561; x_wconf 85' lang='lat' dir='ltr'><strong>suae</strong></span> <span class='ocrx_word' id='word_1_404' title='bbox 1108 1530 1307 1570; x_wconf 76' lang='lat' dir='ltr'><strong>supervixit.</strong></span> <span class='ocrx_word' id='word_1_405' title='bbox 1354 1530 1454 1570; x_wconf 81' lang='lat' dir='ltr'><strong>Legit</strong></span> <span class='ocrx_word' id='word_1_406' title='bbox 1466 1531 1595 1570; x_wconf 84' lang='lat' dir='ltr'><strong>scripta</strong></span> 
     </span>
     <span class='ocr_line' id='line_1_78' title="bbox 892 1579 1596 1621; baseline 0.004 -11"><span class='ocrx_word' id='word_1_407' title='bbox 892 1579 935 1610; x_wconf 87' lang='lat' dir='ltr'><strong>de</strong></span> <span class='ocrx_word' id='word_1_408' title='bbox 962 1589 998 1611; x_wconf 88' lang='lat' dir='ltr'><strong>se</strong></span> <span class='ocrx_word' id='word_1_409' title='bbox 1025 1581 1203 1611; x_wconf 86' lang='lat' dir='ltr'><strong>Carmina:</strong></span> <span class='ocrx_word' id='word_1_410' title='bbox 1229 1581 1312 1621; x_wconf 85' lang='lat' dir='ltr'><strong>legit</strong></span> <span class='ocrx_word' id='word_1_411' title='bbox 1343 1581 1534 1620; x_wconf 81' lang='lat' dir='ltr'><strong>Historias3</strong></span> <span class='ocrx_word' id='word_1_412' title='bbox 1558 1586 1596 1612; x_wconf 87' lang='lat' dir='ltr'><strong>et</strong></span> 
     </span>
     <span class='ocr_line' id='line_1_79' title="bbox 894 1630 1379 1670; baseline 0.002 -10"><span class='ocrx_word' id='word_1_413' title='bbox 894 1630 1089 1670; x_wconf 86' lang='lat' dir='ltr'><strong>posteritati</strong></span> <span class='ocrx_word' id='word_1_414' title='bbox 1105 1641 1174 1661; x_wconf 76' lang='lat' dir='ltr'><strong>suae</strong></span> <span class='ocrx_word' id='word_1_415' title='bbox 1197 1630 1379 1662; x_wconf 82' lang='lat' dir='ltr'><strong>interfuit.&#39;</strong></span> 
     </span>
    </p>

    <p class='ocr_par' dir='ltr' id='par_1_18' title="bbox 890 1680 1595 2022">
     <span class='ocr_line' id='line_1_80' title="bbox 938 1680 1592 1721; baseline 0.003 -10"><span class='ocrx_word' id='word_1_416' title='bbox 938 1683 974 1711; x_wconf 87' lang='lat'><strong>11</strong></span> <span class='ocrx_word' id='word_1_417' title='bbox 1005 1680 1079 1711; x_wconf 77' lang='lat' dir='ltr'><strong>Vive</strong></span> <span class='ocrx_word' id='word_1_418' title='bbox 1092 1682 1172 1712; x_wconf 73' lang='lat' dir='ltr'><strong>velat</strong></span> <span class='ocrx_word' id='word_1_419' title='bbox 1186 1685 1286 1721; x_wconf 79' lang='lat' dir='ltr'><strong>rapto,</strong></span> <span class='ocrx_word' id='word_1_420' title='bbox 1298 1681 1369 1721; x_wconf 58' lang='lat' dir='ltr'><strong>Era]</strong></span> <span class='ocrx_word' id='word_1_421' title='bbox 1392 1682 1515 1713; x_wconf 86' lang='lat' dir='ltr'><strong>Mortis</strong></span> <span class='ocrx_word' id='word_1_422' title='bbox 1531 1682 1592 1713; x_wconf 86' lang='lat' dir='ltr'><strong>ita-</strong></span> 
     </span>
     <span class='ocr_line' id='line_1_81' title="bbox 891 1731 1595 1772; baseline 0.003 -12"><span class='ocrx_word' id='word_1_423' title='bbox 891 1739 969 1771; x_wconf 89' lang='lat' dir='ltr'><strong>que,</strong></span> <span class='ocrx_word' id='word_1_424' title='bbox 997 1740 1095 1771; x_wconf 92' lang='lat' dir='ltr'><strong>quam</strong></span> <span class='ocrx_word' id='word_1_425' title='bbox 1112 1731 1262 1770; x_wconf 82' lang='lat' dir='ltr'><strong>evasisti,</strong></span> <span class='ocrx_word' id='word_1_426' title='bbox 1282 1741 1422 1770; x_wconf 86' lang='lat' dir='ltr'><strong>memor,</strong></span> <span class='ocrx_word' id='word_1_427' title='bbox 1440 1741 1522 1772; x_wconf 88' lang='lat' dir='ltr'><strong>rape</strong></span> <span class='ocrx_word' id='word_1_428' title='bbox 1550 1732 1595 1762; x_wconf 89' lang='lat' dir='ltr'><strong>vi-</strong></span> 
     </span>
     <span class='ocr_line' id='line_1_82' title="bbox 893 1781 1592 1822; baseline 0.001 -11"><span class='ocrx_word' id='word_1_429' title='bbox 893 1787 936 1811; x_wconf 86' lang='lat' dir='ltr'><strong>tae</strong></span> <span class='ocrx_word' id='word_1_430' title='bbox 955 1781 1126 1812; x_wconf 65' lang='lat' dir='ltr'><strong>restitutae</strong></span> <span class='ocrx_word' id='word_1_431' title='bbox 1140 1781 1275 1821; x_wconf 84' lang='lat' dir='ltr'><strong>gaudia.</strong></span> <span class='ocrx_word' id='word_1_432' title='bbox 1322 1781 1366 1811; x_wconf 90' lang='lat' dir='ltr'><strong>Et</strong></span> <span class='ocrx_word' id='word_1_433' title='bbox 1381 1781 1475 1822; x_wconf 88' lang='lat' dir='ltr'><strong>quasi</strong></span> <span class='ocrx_word' id='word_1_434' title='bbox 1501 1786 1592 1812; x_wconf 89' lang='lat' dir='ltr'><strong>utra-</strong></span> 
     </span>
     <span class='ocr_line' id='line_1_83' title="bbox 891 1829 1592 1872; baseline 0.001 -11"><span class='ocrx_word' id='word_1_435' title='bbox 891 1841 956 1872; x_wconf 85' lang='lat' dir='ltr'><strong>que</strong></span> <span class='ocrx_word' id='word_1_436' title='bbox 983 1841 1083 1862; x_wconf 86' lang='lat' dir='ltr'><strong>manu</strong></span> <span class='ocrx_word' id='word_1_437' title='bbox 1110 1832 1320 1871; x_wconf 87' lang='lat' dir='ltr'><strong>amplectere</strong></span> <span class='ocrx_word' id='word_1_438' title='bbox 1344 1831 1448 1861; x_wconf 87' lang='lat' dir='ltr'><strong>vitam</strong></span> <span class='ocrx_word' id='word_1_439' title='bbox 1477 1829 1592 1871; x_wconf 83' lang='lat' dir='ltr'><strong>fugiti-</strong></span> 
     </span>
     <span class='ocr_line' id='line_1_84' title="bbox 890 1881 1591 1922; baseline 0.003 -11"><span class='ocrx_word' id='word_1_440' title='bbox 890 1891 978 1920; x_wconf 86' lang='lat' dir='ltr'><strong>vam,</strong></span> <span class='ocrx_word' id='word_1_441' title='bbox 1001 1885 1036 1911; x_wconf 88' lang='lat' dir='ltr'><strong>et</strong></span> <span class='ocrx_word' id='word_1_442' title='bbox 1053 1886 1086 1912; x_wconf 87' lang='lat' dir='ltr'><strong>te</strong></span> <span class='ocrx_word' id='word_1_443' title='bbox 1103 1886 1212 1912; x_wconf 90' lang='lat' dir='ltr'><strong>totum</strong></span> <span class='ocrx_word' id='word_1_444' title='bbox 1237 1881 1277 1911; x_wconf 87' lang='lat' dir='ltr'><strong>da</strong></span> <span class='ocrx_word' id='word_1_445' title='bbox 1302 1881 1487 1912; x_wconf 84' lang='lat' dir='ltr'><strong>commodis</strong></span> <span class='ocrx_word' id='word_1_446' title='bbox 1508 1891 1591 1922; x_wconf 77' lang='lat' dir='ltr'><strong>prae-</strong></span> 
     </span>
     <span class='ocr_line' id='line_1_85' title="bbox 890 1931 1592 1972; baseline 0.006 -12"><span class='ocrx_word' id='word_1_447' title='bbox 890 1931 995 1962; x_wconf 84' lang='lat' dir='ltr'><strong>sentis</strong></span> <span class='ocrx_word' id='word_1_448' title='bbox 1016 1932 1111 1970; x_wconf 78' lang='lat' dir='ltr'><strong>vitae,</strong></span> <span class='ocrx_word' id='word_1_449' title='bbox 1141 1931 1235 1972; x_wconf 87' lang='lat' dir='ltr'><strong>(vide</strong></span> <span class='ocrx_word' id='word_1_450' title='bbox 1263 1932 1380 1972; x_wconf 82' lang='lat' dir='ltr'><strong>Epigr.</strong></span> <span class='ocrx_word' id='word_1_451' title='bbox 1405 1935 1455 1964; x_wconf 86' lang='lat'><strong>16.</strong></span> <span class='ocrx_word' id='word_1_452' title='bbox 1479 1932 1538 1964; x_wconf 87' lang='lat' dir='ltr'><strong>lib.</strong></span> <span class='ocrx_word' id='word_1_453' title='bbox 1563 1936 1592 1964; x_wconf 88' lang='lat' dir='ltr'><strong>l.</strong></span> 
     </span>
     <span class='ocr_line' id='line_1_86' title="bbox 890 1981 1320 2022; baseline 0.005 -10"><span class='ocrx_word' id='word_1_454' title='bbox 890 1990 978 2012; x_wconf 83' lang='lat' dir='ltr'><strong>verS.</strong></span> <span class='ocrx_word' id='word_1_455' title='bbox 994 1981 1041 2021; x_wconf 84' lang='lat'><strong>9.)</strong></span> <span class='ocrx_word' id='word_1_456' title='bbox 1056 1982 1118 2012; x_wconf 91' lang='lat' dir='ltr'><strong>tibi</strong></span> <span class='ocrx_word' id='word_1_457' title='bbox 1135 1987 1320 2022; x_wconf 79' lang='lat' dir='ltr'><strong>supersteS.</strong></span> 
     </span>
    </p>

    <p class='ocr_par' dir='ltr' id='par_1_19' title="bbox 886 2033 1593 2729">
     <span class='ocr_line' id='line_1_87' title="bbox 935 2033 1592 2074; baseline 0.003 -10"><span class='ocrx_word' id='word_1_458' title='bbox 935 2035 974 2064; x_wconf 85' lang='lat'><strong>12</strong></span> <span class='ocrx_word' id='word_1_459' title='bbox 998 2033 1177 2064; x_wconf 80' lang='lat' dir='ltr'><strong>Perdiderit</strong></span> <span class='ocrx_word' id='word_1_460' title='bbox 1191 2034 1308 2064; x_wconf 80' lang='lat' dir='ltr'><strong>nullum</strong></span> <span class='ocrx_word' id='word_1_461' title='bbox 1321 2033 1416 2074; x_wconf 87' lang='lat' dir='ltr'><strong>diem]</strong></span> <span class='ocrx_word' id='word_1_462' title='bbox 1439 2033 1507 2067; x_wconf 83' lang='lat' dir='ltr'><strong>Qui</strong></span> <span class='ocrx_word' id='word_1_463' title='bbox 1523 2044 1592 2066; x_wconf 90' lang='lat' dir='ltr'><strong>me-</strong></span> 
     </span>
     <span class='ocr_line' id='line_1_88' title="bbox 890 2083 1593 2126; baseline 0.004 -13"><span class='ocrx_word' id='word_1_464' title='bbox 890 2083 1033 2114; x_wconf 86' lang='lat' dir='ltr'><strong>tuebant</strong></span> <span class='ocrx_word' id='word_1_465' title='bbox 1050 2089 1085 2114; x_wconf 85' lang='lat' dir='ltr'><strong>et</strong></span> <span class='ocrx_word' id='word_1_466' title='bbox 1101 2084 1269 2115; x_wconf 89' lang='lat' dir='ltr'><strong>cavebant</strong></span> <span class='ocrx_word' id='word_1_467' title='bbox 1293 2094 1335 2116; x_wconf 92' lang='lat' dir='ltr'><strong>ne</strong></span> <span class='ocrx_word' id='word_1_468' title='bbox 1360 2084 1433 2115; x_wconf 85' lang='lat' dir='ltr'><strong>dies</strong></span> <span class='ocrx_word' id='word_1_469' title='bbox 1450 2085 1500 2116; x_wconf 88' lang='lat' dir='ltr'><strong>ita</strong></span> <span class='ocrx_word' id='word_1_470' title='bbox 1517 2094 1593 2126; x_wconf 87' lang='lat' dir='ltr'><strong>per-</strong></span> 
     </span>
     <span class='ocr_line' id='line_1_89' title="bbox 890 2133 1592 2174; baseline 0.004 -11"><span class='ocrx_word' id='word_1_471' title='bbox 890 2133 1023 2169; x_wconf 82' lang='lat' dir='ltr'><strong>derent,</strong></span> <span class='ocrx_word' id='word_1_472' title='bbox 1056 2134 1160 2164; x_wconf 83' lang='lat' dir='ltr'><strong>vitam</strong></span> <span class='ocrx_word' id='word_1_473' title='bbox 1197 2143 1233 2164; x_wconf 89' lang='lat' dir='ltr'><strong>se</strong></span> <span class='ocrx_word' id='word_1_474' title='bbox 1268 2143 1390 2174; x_wconf 87' lang='lat' dir='ltr'><strong>rapere</strong></span> <span class='ocrx_word' id='word_1_475' title='bbox 1419 2133 1592 2167; x_wconf 85' lang='lat' dir='ltr'><strong>dicebant.</strong></span> 
     </span>
     <span class='ocr_line' id='line_1_90' title="bbox 890 2184 1590 2224; baseline 0.003 -10"><span class='ocrx_word' id='word_1_476' title='bbox 890 2184 1077 2224; x_wconf 76' lang='lat' dir='ltr'><strong>Eleganter</strong></span> <span class='ocrx_word' id='word_1_477' title='bbox 1093 2184 1223 2214; x_wconf 91' lang='lat' dir='ltr'><strong>Plinius</strong></span> <span class='ocrx_word' id='word_1_478' title='bbox 1239 2184 1296 2215; x_wconf 93' lang='lat' dir='ltr'><strong>lib.</strong></span> <span class='ocrx_word' id='word_1_479' title='bbox 1316 2186 1367 2215; x_wconf 80' lang='lat'><strong>14.</strong></span> <span class='ocrx_word' id='word_1_480' title='bbox 1384 2193 1458 2224; x_wconf 84' lang='lat' dir='ltr'><strong>cap.</strong></span> <span class='ocrx_word' id='word_1_481' title='bbox 1475 2187 1528 2216; x_wconf 89' lang='lat'><strong>22.</strong></span> <span class='ocrx_word' id='word_1_482' title='bbox 1546 2184 1590 2216; x_wconf 89' lang='lat' dir='ltr'><strong>de</strong></span> 
     </span>
     <span class='ocr_line' id='line_1_91' title="bbox 888 2234 1590 2275; baseline 0.001 -10"><span class='ocrx_word' id='word_1_483' title='bbox 888 2234 929 2265; x_wconf 78' lang='lat' dir='ltr'><strong>iis</strong></span> <span class='ocrx_word' id='word_1_484' title='bbox 951 2235 1006 2275; x_wconf 91' lang='lat' dir='ltr'><strong>qui</strong></span> <span class='ocrx_word' id='word_1_485' title='bbox 1021 2235 1182 2265; x_wconf 88' lang='lat' dir='ltr'><strong>hesterna</strong></span> <span class='ocrx_word' id='word_1_486' title='bbox 1206 2235 1346 2274; x_wconf 84' lang='lat' dir='ltr'><strong>crapula</strong></span> <span class='ocrx_word' id='word_1_487' title='bbox 1367 2238 1514 2266; x_wconf 85' lang='lat' dir='ltr'><strong>mentem</strong></span> <span class='ocrx_word' id='word_1_488' title='bbox 1530 2245 1590 2275; x_wconf 88' lang='lat' dir='ltr'><strong>op-</strong></span> 
     </span>
     <span class='ocr_line' id='line_1_92' title="bbox 889 2286 1588 2326; baseline 0.001 -10"><span class='ocrx_word' id='word_1_489' title='bbox 889 2286 1107 2326; x_wconf 85' lang='lat' dir='ltr'><strong>primebant:</strong></span> <span class='ocrx_word' id='word_1_490' title='bbox 1139 2287 1148 2302; x_wconf 89' lang='lat'>‘</span> <span class='ocrx_word' id='word_1_491' title='bbox 1168 2286 1306 2326; x_wconf 86' lang='lat' dir='ltr'><strong>Rapere</strong></span> <span class='ocrx_word' id='word_1_492' title='bbox 1332 2295 1368 2316; x_wconf 89' lang='lat' dir='ltr'><strong>se</strong></span> <span class='ocrx_word' id='word_1_493' title='bbox 1401 2286 1449 2316; x_wconf 90' lang='lat' dir='ltr'><strong>ita</strong></span> <span class='ocrx_word' id='word_1_494' title='bbox 1484 2286 1588 2318; x_wconf 81' lang='lat' dir='ltr'><strong>vitam</strong></span> 
     </span>
     <span class='ocr_line' id='line_1_93' title="bbox 888 2336 1589 2378; baseline 0.001 -11"><span class='ocrx_word' id='word_1_495' title='bbox 888 2337 1092 2378; x_wconf 80' lang='lat' dir='ltr'><strong>praedicant‚</strong></span> <span class='ocrx_word' id='word_1_496' title='bbox 1118 2346 1218 2376; x_wconf 89' lang='lat' dir='ltr'><strong>quum</strong></span> <span class='ocrx_word' id='word_1_497' title='bbox 1238 2336 1383 2376; x_wconf 85' lang='lat' dir='ltr'><strong>priorem</strong></span> <span class='ocrx_word' id='word_1_498' title='bbox 1400 2336 1490 2367; x_wconf 90' lang='lat' dir='ltr'><strong>diem</strong></span> <span class='ocrx_word' id='word_1_499' title='bbox 1507 2346 1589 2377; x_wconf 89' lang='lat' dir='ltr'><strong>quo-</strong></span> 
     </span>
     <span class='ocr_line' id='line_1_94' title="bbox 889 2386 1588 2427; baseline -0.003 -9"><span class='ocrx_word' id='word_1_500' title='bbox 889 2388 973 2419; x_wconf 83' lang='lat' dir='ltr'><strong>tidie</strong></span> <span class='ocrx_word' id='word_1_501' title='bbox 1005 2387 1164 2427; x_wconf 86' lang='lat' dir='ltr'><strong>perdant‚</strong></span> <span class='ocrx_word' id='word_1_502' title='bbox 1193 2386 1260 2416; x_wconf 87' lang='lat' dir='ltr'><strong>imo</strong></span> <span class='ocrx_word' id='word_1_503' title='bbox 1286 2395 1365 2416; x_wconf 90' lang='lat' dir='ltr'><strong>vero</strong></span> <span class='ocrx_word' id='word_1_504' title='bbox 1390 2390 1426 2416; x_wconf 90' lang='lat' dir='ltr'><strong>et</strong></span> <span class='ocrx_word' id='word_1_505' title='bbox 1450 2386 1588 2417; x_wconf 82' lang='lat' dir='ltr'><strong>venien-</strong></span> 
     </span>
     <span class='ocr_line' id='line_1_95' title="bbox 888 2435 1589 2476; baseline 0 -7"><span class='ocrx_word' id='word_1_506' title='bbox 888 2438 978 2469; x_wconf 86' lang='lat' dir='ltr'><strong>tem.’</strong></span> <span class='ocrx_word' id='word_1_507' title='bbox 1012 2438 1067 2469; x_wconf 86' lang='lat' dir='ltr'><strong>Sic</strong></span> <span class='ocrx_word' id='word_1_508' title='bbox 1082 2437 1206 2467; x_wconf 82' lang='lat' dir='ltr'><strong>lethum</strong></span> <span class='ocrx_word' id='word_1_509' title='bbox 1226 2445 1291 2466; x_wconf 91' lang='lat' dir='ltr'><strong>non</strong></span> <span class='ocrx_word' id='word_1_510' title='bbox 1309 2435 1453 2476; x_wconf 88' lang='lat' dir='ltr'><strong>perdere</strong></span> <span class='ocrx_word' id='word_1_511' title='bbox 1470 2437 1589 2469; x_wconf 88' lang='lat' dir='ltr'><strong>dicunt</strong></span> 
     </span>
     <span class='ocr_line' id='line_1_96' title="bbox 888 2486 1589 2529; baseline -0.001 -9"><span class='ocrx_word' id='word_1_512' title='bbox 888 2499 957 2527; x_wconf 86' lang='lat' dir='ltr'><strong>eos,</strong></span> <span class='ocrx_word' id='word_1_513' title='bbox 975 2488 1030 2529; x_wconf 88' lang='lat' dir='ltr'><strong>qui</strong></span> <span class='ocrx_word' id='word_1_514' title='bbox 1046 2496 1111 2518; x_wconf 90' lang='lat' dir='ltr'><strong>non</strong></span> <span class='ocrx_word' id='word_1_515' title='bbox 1128 2486 1226 2517; x_wconf 87' lang='lat' dir='ltr'><strong>inulti</strong></span> <span class='ocrx_word' id='word_1_516' title='bbox 1242 2487 1440 2518; x_wconf 85' lang='lat' dir='ltr'><strong>moriuntur.</strong></span> <span class='ocrx_word' id='word_1_517' title='bbox 1483 2487 1589 2519; x_wconf 83' lang='lat' dir='ltr'><strong>Luca-</strong></span> 
     </span>
     <span class='ocr_line' id='line_1_97' title="bbox 886 2537 1587 2578; baseline 0 -8"><span class='ocrx_word' id='word_1_518' title='bbox 886 2550 947 2570; x_wconf 89' lang='lat' dir='ltr'><strong>nus</strong></span> <span class='ocrx_word' id='word_1_519' title='bbox 979 2539 1066 2569; x_wconf 88' lang='lat' dir='ltr'><strong>libro</strong></span> <span class='ocrx_word' id='word_1_520' title='bbox 1090 2541 1122 2569; x_wconf 84' lang='lat'><strong>3.</strong></span> <span class='ocrx_word' id='word_1_521' title='bbox 1155 2538 1255 2568; x_wconf 85' lang='lat' dir='ltr'><strong>‘Non</strong></span> <span class='ocrx_word' id='word_1_522' title='bbox 1285 2537 1428 2578; x_wconf 89' lang='lat' dir='ltr'><strong>perdere</strong></span> <span class='ocrx_word' id='word_1_523' title='bbox 1455 2538 1587 2570; x_wconf 87' lang='lat' dir='ltr'><strong>lethum</strong></span> 
     </span>
     <span class='ocr_line' id='line_1_98' title="bbox 888 2586 1588 2622; baseline 0.001 -1"><span class='ocrx_word' id='word_1_524' title='bbox 888 2590 1039 2621; x_wconf 89' lang='lat' dir='ltr'><strong>Maxima</strong></span> <span class='ocrx_word' id='word_1_525' title='bbox 1052 2598 1132 2619; x_wconf 87' lang='lat' dir='ltr'><strong>cura</strong></span> <span class='ocrx_word' id='word_1_526' title='bbox 1148 2586 1235 2619; x_wconf 56' lang='lat' dir='ltr'><strong>fuit?</strong></span> <span class='ocrx_word' id='word_1_527' title='bbox 1281 2589 1433 2620; x_wconf 86' lang='lat' dir='ltr'><strong>Perdere</strong></span> <span class='ocrx_word' id='word_1_528' title='bbox 1448 2598 1483 2620; x_wconf 88' lang='lat' dir='ltr'><strong>se</strong></span> <span class='ocrx_word' id='word_1_529' title='bbox 1497 2589 1588 2622; x_wconf 89' lang='lat' dir='ltr'><strong>diem</strong></span> 
     </span>
     <span class='ocr_line' id='line_1_99' title="bbox 887 2639 1586 2681; baseline 0.001 -11"><span class='ocrx_word' id='word_1_530' title='bbox 887 2640 978 2670; x_wconf 87' lang='lat' dir='ltr'><strong>illum</strong></span> <span class='ocrx_word' id='word_1_531' title='bbox 1008 2639 1188 2679; x_wconf 82' lang='lat' dir='ltr'><strong>putabant,</strong></span> <span class='ocrx_word' id='word_1_532' title='bbox 1219 2648 1316 2678; x_wconf 85' lang='lat' dir='ltr'><strong>quem</strong></span> <span class='ocrx_word' id='word_1_533' title='bbox 1339 2648 1404 2670; x_wconf 92' lang='lat' dir='ltr'><strong>non</strong></span> <span class='ocrx_word' id='word_1_534' title='bbox 1434 2639 1586 2681; x_wconf 88' lang='lat' dir='ltr'><strong>indulge-</strong></span> 
     </span>
     <span class='ocr_line' id='line_1_100' title="bbox 886 2689 1432 2729; baseline 0 -8"><span class='ocrx_word' id='word_1_535' title='bbox 886 2690 968 2721; x_wconf 87' lang='lat' dir='ltr'><strong>bant</strong></span> <span class='ocrx_word' id='word_1_536' title='bbox 983 2690 1092 2729; x_wconf 81' lang='lat' dir='ltr'><strong>gcuio‚</strong></span> <span class='ocrx_word' id='word_1_537' title='bbox 1111 2689 1355 2729; x_wconf 83' lang='lat' dir='ltr'><strong>voluptatibus,</strong></span> <span class='ocrx_word' id='word_1_538' title='bbox 1368 2692 1432 2721; x_wconf 61' lang='lat' dir='ltr'><strong>Sec.</strong></span> 
     </span>
    </p>

    <p class='ocr_par' dir='ltr' id='par_1_20' title="bbox 886 2738 1585 2830">
     <span class='ocr_line' id='line_1_101' title="bbox 930 2738 1585 2772; baseline 0.003 -2"><span class='ocrx_word' id='word_1_539' title='bbox 930 2740 1032 2770; x_wconf 71' lang='lat' dir='ltr'><strong>Epio.</strong></span> <span class='ocrx_word' id='word_1_540' title='bbox 1062 2748 1189 2770; x_wconf 81' lang='lat' dir='ltr'><strong>vaui.</strong></span> <span class='ocrx_word' id='word_1_541' title='bbox 1235 2738 1345 2770; x_wconf 77' lang='lat' dir='ltr'><strong>Annio</strong></span> <span class='ocrx_word' id='word_1_542' title='bbox 1370 2750 1435 2771; x_wconf 86' lang='lat' dir='ltr'><strong>uon</strong></span> <span class='ocrx_word' id='word_1_543' title='bbox 1460 2741 1585 2772; x_wconf 87' lang='lat' dir='ltr'><strong>desunt</strong></span> 
     </span>
     <span class='ocr_line' id='line_1_102' title="bbox 886 2790 1585 2830; baseline 0.001 -8"><span class='ocrx_word' id='word_1_544' title='bbox 886 2800 1025 2830; x_wconf 64' lang='lat' dir='ltr'><strong>mensa»,</strong></span> <span class='ocrx_word' id='word_1_545' title='bbox 1053 2791 1117 2821; x_wconf 86' lang='lat' dir='ltr'><strong>imo</strong></span> <span class='ocrx_word' id='word_1_546' title='bbox 1155 2790 1247 2821; x_wconf 77' lang='lat' dir='ltr'><strong>«lives</strong></span> <span class='ocrx_word' id='word_1_547' title='bbox 1284 2795 1320 2821; x_wconf 87' lang='lat' dir='ltr'><strong>et</strong></span> <span class='ocrx_word' id='word_1_548' title='bbox 1348 2791 1455 2822; x_wconf 75' lang='lat' dir='ltr'><strong>lautus</strong></span> <span class='ocrx_word' id='word_1_549' title='bbox 1482 2791 1585 2823; x_wconf 82' lang='lat' dir='ltr'><strong>habet</strong></span> 
     </span>
    </p>
   </div>
  </div>
 </body>
</html>
