1866 3131
426 201 475 231 Μ.
510 201 618 230 vAt..

210 297 250 324 19
276 294 385 325 Omnis
399 295 437 326 ab
452 296 576 330 urbano,
599 295 668 335 fisa]
693 293 746 325 Ad
764 293 860 325 villas

166 344 199 374 iu
229 345 330 375 Italia
355 348 548 383 maritimas,
575 347 687 386 pisces
712 356 754 377 ex
777 345 860 378 urbe

166 394 320 426 feruntur
336 396 377 426 ad
396 406 525 427 mensus
543 396 768 427 instruendas.
805 395 861 426 Sic

167 446 285 485 Epigr.
298 449 350 477 47.
367 456 450 476 vers.
465 450 514 477 15.
527 452 561 477 et
576 446 691 486 Epigr.
705 448 756 476 57.
773 454 860 476 vers,

167 498 228 527 ult.
249 499 268 527 Ι.
287 500 316 528 3.

207 550 248 578 20
275 548 458 587 Callaicum]
481 548 602 588 Supra,
619 557 705 579 vers,
722 550 755 578 4.

209 599 311 629 limo.
344 607 504 629 xxxviii.
545 599 639 629 Felix
666 597 860 638 conjugium

166 648 319 687 Sulpitiae
349 653 384 679 et
413 648 529 679 Caleni
555 648 735 688 praedicat,
760 653 796 678 et
822 647 864 677 ad

165 700 277 728 omnia
294 698 335 728 ad
351 699 505 738 Sulpitiae
523 698 628 729 refert
645 699 802 737 gratiam.

210 751 221 777 l
255 749 375 788 Molles]
398 749 585 788 Jucnndos,
607 748 738 788 felices,
755 750 862 780 laetos.

166 798 292 838 Calene]
316 800 438 839 Supra,
455 800 571 839 Epigr.
586 802 638 829 45.

206 853 223 879 5
251 850 340 880 Caris
355 850 468 887 litoris,
490 849 558 889 &c.]
583 850 700 890 Epigr.
727 853 778 881 45.
805 849 861 880 lib.

164 903 193 931 8.
218 910 305 931 vers,
321 903 352 932 2.

206 953 226 980 6
250 949 396 989 pugnas]
416 951 475 987 Τῆς
491 949 691 986 κλινοποίλης.

206 1002 224 1030 7
241 1000 381 1031 Lucerna
395 1001 491 1041 vidit]
521 1002 691 1041 Epigram.
720 1003 772 1031 39.
801 1000 859 1031 lib.

166 1051 216 1079 13.

205 1103 225 1130 8
246 1101 369 1131 Nimbis
383 1101 468 1132 ebria
481 1101 708 1141 Nicerotianis]
724 1102 861 1141 Quippe

163 1150 195 1180 in
213 1151 360 1181 lucernis
376 1157 547 1192 unguenta
560 1162 624 1192 quo
643 1152 777 1182 suavius
794 1152 862 1182 ole-

163 1206 239 1231 rent
255 1206 290 1232 et
305 1201 465 1232 arderent
480 1203 722 1241 sumptuosius.
770 1202 861 1232 Nim-

163 1251 208 1282 bis
223 1251 319 1291 ebria,
336 1251 406 1292 Spa]
429 1252 574 1282 Madens
589 1252 862 1292 adspersionibus

161 1306 196 1332 et
213 1303 392 1342 unguentis
407 1313 426 1333 a
445 1302 609 1333 Nicerote
632 1304 863 1343 aromatopola

162 1351 341 1384 confectis.
358 1352 477 1393 Epigr.
494 1355 546 1383 55.
564 1352 622 1383 lib.
640 1356 671 1384 6.
688 1363 774 1385 vers,
790 1356 818 1384 3.

205 1406 224 1433 9
253 1404 368 1434 Vixisti
391 1404 504 1442 tribus,
526 1403 597 1443 δῖα]
620 1405 743 1435 Veram
761 1405 862 1445 egisti

162 1454 266 1484 vitam
283 1455 371 1484 solos
392 1455 493 1485 hosce
522 1457 572 1485 15.
598 1464 715 1494 annos,
739 1456 862 1496 quibus

162 1503 256 1535 fuisti
270 1510 445 1536 uxoratus,

209 1557 247 1585 12
265 1556 318 1585 Ea:
331 1556 395 1586 illis
405 1556 476 1593 tibi,
489 1556 556 1596 dra]
572 1557 684 1587 Unum
697 1557 861 1597 ejusmodi

164 1605 251 1636 diem
269 1606 330 1636 tibi
346 1616 366 1636 a
381 1606 460 1637 fatis
483 1607 653 1638 redditum
682 1606 862 1647 praeferres

163 1658 195 1686 4.
214 1656 373 1687 aetatibus
388 1656 555 1695 Nestoris,
571 1657 603 1687 id
618 1662 683 1694 est,
701 1659 750 1688 12.
768 1666 861 1687 secu-

164 1708 215 1737 lis.
261 1708 347 1738 Vide
377 1708 631 1747 Epigrammate
661 1710 713 1739 30.
747 1708 803 1738 lib.
830 1711 862 1739 9.

164 1766 251 1788 vers.
271 1760 300 1788 1.

207 1808 312 1839 Erro.
327 1816 463 1838 xxxrx.
477 1807 631 1838 Lesbiam
646 1811 713 1838 tam
727 1811 861 1847 turpem

164 1863 199 1888 et
214 1867 370 1888 annosam
394 1858 454 1897 ait,
477 1863 514 1888 ut
539 1857 693 1888 videatur
716 1859 862 1888 omnium

164 1909 374 1940 foemiuarum
387 1910 505 1950 prima,
516 1918 558 1939 ex
574 1909 649 1949 ipso
663 1909 734 1940 luto
747 1919 767 1939 a
780 1909 862 1939 Pro-

164 1960 297 1991 metheo
313 1958 404 1990 ficta.

206 2015 225 2042 2
252 2011 413 2050 Mentiris,
427 2010 496 2050 fisa]
521 2010 627 2040 Immo
643 2009 812 2050 antiquior
828 2019 862 2040 es

164 2061 318 2092 omnibus
336 2061 549 2092 Consulibus.
596 2059 717 2100 Numa]
734 2060 861 2091 Secun-

162 2112 206 2142 do
221 2121 300 2150 rege
318 2112 458 2142 Roman.

206 2165 225 2193 4
253 2163 343 2193 Ficta
363 2162 558 2200 Prometheo,
575 2161 645 2201 ἐξα]
668 2160 722 2191 Ita
738 2170 863 2191 annosa

165 2221 202 2242 es
218 2217 253 2242 et
268 2212 365 2243 simul
387 2211 472 2243 adeo
493 2211 659 2252 squallida
680 2215 715 2242 et
741 2212 864 2251 turpis,

167 2267 203 2293 ut
221 2262 365 2292 videaris
380 2271 398 2293 e
416 2262 487 2292 luto
500 2260 593 2292 facta
605 2271 625 2292 a
637 2262 861 2299 Prometheo;

166 2312 376 2352 respicitque
415 2311 612 2351 figmentum
655 2312 834 2343 Poeticum
851 2323 859 2341 :

167 2362 245 2393 vide
264 2362 380 2402 Epigr.
393 2364 446 2393 77.
465 2361 563 2394 infra.

212 2413 314 2444 Eric.
334 2422 389 2444 xr..
407 2416 425 2444 3
440 2413 511 2443 Non
525 2416 593 2444 erat
606 2412 755 2455 cinoeclus]
768 2413 862 2445 Alius

166 2469 241 2495 erat
264 2474 283 2494 a
310 2463 452 2495 cinaedo.
495 2464 593 2496 Quod
619 2470 732 2494 autem
760 2464 863 2495 fuerit

166 2514 229 2544 hoc
244 2515 367 2551 scelus,
395 2514 529 2544 videtur
555 2515 693 2545 inuuere
712 2515 862 2546 Parono-

167 2566 270 2595 masia
285 2565 340 2595 τοῦ
366 2566 375 2581 ⁴
389 2564 499 2604 Irrupi
511 2564 530 2594 :’
555 2565 668 2605 Epigr.
683 2568 736 2596 47.
753 2566 812 2597 lib.
829 2570 861 2598 2.

169 2626 256 2646 vers.
280 2619 309 2646 3.

210 2668 315 2698 Eeio.
334 2675 407 2697 xm.
434 2665 599 2697 Avaritiae
615 2675 745 2707 caussa,
762 2677 864 2699 avara

170 2718 350 2748 Proculeia
365 2727 384 2747 a
400 2717 472 2748 viro
488 2716 640 2749 divertit.

214 2771 227 2797 1
256 2768 363 2798 Mense
375 2777 463 2809 novo,
486 2766 553 2806 ἐξα]
575 2767 749 2807 Jauuario,
771 2772 805 2799 et
828 2767 864 2798 τὸ

168 2819 177 2835 ⁴
192 2818 311 2849 Mense
339 2818 444 2849 novo'
472 2817 655 2849 ἀντιτίθεται
679 2820 722 2858 τῷ
747 2820 755 2836 ⁸
773 2824 865 2851 vete·

653 198 926 229 MARTlALIS
960 198 1121 229 EPIGR.
1155 199 1248 228 [ΑΒ.
1284 199 1333 228 X.

1496 187 1611 229 1367

911 302 981 323 rem
1003 293 1185 325 maritum.’

952 345 972 373 4
1001 343 1124 373 Proetor
1139 343 1223 383 erat]
1249 344 1302 375 Ne
1319 343 1433 386 itaque
1451 354 1534 374 uxor
1551 344 1610 375 do-

912 398 985 424 tata
996 399 1030 424 et
1043 394 1135 425 dives
1148 396 1267 426 marito
1282 395 1422 436 pauperi
1433 395 1612 435 designato

912 445 1058 475 Praetori
1088 452 1270 485 cogeretur
1301 447 1520 486 suppeditare
1552 447 1611 476 im-

911 504 1034 534 pensas
1063 505 1223 535 purpura‘,
1250 501 1408 536 (uanique
1434 496 1613 536 purpurati

912 555 970 575 seu
1001 546 1198 586 praetextati
1228 546 1396 577 curabant
1429 546 1615 586 Megalesia

913 596 1100 633 Praetores)
1134 601 1168 626 et
1201 596 1354 626 ludorum
1387 597 1421 626 in
1452 597 1612 627 honorem

912 647 1047 685 Magnae
1066 647 1183 676 matris
1202 646 1313 676 Deum
1327 651 1362 676 et
1375 646 1416 676 ad
1431 646 1612 676 concilian-

912 697 988 727 dam
1005 697 1147 737 gratiam
1165 701 1200 727 et
1215 697 1358 726 salutem
1374 697 1512 737 populi;
1529 696 1614 728 fecit

911 748 1095 779 Proculeia
1111 747 1306 778 divortium.

954 812 972 829 o
1004 799 1190 829 Constatura
1213 797 1281 834 suit
1312 796 1514 836 Megalensis,
1541 796 1612 837 Esca]

912 848 1141 888 Megalensem
1166 857 1351 887 purpuram
1374 851 1475 877 vocat
1499 852 1613 885 togam

912 899 1163 939 triumphalem,
1172 908 1237 938 qua
1249 897 1385 928 indutus
1396 897 1614 928 PraetorMe-

911 950 1090 989 galesiacae
1103 958 1237 989 mappae
1249 950 1446 988 spectacula
1461 948 1615 979 editurus

911 1006 996 1032 erat.
1040 1001 1211 1031 Videntur
1228 1001 1331 1030 etiam
1350 1001 1525 1031 Praetores
1542 1010 1609 1030 non

911 1051 1009 1081 modo
1026 1051 1060 1081 in
1081 1050 1247 1081 Ludorum
1264 1050 1428 1089 editione,
1445 1050 1505 1080 sed
1523 1050 1613 1081 inter

911 1101 1171 1133 sacrificandum
1181 1106 1307 1132 vestem
1320 1101 1444 1141 pictam
1453 1105 1489 1132 et
1499 1101 1615 1132 trium-

912 1153 1045 1193 phalem
1060 1157 1224 1192 gestasse.
1249 1152 1378 1182 Ferrar.

955 1206 973 1233 7
1003 1203 1158 1242 populare
1191 1212 1323 1239 sacrum,
1352 1200 1422 1241 Bm]
1476 1201 1613 1232 Merula

912 1251 1020 1283 refert
1035 1252 1077 1282 ad
1095 1252 1253 1282 Floralia.
1304 1252 1456 1282 Raderus
1474 1251 1516 1282 ad
1532 1251 1615 1282 For-

912 1302 1059 1340 nacalia,
1088 1301 1220 1340 Palilia,
1254 1310 1313 1331 seu
1350 1301 1492 1331 Laralia.
1538 1301 1612 1341 Ego

911 1354 985 1384 haee
1011 1352 1130 1383 eadem
1158 1351 1346 1391 Megalesia
1381 1351 1526 1382 maxime
1556 1360 1615 1392 po-

914 1405 1031 1444 pulare
1046 1412 1177 1441 sacrum
1204 1402 1305 1433 fuisse
1324 1411 1461 1442 censeo,
1484 1407 1522 1434 ut
1539 1412 1615 1444 quae

911 1453 952 1485 ad
978 1453 1177 1493 religionem
1194 1456 1228 1482 et
1245 1452 1398 1482 laetitiam
1416 1451 1532 1491 populi
1558 1461 1614 1482 ce-

911 1504 1044 1535 lebrata
1064 1507 1150 1534 sunt.
1197 1502 1379 1542 Popularia
1406 1511 1488 1541 ergo
1516 1512 1614 1533 sacra

912 1560 1001 1593 sunt,
1017 1564 1091 1595 quae
1109 1562 1224 1584 omnes
1239 1553 1330 1582 cives
1347 1551 1497 1583 faciunt:
1523 1562 1614 1593 ‹111ae-

913 1617 979 1648 que
992 1617 1057 1637 non
1071 1611 1148 1637 sunt
1165 1605 1332 1636 attributa
1345 1604 1449 1635 certis
1466 1603 1615 1636 familiis.

913 1658 966 1688 Ex
982 1657 1032 1687 his
1049 1656 1192 1687 Floralia
1208 1660 1319 1693 erant,
1335 1664 1410 1695 quae
1429 1655 1615 1696 Magistra-

913 1708 1004 1738 tibus
1028 1712 1063 1738 et
1088 1705 1301 1737 Praetoribus
1321 1704 1467 1735 fiebant:
1497 1704 1556 1735 sed
1579 1710 1617 1736 et

912 1758 988 1796 alia,
1013 1766 1154 1798 quorum
1177 1754 1333 1797 quaedam
1351 1754 1494 1785 fortasse
1518 1754 1612 1785 Prae-

913 1809 996 1839 toris
1027 1807 1185 1847 impensis
1213 1805 1353 1836 fiebant.
1380 1805 1532 1836 Turneb.
1555 1806 1614 1837 lib.

913 1861 965 1889 30.
983 1857 1127 1889 Advers.
1139 1866 1213 1896 cap.
1226 1859 1279 1886 30.

953 1912 973 1940 8
998 1907 1190 1947 Discidium]
1213 1905 1314 1940 Quod
1341 1910 1394 1937 est
1419 1906 1615 1946 divortium,

911 1969 1012 2001 quum
1029 1958 1175 1989 discedit
1189 1968 1208 1988 a
1221 1957 1366 1998 conjuge
1379 1957 1514 1998 conjux.

956 2010 1061 2041 Eme.
1074 2017 1164 2040 xml.
1187 2008 1239 2039 Ad
1250 2007 1456 2047 Dindymum]
1470 2007 1522 2038 Ad
1533 2018 1612 2040 eun-

912 2061 1002 2092 dem.
1021 2060 1194 2100 Epigram.
1210 2061 1263 2089 41.
1278 2064 1312 2088 et
1328 2061 1381 2089 53.
1400 2058 1458 2089 lib.
1474 2063 1505 2089 5.

956 2114 974 2143 3
997 2111 1149 2149 Ventura,
1161 2108 1232 2150 Sym]
1257 2108 1418 2139 Nondum
1434 2107 1612 2148 decerpta,

912 2164 1040 2194 intacta
1052 2161 1174 2191 adhuc.

956 2213 1058 2243 Epm.
1087 2219 1192 2240 xmit.
1237 2212 1254 2240 l
1278 2207 1382 2248 Agra]
1415 2208 1611 2248 Sepulchris

912 2261 1103 2294 consecrari
1120 2260 1263 2301 agellum
1280 2260 1381 2289 moris
1395 2258 1472 2296 fuit,
1488 2264 1525 2289 ut
1540 2259 1612 2289 dic-

914 2320 983 2345 tum
995 2314 1112 2353 Epigr.
1126 2314 1198 2342 115.
1214 2316 1249 2341 et
1263 2312 1338 2340 117.
1352 2310 1408 2340 lib.
1423 2312 1450 2339 1.

955 2367 974 2396 2
1001 2364 1076 2394 Plus
1086 2361 1176 2399 nulli,
1191 2360 1259 2400 Esau]
1288 2359 1430 2389 Manent
1443 2358 1530 2388 euim
1546 2358 1611 2389 tibi

913 2416 1011 2447 dotes
1029 2413 1249 2453 sepultarum,
1266 2416 1428 2450 vacaique
1445 2410 1611 2440 thalamus

913 2475 998 2496 novo
1015 2463 1186 2504 conjugio·

956 2517 1059 2546 Epic.
1078 2522 1176 2545 xmv.
1220 2511 1367 2550 Magnus
1385 2515 1420 2540 et
1436 2509 1545 2541 clarus
1561 2510 1613 2542 vir

913 2567 979 2598 fuit
1002 2567 1054 2597 hic
1078 2564 1239 2602 Ovidius,
1262 2560 1408 2593 Caesonii
1428 2570 1540 2592 comes
1555 2571 1612 2593 vo·

913 2617 1079 2648 luntarius
1105 2612 1212 2651 exilii,
1238 2611 1383 2643 Neronis
1405 2611 1613 2651 temporibus

912 2672 1011 2699 natus
1040 2665 1113 2697 Cal.
1139 2662 1335 2703 Aprilibus:
1361 2660 1418 2693 lib.
1436 2664 1469 2692 9.
1494 2661 1611 2702 Epigr.

913 2721 966 2749 53.
1022 2716 1129 2748 Juxta
1157 2713 1362 2745 Nomentum
1399 2710 1528 2751 praedia
1554 2711 1611 2742 ha·

915 2768 1000 2799 buit.
1029 2766 1104 2797 Hoc
1122 2765 1195 2795 loco
1210 2762 1269 2801 ait,
1286 2760 1384 2792 amici
1401 2770 1518 2792 caussa
1534 2771 1612 2802 pro-

916 2819 1043 2851 fectum
1063 2818 1095 2848 in
1113 2813 1323 2846 Britanniam
1339 2823 1347 2851 ς
1371 2817 1473 2844 vovet
1495 2812 1543 2842 illi
1562 2821 1612 2843 re-
