1866 3131
690 204 828 234 NOTAE
865 204 1123 235 vARJoRt‘M
1163 205 1208 234 lm

508 454 834 503 EPIGRAM
844 455 1113 503 MATUM
1157 456 1295 503 LIB.
1327 457 1391 504 V.

264 602 367 633 Epio.
386 611 410 633 1.
435 602 548 634 Mittit
570 603 693 634 librum
713 603 753 634 ad
774 602 921 634 Domiti-

219 661 334 692 anum,
351 658 516 694 rogatque
532 655 582 685 uti
600 660 735 695 gratum
751 654 922 694 accipiat3

220 712 279 733 seu
296 703 459 744 lecturus»,
482 713 542 736 seu
560 705 791 745 neglecturus.

264 756 281 783 l
306 753 378 784 Hoc
405 754 479 795 tibi]
516 755 593 786 Hoc
622 755 782 796 quicquid
808 755 843 785 id
869 760 921 785 est

216 804 406 849 libri,hunc
423 806 689 847 qualemcunque
706 805 830 837 librum
846 806 921 836 mit-

221 857 321 887 timus
348 857 424 897 tibi,
452 867 470 887 o
494 858 623 888 Caesar.
669 855 922 897 Palladiae‚23·c.]

219 908 286 939 Seu
314 907 409 948 degis
437 908 471 938 in
489 913 601 939 moute
618 907 766 940 Albano.
811 909 922 940 Quem

220 959 330 989 locum
362 963 523 999 tanquam
555 968 667 990 arcem
695 959 859 997 elegerat,
889 963 924 989 et

219 1009 277 1040 ubi
293 1009 509 1050 quinquatria
525 1009 558 1039 in
580 1009 741 1041 honorem
757 1009 924 1041 Minervae

221 1061 402 1102 quotannis
433 1060 641 1092 celebravit:
666 1061 726 1092 lib.
751 1063 784 1092 4.
805 1062 925 1101 Epigr.

223 1116 251 1143 1.
270 1122 358 1144 vers.
380 1116 414 1144 6.
459 1113 613 1144 Palladia>
638 1111 746 1152 Alboe]
768 1112 923 1143 Raderus

220 1168 318 1194 notat
334 1173 352 1194 a
378 1163 538 1193 Martiale
560 1163 765 1194 blandiendo
790 1164 798 1180 ‘
812 1163 924 1194 Palla-

221 1213 313 1244 diam
351 1213 492 1244 Albam’
532 1215 658 1252 vocari,
691 1213 781 1256 quod
819 1215 925 1245 sciret

222 1263 422 1294 Domitiano
458 1264 699 1301 gratissimam.
743 1265 835 1295 Nihil
869 1265 924 1296 hic

221 1313 436 1344 adulationis.
460 1314 469 1330 ‘
485 1314 640 1345 Palladia
657 1314 772 1354 Alba,’
791 1315 844 1346 nbi
858 1314 925 1346 foci

225 1363 379 1402 Palladii,
423 1364 590 1395 Minervae
629 1366 762 1404 signum
807 1364 925 1398 fatale.

224 1414 309 1445 Haec
325 1413 393 1444 duo
410 1424 509 1446 sacra
526 1415 724 1456 plerumque
740 1417 925 1457 conjunge-

223 1465 356 1496 bantur.
386 1465 474 1496 Vide
487 1466 637 1498 Gronov.
649 1467 691 1497 ad
704 1467 793 1499 Stat.
804 1468 928 1509 Papin.

224 1526 301 1557 pag.
315 1518 388 1547 277.

265 1570 284 1597 2
311 1567 448 1598 Triviam
484 1567 651 1607 prospicis]
708 1567 927 1599 Artemisium

223 1619 385 1659 templum
414 1619 449 1650 in
476 1629 615 1651 nemore
651 1620 772 1650 Dianae
800 1620 926 1652 ‘rriviae

224 1679 331 1709 prope
361 1669 548 1702 Aricinam.

224 1719 334 1749 altera
351 1724 449 1759 parte
466 1719 631 1760 prospicis
648 1729 753 1752 mare.

267 1772 285 1800 3
309 1769 372 1800 Seu
388 1773 442 1801 tua
463 1771 621 1809 vmicIicae,
639 1771 709 1811 δἀ]
743 1772 810 1803 Seu
831 1771 926 1812 degis

225 1818 334 1857 Antii,
357 1819 413 1850 ubi
431 1820 586 1851 Fortuna
611 1822 734 1853 colitur
760 1823 822 1854 sub
846 1823 927 1854 ima-

225 1870 302 1910 gine
319 1870 529 1910 geminarum
546 1880 710 1910 sororum,
732 1882 813 1913 quas
831 1872 927 1904 Anti·

225 1921 334 1952 atinas
349 1920 455 1959 dicit;
479 1931 620 1962 quarum
631 1927 666 1952 et
678 1923 830 1954 meminit
845 1924 927 1954 Sue·

226 1976 295 2003 ton.
315 1972 348 2003 in
366 1973 474 2012 Calig.
509 1973 599 2004 Hinc
618 1973 739 2005 Horat.
765 1975 817 2006 ‘O
838 1976 928 2006 Diva

226 2028 362 2064 gratum
400 2033 476 2064 quae
516 2024 605 2064 regis
639 2024 804 2057 Antium:
857 2026 926 2057 Sed

227 2082 331 2114 quare
358 2073 524 2112 geminae?
560 2073 613 2105 An
637 2075 717 2115 quia
747 2075 811 2106 alia
836 2086 929 2117 pros·

227 2133 322 2163 pera,
344 2123 409 2153 alia
423 2122 596 2156 infausta?
620 2125 689 2156 Per
699 2125 927 2159 adulationem

228 2180 343 2205 autem
372 2174 573 2207 Domitiano
601 2186 726 2208 numen
756 2178 866 2218 majus
893 2183 928 2210 et

227 2226 398 2257 oraculum
425 2227 551 2258 certius
583 2228 750 2267 attribuit,
783 2228 930 2261 dictanti

228 2276 360 2307 scilicet
384 2276 434 2307 his
461 2281 624 2319 tanquam
645 2279 832 2311 minoribns
854 2281 929 2312 Diis

228 2335 400 2365 responsa.
879 2363 882 2365 Α

270 2380 289 2407 4
310 2377 674 2419 Ρῑαηαειιῠανὸαηί,ᾃ·ε.]
692 2380 803 2413 Quam
814 2381 929 2412 urbem

229 2436 323 2458 mare
348 2427 457 2466 alluit,
480 2429 574 2470 cujus
598 2430 760 2461 suburbia
783 2438 931 2472 occupat

229 2487 333 2508 mare.
389 2478 500 2511 Quum
530 2480 619 2511 enim
649 2480 787 2513 Antium
814 2482 859 2513 sit
882 2482 932 2513 ἐπὶ

229 2526 351 2567 πέτραις
368 2527 523 2568 ἱδρυμένον
538 2530 593 2571 (ut
608 2531 728 2563 scribe.
743 2533 882 2573 Strabo)
896 2539 932 2565 et

231 2577 391 2608 abluatur
413 2580 508 2619 mari,
531 2581 585 2611 cui
610 2580 769 2622 adjacet3
796 2583 932 2615 videtur

231 2638 323 2660 mare
353 2638 426 2660 esse
455 2631 558 2662 veluti
584 2631 617 2662 in
645 2632 806 2665 suburbio
822 2635 931 2675 Antii,

231 2680 281 2709 καὶ
305 2679 378 2711 εἶναι
404 2681 493 2713 οἱονεὶ
520 2683 699 2723 προάστειόν
727 2698 770 2716 τι.
817 2687 931 2719 Hodie

234 2730 313 2760 urbs
331 2741 370 2762 ea
386 2732 584 2773 Principum
606 2736 688 2774 otio,
712 2741 747 2766 et
764 2738 931 2770 vacationi

233 2781 380 2813 civilium
396 2785 658 2824 occupationum
675 2787 785 2818 dicata
802 2793 865 2819 est.

603 1670 680 1701 [nde
710 1670 837 1711 Thetin]
874 1670 928 1702 Ab
965 1664 974 1676 '

1015 610 1032 636 5
1058 606 1118 638 Seu
1133 608 1244 647 placet,
1259 606 1328 647 gc]
1366 606 1432 637 Seu
1452 603 1623 636 recessisti
1640 603 1673 634 in

972 657 1127 697 Cajetam
1146 658 1262 689 urbem
1279 657 1490 698 Campaniae,
1503 656 1546 687 ab
1559 656 1673 687 AEneae

971 709 1104 739 nutrice
1129 709 1269 749 dictam,
1291 714 1328 740 ut
1351 709 1423 740 vult
1443 708 1539 748 Virg.
1565 710 1595 738 7.
1619 706 1673 737 AE-

972 759 1062 789 neid.
1088 766 1125 791 ut
1141 761 1211 800 alii,
1230 771 1249 791 a
1262 759 1370 798 καίειν,
1386 758 1475 800 quod
1492 758 1539 789 ibi
1555 757 1675 788 classis

971 809 1117 849 Trojana
1146 811 1300 841 incensa:
1338 816 1375 840 ut
1404 809 1473 847 alii,
1497 819 1517 839 a
1543 808 1677 838 sinuosa

973 860 1136 899 cavitate,
1159 870 1259 901 quam
1286 861 1438 891 Lacones
1463 860 1471 875 ‘
1491 858 1679 889 Caiattam’

975 910 1148 941 dixerunt.
1193 910 1336 951 Seufilia
1359 908 1458 948 Solis]
1480 909 1546 938 Seu
1565 917 1675 938 versa-

975 963 1019 992 ris
1044 961 1220 997 ‘Ci1·ceis‚'
1248 960 1479 1002 promontorio
1507 959 1633 997 Italiae,
1657 969 1677 989 a

975 1013 1075 1044 Circe
1089 1011 1159 1043 filia
1183 1012 1271 1043 Solis
1297 1017 1333 1043 et
1357 1011 1482 1042 Perses
1507 1009 1676 1051 quondam

974 1063 1140 1094 habitato.

1017 1116 1038 1144 6
1061 1112 1263 1153 Salutiferis]
1301 1113 1453 1152 Propter
1484 1111 1679 1148 Pontinam,

977 1166 1028 1196 vel
1044 1165 1126 1196 alias
1145 1164 1299 1205 paludes,
1321 1164 1353 1194 in
1371 1173 1453 1204 quas
1470 1172 1611 1203 pronum
1625 1166 1679 1192 est

975 1216 1096 1247 Anxur
1106 1216 1149 1247 ab
1162 1215 1281 1247 Ufenti
1293 1213 1373 1246 fluv.
1386 1224 1450 1246 non
1465 1223 1568 1255 parva
1579 1223 1680 1254 aqua-

976 1276 1048 1297 rum
1066 1265 1266 1297 salubritate
1282 1276 1290 1296 z
1319 1265 1367 1296 sic
1381 1266 1500 1305 Epigr.
1521 1267 1573 1295 51.
1590 1265 1610 1295 l.
1625 1266 1679 1294 19.

977 1327 1063 1350 verS.
1092 1320 1124 1348 6.
1151 1317 1321 1355 Candidus,
1349 1316 1416 1356 ἔγω]
1453 1315 1678 1355 ‘Impositum

976 1369 1044 1399 late
1052 1369 1141 1399 saxis
1153 1367 1378 1399 candentibus
1390 1365 1537 1397 Auxurz’
1557 1365 1680 1397 Horat.

977 1420 1051 1450 Sat.
1067 1424 1098 1450 5.
1113 1419 1199 1450 libro
1215 1422 1246 1449 2.

1020 1473 1040 1500 8
1066 1470 1201 1500 Gratum
1225 1469 1390 1506 credimus,
1414 1469 1484 1509 Esca]
1518 1469 1594 1500 Non
1620 1468 1680 1498 im-

977 1530 1160 1551 memorem
1179 1520 1342 1560 Capitolii
1356 1530 1375 1550 a
1389 1520 1584 1551 Domitiano
1598 1528 1680 1558 pue-

979 1581 1016 1601 ro
1033 1570 1185 1601 defensi:
1212 1571 1329 1611 Epigr.
1347 1573 1420 1601 104.
1440 1571 1496 1601 lib.
1512 1573 1543 1601 9.
1559 1570 1612 1601 vel
1628 1579 1679 1599 re-

980 1622 1092 1652 stituti
1120 1631 1195 1653 cum
1225 1622 1346 1652 iterum
1363 1622 1514 1652 arsisset.
1538 1621 1680 1652 sueton.

978 1682 1055 1712 cap.
1072 1676 1104 1702 5.
1122 1672 1254 1703 Domit.
1278 1671 1367 1703 vide
1377 1672 1496 1713 Epigr.
1508 1673 1561 1702 59.
1578 1670 1636 1701 lib.
1649 1673 1683 1700 7.

1024 1727 1064 1754 10
1087 1725 1131 1754 Et
1148 1723 1300 1763 tumidus]
1323 1723 1500 1764 Superbus
1512 1722 1682 1763 gloriabor

978 1773 1100 1805 librum
1117 1784 1136 1805 a
1153 1774 1292 1805 Caesare
1311 1774 1437 1805 lectum
1452 1783 1538 1804 esse.
1587 1772 1680 1802 Galla

978 1825 1283 1865 credulitatesmwr]
1322 1825 1449 1856 Facili:
1474 1824 1565 1856 Galli
1590 1825 1681 1855 enim

980 1880 1060 1905 tunc
1090 1875 1272 1916 simplices,
1300 1880 1364 1907 oze.
1390 1876 1534 1914 creduli,
1555 1875 1680 1906 Strabo

978 1927 1035 1958 lib.
1052 1930 1083 1958 4.

1023 1978 1128 2009 Epic.
1159 1986 1199 2008 11.
1235 1977 1474 2008 Verecundum
1514 1979 1563 2008 ait
1591 1977 1680 2008 hunc

978 2029 1129 2060 libellum
1158 2033 1194 2059 et
1223 2033 1366 2067 castum,
1396 2038 1519 2068 nempe
1549 2029 1681 2059 Caesari

978 2079 1196 2119 inscriptum,
1219 2079 1313 2119 cnjus
1344 2080 1500 2119 majestas
1529 2084 1563 2110 et
1586 2088 1681 2109 reve-

980 2129 1091 2160 rentia
1104 2128 1267 2160 excludat
1280 2138 1413 2159 omnem
1430 2129 1611 2160 verborum
1628 2139 1681 2160 re-

980 2189 1122 2220 rumque
1152 2179 1349 2217 licentiam3
1384 2179 1473 2220 quod
1501 2184 1537 2211 et
1564 2179 1626 2210 lib.
1649 2182 1680 2210 8.

980 2230 1080 2262 docet
1099 2230 1350 2270 Epigrammate
1372 2229 1414 2260 ad
1431 2239 1528 2261 suurn
1544 2229 1682 2267 librum,

979 2290 1078 2323 quem
1090 2281 1138 2311 ita
1151 2279 1293 2312 affatur:
1321 2282 1330 2297 ‘
1345 2280 1548 2321 Laurigeros
1561 2281 1679 2311 Domi-

979 2333 1013 2362 ni
1025 2331 1111 2362 liber
1126 2332 1293 2362 intrature
1305 2332 1572 2372 penateS‚Disce
1587 2341 1681 2362 vere-

980 2382 1092 2414 cundo
1108 2382 1257 2413 sanctius
1275 2391 1334 2413 ore
1351 2381 1463 2423 loqui.’

1023 2435 1038 2462 1
1065 2433 1234 2471 Matronoe,
1262 2432 1333 2473 aisa]
1368 2433 1454 2464 Vide
1481 2433 1600 2474 Epigr.
1625 2435 1679 2464 76.

980 2482 1038 2514 lib.
1054 2485 1085 2513 3.
1102 2491 1189 2513 vers.
1204 2484 1238 2513 4.

1022 2536 1041 2564 5
1068 2531 1351 2574 Quatuorlibellos]
1373 2533 1627 2565 Praecedentes.

1023 2587 1042 2614 6
1066 2583 1216 2623 Domino]
1242 2584 1454 2616 Domitiano.

1023 2637 1042 2665 7
1067 2634 1286 2675 Germanicus]
1344 2635 1580 2666 Domitianus:
1621 2635 1677 2675 qui

981 2696 1017 2718 se
1042 2691 1200 2726 tanquam
1228 2696 1246 2716 a
1273 2686 1458 2717 Germania
1479 2687 1615 2718 devicta
1631 2687 1679 2717 ita

981 2736 1146 2777 appellari
1178 2737 1296 2768 voluit.
1359 2738 1423 2768 Ore
1452 2747 1512 2768 uon
1542 2736 1677 2776 rubenti]

979 2788 1058 2818 Siue
1078 2787 1209 2819 rubore.
