<?xml version="1.0" encoding="UTF-8"?>
<!DOCTYPE html PUBLIC "-//W3C//DTD XHTML 1.0 Transitional//EN"
    "http://www.w3.org/TR/xhtml1/DTD/xhtml1-transitional.dtd">
<html xmlns="http://www.w3.org/1999/xhtml" xml:lang="en" lang="en">
 <head>
  <title>
</title>
<meta http-equiv="Content-Type" content="text/html;charset=utf-8" />
  <meta name='ocr-system' content='tesseract 3.04.00' />
  <meta name='ocr-capabilities' content='ocr_page ocr_carea ocr_par ocr_line ocrx_word'/>
</head>
<body>
  <div class='ocr_page' id='page_1' title='image "./epigrammataexedi03martuoft_0027.png"; bbox 0 0 1866 3131; ppageno 0'>
   <div class='ocr_carea' id='block_1_1' title="bbox 372 135 1364 167">
    <p class='ocr_par' dir='ltr' id='par_1_1' title="bbox 372 135 1364 167">
     <span class='ocr_line' id='line_1_1' title="bbox 372 135 1364 167; baseline 0.001 -2"><span class='ocrx_word' id='word_1_1' title='bbox 372 138 418 166; x_wconf 76' lang='lat' dir='ltr'>M.</span> <span class='ocrx_word' id='word_1_2' title='bbox 445 137 553 166; x_wconf 68' lang='lat' dir='ltr'>VAL.</span> <span class='ocrx_word' id='word_1_3' title='bbox 592 135 866 166; x_wconf 73' lang='lat' dir='ltr'>MAR&#39;rlALlS</span> <span class='ocrx_word' id='word_1_4' title='bbox 904 136 996 164; x_wconf 75' lang='lat' dir='ltr'>[AB.</span> <span class='ocrx_word' id='word_1_5' title='bbox 1034 137 1095 165; x_wconf 82' lang='lat' dir='ltr'>DE</span> <span class='ocrx_word' id='word_1_6' title='bbox 1134 136 1364 167; x_wconf 78' lang='lat' dir='ltr'>SPECTAC.</span> 
     </span>
    </p>
   </div>
   <div class='ocr_carea' id='block_1_2' title="bbox 137 230 840 2751">
    <p class='ocr_par' dir='ltr' id='par_1_2' title="bbox 139 230 839 314">
     <span class='ocr_line' id='line_1_2' title="bbox 139 230 839 263; baseline -0.001 0"><span class='ocrx_word' id='word_1_7' title='bbox 139 231 274 263; x_wconf 86' lang='lat' dir='ltr'>unicum</span> <span class='ocrx_word' id='word_1_8' title='bbox 294 231 347 262; x_wconf 80' lang='lat' dir='ltr'>vix</span> <span class='ocrx_word' id='word_1_9' title='bbox 361 235 481 263; x_wconf 84' lang='lat' dir='ltr'>nactus</span> <span class='ocrx_word' id='word_1_10' title='bbox 497 231 611 262; x_wconf 88' lang='lat' dir='ltr'>navim</span> <span class='ocrx_word' id='word_1_11' title='bbox 625 230 839 262; x_wconf 86' lang='lat' dir='ltr'>conscendit·</span> 
     </span>
     <span class='ocr_line' id='line_1_3' title="bbox 140 282 667 314; baseline 0 -2"><span class='ocrx_word' id='word_1_12' title='bbox 140 283 230 314; x_wconf 90' lang='lat' dir='ltr'>Plin.</span> <span class='ocrx_word' id='word_1_13' title='bbox 243 283 264 313; x_wconf 94' lang='lat' dir='ltr'>l.</span> <span class='ocrx_word' id='word_1_14' title='bbox 280 285 310 313; x_wconf 85' lang='lat' dir='ltr'>S.</span> <span class='ocrx_word' id='word_1_15' title='bbox 328 292 357 313; x_wconf 91' lang='lat' dir='ltr'>c.</span> <span class='ocrx_word' id='word_1_16' title='bbox 376 286 425 313; x_wconf 88' lang='lat'>10.</span> <span class='ocrx_word' id='word_1_17' title='bbox 449 282 552 313; x_wconf 88' lang='lat' dir='ltr'>Soliu.</span> <span class='ocrx_word' id='word_1_18' title='bbox 567 292 596 313; x_wconf 92' lang='lat' dir='ltr'>c.</span> <span class='ocrx_word' id='word_1_19' title='bbox 612 285 667 313; x_wconf 80' lang='lat'>21.</span> 
     </span>
    </p>

    <p class='ocr_par' dir='ltr' id='par_1_3' title="bbox 137 332 840 567">
     <span class='ocr_line' id='line_1_4' title="bbox 183 332 840 372; baseline 0 -9"><span class='ocrx_word' id='word_1_20' title='bbox 183 336 203 363; x_wconf 87' lang='grc'>6</span> <span class='ocrx_word' id='word_1_21' title='bbox 237 333 414 372; x_wconf 79' lang='lat' dir='ltr'>Postquam,</span> <span class='ocrx_word' id='word_1_22' title='bbox 438 333 508 372; x_wconf 64' lang='lat' dir='ltr'>esa]</span> <span class='ocrx_word' id='word_1_23' title='bbox 545 332 597 362; x_wconf 78' lang='lat' dir='ltr'>Ad</span> <span class='ocrx_word' id='word_1_24' title='bbox 633 342 692 363; x_wconf 92' lang='lat' dir='ltr'>nos</span> <span class='ocrx_word' id='word_1_25' title='bbox 731 333 840 363; x_wconf 87' lang='lat' dir='ltr'>relata</span> 
     </span>
     <span class='ocr_line' id='line_1_5' title="bbox 141 381 840 414; baseline 0.003 -2"><span class='ocrx_word' id='word_1_26' title='bbox 141 381 263 413; x_wconf 85' lang='lat' dir='ltr'>fortior</span> <span class='ocrx_word' id='word_1_27' title='bbox 284 388 318 414; x_wconf 86' lang='lat' dir='ltr'>et</span> <span class='ocrx_word' id='word_1_28' title='bbox 336 383 515 413; x_wconf 80' lang='lat' dir='ltr'>animosior</span> <span class='ocrx_word' id='word_1_29' title='bbox 531 382 628 413; x_wconf 88' lang='lat' dir='ltr'>facta</span> <span class='ocrx_word' id='word_1_30' title='bbox 644 387 707 414; x_wconf 87' lang='lat' dir='ltr'>est.</span> <span class='ocrx_word' id='word_1_31' title='bbox 753 384 840 414; x_wconf 87' lang='lat' dir='ltr'>Sunt</span> 
     </span>
     <span class='ocr_line' id='line_1_6' title="bbox 140 435 838 475; baseline 0.001 -10"><span class='ocrx_word' id='word_1_32' title='bbox 140 435 195 475; x_wconf 90' lang='lat' dir='ltr'>qui</span> <span class='ocrx_word' id='word_1_33' title='bbox 214 436 329 467; x_wconf 90' lang='lat' dir='ltr'>volunt</span> <span class='ocrx_word' id='word_1_34' title='bbox 346 435 397 466; x_wconf 91' lang='lat' dir='ltr'>hic</span> <span class='ocrx_word' id='word_1_35' title='bbox 414 435 642 466; x_wconf 85' lang='lat' dir='ltr'>Romanorum</span> <span class='ocrx_word' id='word_1_36' title='bbox 655 435 838 466; x_wconf 88' lang='lat' dir='ltr'>crudelita-</span> 
     </span>
     <span class='ocr_line' id='line_1_7' title="bbox 140 484 839 526; baseline 0 -10"><span class='ocrx_word' id='word_1_37' title='bbox 140 490 208 516; x_wconf 90' lang='lat' dir='ltr'>tem</span> <span class='ocrx_word' id='word_1_38' title='bbox 234 486 355 524; x_wconf 80' lang='lat' dir='ltr'>taxari,</span> <span class='ocrx_word' id='word_1_39' title='bbox 380 487 470 517; x_wconf 88' lang='lat' dir='ltr'>inter</span> <span class='ocrx_word' id='word_1_40' title='bbox 494 494 578 526; x_wconf 87' lang='lat' dir='ltr'>quos</span> <span class='ocrx_word' id='word_1_41' title='bbox 602 489 638 516; x_wconf 88' lang='lat' dir='ltr'>et</span> <span class='ocrx_word' id='word_1_42' title='bbox 653 484 736 516; x_wconf 82' lang='lat' dir='ltr'>ferae</span> <span class='ocrx_word' id='word_1_43' title='bbox 755 485 839 516; x_wconf 87' lang='lat' dir='ltr'>fiant</span> 
     </span>
     <span class='ocr_line' id='line_1_8' title="bbox 137 535 336 567; baseline 0.01 -2"><span class='ocrx_word' id='word_1_44' title='bbox 137 535 336 567; x_wconf 85' lang='lat' dir='ltr'>ferociores.</span> 
     </span>
    </p>

    <p class='ocr_par' dir='ltr' id='par_1_4' title="bbox 139 585 838 1028">
     <span class='ocr_line' id='line_1_9' title="bbox 193 585 838 617; baseline 0 0"><span class='ocrx_word' id='word_1_45' title='bbox 193 587 296 617; x_wconf 76' lang='lat' dir='ltr'>Epic.</span> <span class='ocrx_word' id='word_1_46' title='bbox 330 594 408 617; x_wconf 79' lang='lat' dir='ltr'>xix.</span> <span class='ocrx_word' id='word_1_47' title='bbox 456 587 473 616; x_wconf 90' lang='lat'>1</span> <span class='ocrx_word' id='word_1_48' title='bbox 512 585 662 616; x_wconf 75' lang='lat' dir='ltr'>Flammis</span> <span class='ocrx_word' id='word_1_49' title='bbox 698 586 838 617; x_wconf 81' lang='lat' dir='ltr'>stimula-</span> 
     </span>
     <span class='ocr_line' id='line_1_10' title="bbox 140 635 837 676; baseline -0.001 -9"><span class='ocrx_word' id='word_1_50' title='bbox 140 637 205 676; x_wconf 81' lang='lat' dir='ltr'>tus]</span> <span class='ocrx_word' id='word_1_51' title='bbox 231 638 354 667; x_wconf 83' lang='lat' dir='ltr'>Tauros</span> <span class='ocrx_word' id='word_1_52' title='bbox 389 635 524 666; x_wconf 88' lang='lat' dir='ltr'>irritare</span> <span class='ocrx_word' id='word_1_53' title='bbox 552 636 705 666; x_wconf 86' lang='lat' dir='ltr'>solebant</span> <span class='ocrx_word' id='word_1_54' title='bbox 730 642 766 667; x_wconf 80' lang='lat' dir='ltr'>et</span> <span class='ocrx_word' id='word_1_55' title='bbox 796 636 837 667; x_wconf 89' lang='lat' dir='ltr'>ad</span> 
     </span>
     <span class='ocr_line' id='line_1_11' title="bbox 139 685 838 727; baseline 0.001 -11"><span class='ocrx_word' id='word_1_56' title='bbox 139 696 285 727; x_wconf 84' lang='lat' dir='ltr'>pugnam</span> <span class='ocrx_word' id='word_1_57' title='bbox 309 686 451 717; x_wconf 91' lang='lat' dir='ltr'>incitare</span> <span class='ocrx_word' id='word_1_58' title='bbox 485 685 575 726; x_wconf 82' lang='lat' dir='ltr'>igne,</span> <span class='ocrx_word' id='word_1_59' title='bbox 613 685 770 725; x_wconf 88' lang='lat' dir='ltr'>stimulis,</span> <span class='ocrx_word' id='word_1_60' title='bbox 804 690 838 717; x_wconf 88' lang='lat' dir='ltr'>et</span> 
     </span>
     <span class='ocr_line' id='line_1_12' title="bbox 140 734 838 777; baseline 0 -11"><span class='ocrx_word' id='word_1_61' title='bbox 140 737 230 776; x_wconf 84' lang='lat' dir='ltr'>pilis,</span> <span class='ocrx_word' id='word_1_62' title='bbox 255 746 330 777; x_wconf 81' lang='lat' dir='ltr'>quoe</span> <span class='ocrx_word' id='word_1_63' title='bbox 345 735 473 767; x_wconf 82' lang='lat' dir='ltr'>fiebant</span> <span class='ocrx_word' id='word_1_64' title='bbox 494 735 536 766; x_wconf 88' lang='lat' dir='ltr'>ad</span> <span class='ocrx_word' id='word_1_65' title='bbox 561 734 706 776; x_wconf 86' lang='lat' dir='ltr'>effigiem</span> <span class='ocrx_word' id='word_1_66' title='bbox 724 735 838 767; x_wconf 89' lang='lat' dir='ltr'>huma·</span> 
     </span>
     <span class='ocr_line' id='line_1_13' title="bbox 140 786 837 827; baseline 0.001 -10"><span class='ocrx_word' id='word_1_67' title='bbox 140 797 214 817; x_wconf 83' lang='lat' dir='ltr'>nam</span> <span class='ocrx_word' id='word_1_68' title='bbox 242 798 261 818; x_wconf 88' lang='lat' dir='ltr'>e</span> <span class='ocrx_word' id='word_1_69' title='bbox 286 787 407 827; x_wconf 86' lang='lat' dir='ltr'>pannis</span> <span class='ocrx_word' id='word_1_70' title='bbox 434 786 613 827; x_wconf 82' lang='lat' dir='ltr'>purpureis</span> <span class='ocrx_word' id='word_1_71' title='bbox 638 786 727 817; x_wconf 82' lang='lat' dir='ltr'>foeno</span> <span class='ocrx_word' id='word_1_72' title='bbox 751 792 837 818; x_wconf 87' lang='lat' dir='ltr'>stra-</span> 
     </span>
     <span class='ocr_line' id='line_1_14' title="bbox 139 835 837 877; baseline 0.001 -10"><span class='ocrx_word' id='word_1_73' title='bbox 139 837 272 868; x_wconf 89' lang='lat' dir='ltr'>mineve</span> <span class='ocrx_word' id='word_1_74' title='bbox 297 835 461 876; x_wconf 85' lang='lat' dir='ltr'>suffertis,</span> <span class='ocrx_word' id='word_1_75' title='bbox 492 846 560 877; x_wconf 89' lang='lat' dir='ltr'>quo</span> <span class='ocrx_word' id='word_1_76' title='bbox 598 837 712 867; x_wconf 89' lang='lat' dir='ltr'>colore</span> <span class='ocrx_word' id='word_1_77' title='bbox 750 838 837 868; x_wconf 91' lang='lat' dir='ltr'>tauri</span> 
     </span>
     <span class='ocr_line' id='line_1_15' title="bbox 140 886 837 920; baseline 0.001 -2"><span class='ocrx_word' id='word_1_78' title='bbox 140 888 284 918; x_wconf 81' lang='lat' dir='ltr'>maxime</span> <span class='ocrx_word' id='word_1_79' title='bbox 315 886 511 918; x_wconf 81' lang='lat' dir='ltr'>efferantur.</span> <span class='ocrx_word' id='word_1_80' title='bbox 570 887 704 918; x_wconf 83' lang='lat' dir='ltr'>Seneca</span> <span class='ocrx_word' id='word_1_81' title='bbox 731 890 761 920; x_wconf 83' lang='lat'>3.</span> <span class='ocrx_word' id='word_1_82' title='bbox 795 887 837 919; x_wconf 87' lang='lat' dir='ltr'>de</span> 
     </span>
     <span class='ocr_line' id='line_1_16' title="bbox 140 937 838 979; baseline 0.001 -11"><span class='ocrx_word' id='word_1_83' title='bbox 140 938 211 977; x_wconf 90' lang='lat' dir='ltr'>Ira,</span> <span class='ocrx_word' id='word_1_84' title='bbox 235 948 263 969; x_wconf 94' lang='lat' dir='ltr'>c.</span> <span class='ocrx_word' id='word_1_85' title='bbox 279 940 332 969; x_wconf 88' lang='lat'>30.</span> <span class='ocrx_word' id='word_1_86' title='bbox 364 937 538 968; x_wconf 84' lang='lat' dir='ltr'><strong>Plutarch.</strong></span> <span class='ocrx_word' id='word_1_87' title='bbox 569 937 726 969; x_wconf 90' lang='lat' dir='ltr'>Conuub.</span> <span class='ocrx_word' id='word_1_88' title='bbox 751 948 838 979; x_wconf 82' lang='lat' dir='ltr'>prae-</span> 
     </span>
     <span class='ocr_line' id='line_1_17' title="bbox 140 992 232 1028; baseline 0 -9"><span class='ocrx_word' id='word_1_89' title='bbox 140 992 232 1028; x_wconf 86' lang='lat' dir='ltr'><strong>cept.</strong></span> 
     </span>
    </p>

    <p class='ocr_par' dir='ltr' id='par_1_5' title="bbox 138 1038 838 1224">
     <span class='ocr_line' id='line_1_18' title="bbox 181 1038 837 1080; baseline 0.003 -10"><span class='ocrx_word' id='word_1_90' title='bbox 181 1042 199 1070; x_wconf 79' lang='lat'>3</span> <span class='ocrx_word' id='word_1_91' title='bbox 219 1040 355 1070; x_wconf 79' lang='lat' dir='ltr'>Cornuto</span> <span class='ocrx_word' id='word_1_92' title='bbox 364 1038 489 1078; x_wconf 81' lang='lat' dir='ltr'>ardore]</span> <span class='ocrx_word' id='word_1_93' title='bbox 503 1041 764 1080; x_wconf 80' lang='grc' dir='ltr'>Περιφραστικῶς,</span> <span class='ocrx_word' id='word_1_94' title='bbox 776 1050 837 1080; x_wconf 83' lang='lat' dir='ltr'>pro</span> 
     </span>
     <span class='ocr_line' id='line_1_19' title="bbox 138 1091 838 1131; baseline 0.001 -8"><span class='ocrx_word' id='word_1_95' title='bbox 138 1101 243 1123; x_wconf 59' lang='lat' dir='ltr'>corni:</span> <span class='ocrx_word' id='word_1_96' title='bbox 262 1092 312 1122; x_wconf 86' lang='lat' dir='ltr'>vel</span> <span class='ocrx_word' id='word_1_97' title='bbox 329 1091 432 1122; x_wconf 89' lang='lat' dir='ltr'>dente</span> <span class='ocrx_word' id='word_1_98' title='bbox 449 1091 651 1131; x_wconf 83' lang='lat' dir='ltr'>elephantis.</span> <span class='ocrx_word' id='word_1_99' title='bbox 697 1093 742 1123; x_wconf 89' lang='lat' dir='ltr'>Et</span> <span class='ocrx_word' id='word_1_100' title='bbox 763 1093 838 1124; x_wconf 87' lang='lat' dir='ltr'>Me-</span> 
     </span>
     <span class='ocr_line' id='line_1_20' title="bbox 139 1142 837 1183; baseline 0.003 -11"><span class='ocrx_word' id='word_1_101' title='bbox 139 1142 289 1182; x_wconf 78' lang='lat' dir='ltr'>tonymia</span> <span class='ocrx_word' id='word_1_102' title='bbox 315 1146 380 1182; x_wconf 87' lang='lat' dir='ltr'>est,</span> <span class='ocrx_word' id='word_1_103' title='bbox 412 1142 598 1172; x_wconf 74' lang='lat' dir='ltr'>‘cornutus</span> <span class='ocrx_word' id='word_1_104' title='bbox 623 1142 748 1181; x_wconf 86' lang='lat' dir='ltr'>ardor,&#39;</span> <span class='ocrx_word' id='word_1_105' title='bbox 776 1153 837 1183; x_wconf 86' lang='lat' dir='ltr'>pro</span> 
     </span>
     <span class='ocr_line' id='line_1_21' title="bbox 139 1192 369 1224; baseline 0.004 -2"><span class='ocrx_word' id='word_1_106' title='bbox 139 1192 228 1224; x_wconf 85' lang='lat' dir='ltr'>irata</span> <span class='ocrx_word' id='word_1_107' title='bbox 244 1193 369 1223; x_wconf 80' lang='lat' dir='ltr'><strong>bellua.</strong></span> 
     </span>
    </p>

    <p class='ocr_par' dir='ltr' id='par_1_6' title="bbox 138 1242 837 1334">
     <span class='ocr_line' id='line_1_22' title="bbox 180 1242 837 1285; baseline 0.002 -12"><span class='ocrx_word' id='word_1_108' title='bbox 180 1246 199 1273; x_wconf 80' lang='grc'>4</span> <span class='ocrx_word' id='word_1_109' title='bbox 224 1244 289 1282; x_wconf 81' lang='lat' dir='ltr'>Sic,</span> <span class='ocrx_word' id='word_1_110' title='bbox 312 1243 382 1284; x_wconf 62' lang='lat' dir='ltr'>ssa]</span> <span class='ocrx_word' id='word_1_111' title='bbox 420 1242 549 1274; x_wconf 88' lang='lat' dir='ltr'>Eadem</span> <span class='ocrx_word' id='word_1_112' title='bbox 580 1242 748 1275; x_wconf 82' lang='lat' dir='ltr'><strong>facilitate</strong></span> <span class='ocrx_word' id='word_1_113' title='bbox 772 1253 837 1285; x_wconf 85' lang='lat' dir='ltr'>qua</span> 
     </span>
     <span class='ocr_line' id='line_1_23' title="bbox 138 1294 235 1334; baseline 0 -10"><span class='ocrx_word' id='word_1_114' title='bbox 138 1294 235 1334; x_wconf 86' lang='lat' dir='ltr'>pilas.</span> 
     </span>
    </p>

    <p class='ocr_par' dir='ltr' id='par_1_7' title="bbox 137 1345 839 2185">
     <span class='ocr_line' id='line_1_24' title="bbox 182 1345 839 1388; baseline 0.005 -13"><span class='ocrx_word' id='word_1_115' title='bbox 182 1345 285 1375; x_wconf 76' lang='lat' dir='ltr'>Epic.</span> <span class='ocrx_word' id='word_1_116' title='bbox 297 1354 360 1376; x_wconf 76' lang='lat' dir='ltr'>xx-</span> <span class='ocrx_word' id='word_1_117' title='bbox 376 1348 392 1376; x_wconf 96' lang='grc'>1</span> <span class='ocrx_word' id='word_1_118' title='bbox 407 1346 494 1377; x_wconf 77' lang='lat' dir='ltr'>Dum</span> <span class='ocrx_word' id='word_1_119' title='bbox 503 1347 637 1388; x_wconf 76' lang='lat' dir='ltr'>peteret]</span> <span class='ocrx_word' id='word_1_120' title='bbox 657 1347 745 1378; x_wconf 89' lang='lat' dir='ltr'>Dum</span> <span class='ocrx_word' id='word_1_121' title='bbox 761 1357 839 1378; x_wconf 87' lang='lat' dir='ltr'>auc-</span> 
     </span>
     <span class='ocr_line' id='line_1_25' title="bbox 137 1395 837 1438; baseline 0.004 -13"><span class='ocrx_word' id='word_1_122' title='bbox 137 1395 259 1425; x_wconf 88' lang='lat' dir='ltr'>tarium</span> <span class='ocrx_word' id='word_1_123' title='bbox 269 1396 321 1426; x_wconf 90' lang='lat' dir='ltr'>vel</span> <span class='ocrx_word' id='word_1_124' title='bbox 332 1397 586 1437; x_wconf 81' lang='lat' dir='ltr'>supposititium</span> <span class='ocrx_word' id='word_1_125' title='bbox 600 1397 699 1429; x_wconf 90' lang='lat' dir='ltr'>alteri</span> <span class='ocrx_word' id='word_1_126' title='bbox 711 1398 837 1438; x_wconf 82' lang='lat' dir='ltr'>gladia·</span> 
     </span>
     <span class='ocr_line' id='line_1_26' title="bbox 138 1445 838 1490; baseline 0.009 -16"><span class='ocrx_word' id='word_1_127' title='bbox 138 1445 202 1475; x_wconf 88' lang='lat' dir='ltr'>tori</span> <span class='ocrx_word' id='word_1_128' title='bbox 220 1447 408 1485; x_wconf 83' lang='lat' dir='ltr'>postularet</span> <span class='ocrx_word' id='word_1_129' title='bbox 422 1449 537 1488; x_wconf 90' lang='lat' dir='ltr'>populi</span> <span class='ocrx_word' id='word_1_130' title='bbox 551 1459 640 1488; x_wconf 65' lang='grc' dir='ltr'>ρει-ε,</span> <span class='ocrx_word' id='word_1_131' title='bbox 653 1449 717 1479; x_wconf 89' lang='lat' dir='ltr'>alia</span> <span class='ocrx_word' id='word_1_132' title='bbox 730 1449 838 1490; x_wconf 87' lang='lat' dir='ltr'>Myri-</span> 
     </span>
     <span class='ocr_line' id='line_1_27' title="bbox 137 1496 837 1540; baseline 0.009 -15"><span class='ocrx_word' id='word_1_133' title='bbox 137 1505 215 1526; x_wconf 89' lang='lat' dir='ltr'>num</span> <span class='ocrx_word' id='word_1_134' title='bbox 233 1496 290 1537; x_wconf 86' lang='lat' dir='ltr'>(de</span> <span class='ocrx_word' id='word_1_135' title='bbox 301 1507 365 1538; x_wconf 92' lang='lat' dir='ltr'>quo</span> <span class='ocrx_word' id='word_1_136' title='bbox 376 1499 526 1540; x_wconf 80' lang='lat' dir='ltr'>epig.29.</span> <span class='ocrx_word' id='word_1_137' title='bbox 538 1499 676 1540; x_wconf 79' lang='lat' dir='ltr'>lib.12.)</span> <span class='ocrx_word' id='word_1_138' title='bbox 692 1500 755 1530; x_wconf 89' lang='lat' dir='ltr'>alia</span> <span class='ocrx_word' id='word_1_139' title='bbox 764 1500 837 1530; x_wconf 92' lang='lat' dir='ltr'>Tri-</span> 
     </span>
     <span class='ocr_line' id='line_1_28' title="bbox 138 1547 837 1591; baseline 0.007 -15"><span class='ocrx_word' id='word_1_140' title='bbox 138 1547 312 1587; x_wconf 74' lang='lat' dir='ltr'>urnphum,</span> <span class='ocrx_word' id='word_1_141' title='bbox 329 1548 413 1579; x_wconf 85' lang='lat' dir='ltr'>duos</span> <span class='ocrx_word' id='word_1_142' title='bbox 436 1560 454 1580; x_wconf 91' lang='lat' dir='ltr'>e</span> <span class='ocrx_word' id='word_1_143' title='bbox 480 1550 740 1590; x_wconf 74' lang='lat' dir='ltr'>gladiatoribus,</span> <span class='ocrx_word' id='word_1_144' title='bbox 755 1560 837 1591; x_wconf 89' lang='lat' dir='ltr'>quos</span> 
     </span>
     <span class='ocr_line' id='line_1_29' title="bbox 140 1597 838 1638; baseline 0.007 -12"><span class='ocrx_word' id='word_1_145' title='bbox 140 1597 278 1636; x_wconf 85' lang='lat' dir='ltr'>viribus,</span> <span class='ocrx_word' id='word_1_146' title='bbox 302 1604 390 1638; x_wconf 87' lang='lat' dir='ltr'>arte,</span> <span class='ocrx_word' id='word_1_147' title='bbox 417 1605 538 1631; x_wconf 86' lang='lat' dir='ltr'>ornatu</span> <span class='ocrx_word' id='word_1_148' title='bbox 558 1601 698 1631; x_wconf 82' lang='lat' dir='ltr'>eximios</span> <span class='ocrx_word' id='word_1_149' title='bbox 724 1600 838 1631; x_wconf 87' lang='lat' dir='ltr'>alebat</span> 
     </span>
     <span class='ocr_line' id='line_1_30' title="bbox 140 1648 837 1688; baseline 0.007 -11"><span class='ocrx_word' id='word_1_150' title='bbox 140 1648 295 1687; x_wconf 84' lang='lat' dir='ltr'>proprios</span> <span class='ocrx_word' id='word_1_151' title='bbox 326 1654 360 1679; x_wconf 83' lang='lat' dir='ltr'>et</span> <span class='ocrx_word' id='word_1_152' title='bbox 395 1649 583 1688; x_wconf 84' lang='lat' dir='ltr'>peculiares</span> <span class='ocrx_word' id='word_1_153' title='bbox 616 1650 680 1680; x_wconf 88' lang='lat' dir='ltr'>sibi</span> <span class='ocrx_word' id='word_1_154' title='bbox 712 1650 837 1682; x_wconf 84' lang='lat' dir='ltr'>Caesar.</span> 
     </span>
     <span class='ocr_line' id='line_1_31' title="bbox 140 1700 838 1732; baseline 0.001 -2"><span class='ocrx_word' id='word_1_155' title='bbox 140 1700 280 1731; x_wconf 87' lang='lat' dir='ltr'>Sueton.</span> <span class='ocrx_word' id='word_1_156' title='bbox 296 1701 426 1732; x_wconf 89' lang='lat' dir='ltr'>Domit.</span> <span class='ocrx_word' id='word_1_157' title='bbox 441 1703 473 1731; x_wconf 78' lang='grc'>4.</span> <span class='ocrx_word' id='word_1_158' title='bbox 492 1706 527 1731; x_wconf 91' lang='lat' dir='ltr'>et</span> <span class='ocrx_word' id='word_1_159' title='bbox 544 1701 628 1731; x_wconf 92' lang='lat' dir='ltr'>Lud.</span> <span class='ocrx_word' id='word_1_160' title='bbox 643 1700 765 1731; x_wconf 84' lang='lat' dir='ltr'>Caelius</span> <span class='ocrx_word' id='word_1_161' title='bbox 778 1701 838 1732; x_wconf 85' lang='lat' dir='ltr'>lib.</span> 
     </span>
     <span class='ocr_line' id='line_1_32' title="bbox 143 1750 837 1791; baseline 0.003 -11"><span class='ocrx_word' id='word_1_162' title='bbox 143 1760 192 1781; x_wconf 77' lang='lat' dir='ltr'>vr.</span> <span class='ocrx_word' id='word_1_163' title='bbox 211 1760 240 1782; x_wconf 89' lang='lat' dir='ltr'>c.</span> <span class='ocrx_word' id='word_1_164' title='bbox 254 1753 306 1781; x_wconf 80' lang='lat'>32.</span> <span class='ocrx_word' id='word_1_165' title='bbox 331 1751 416 1782; x_wconf 79' lang='lat' dir='ltr'>Dum</span> <span class='ocrx_word' id='word_1_166' title='bbox 427 1750 562 1791; x_wconf 79' lang='lat' dir='ltr'>peteret]</span> <span class='ocrx_word' id='word_1_167' title='bbox 585 1751 780 1791; x_wconf 82' lang='lat' dir='ltr'>Principem</span> <span class='ocrx_word' id='word_1_168' title='bbox 795 1751 837 1782; x_wconf 88' lang='lat' dir='ltr'>ab</span> 
     </span>
     <span class='ocr_line' id='line_1_33' title="bbox 141 1801 838 1843; baseline 0.003 -12"><span class='ocrx_word' id='word_1_169' title='bbox 141 1802 353 1842; x_wconf 77' lang='lat' dir='ltr'>indulgentia</span> <span class='ocrx_word' id='word_1_170' title='bbox 378 1803 508 1841; x_wconf 86' lang='lat' dir='ltr'>laudat,</span> <span class='ocrx_word' id='word_1_171' title='bbox 532 1801 621 1843; x_wconf 85' lang='lat' dir='ltr'>quod</span> <span class='ocrx_word' id='word_1_172' title='bbox 647 1812 687 1832; x_wconf 84' lang='lat' dir='ltr'>ex</span> <span class='ocrx_word' id='word_1_173' title='bbox 715 1811 774 1833; x_wconf 88' lang='lat' dir='ltr'>sua</span> <span class='ocrx_word' id='word_1_174' title='bbox 787 1801 838 1833; x_wconf 84' lang='lat' dir='ltr'>fa-</span> 
     </span>
     <span class='ocr_line' id='line_1_34' title="bbox 140 1851 838 1892; baseline 0.001 -10"><span class='ocrx_word' id='word_1_175' title='bbox 140 1852 232 1882; x_wconf 83' lang='lat' dir='ltr'>milia</span> <span class='ocrx_word' id='word_1_176' title='bbox 248 1861 386 1882; x_wconf 87' lang='lat' dir='ltr'>munere</span> <span class='ocrx_word' id='word_1_177' title='bbox 403 1852 613 1891; x_wconf 67' lang='lat' dir='ltr'>Quaestorm,</span> <span class='ocrx_word' id='word_1_178' title='bbox 631 1851 715 1883; x_wconf 86' lang='lat' dir='ltr'>duos</span> <span class='ocrx_word' id='word_1_179' title='bbox 733 1852 838 1892; x_wconf 83' lang='lat' dir='ltr'>gladi-</span> 
     </span>
     <span class='ocr_line' id='line_1_35' title="bbox 141 1902 838 1943; baseline 0.003 -11"><span class='ocrx_word' id='word_1_180' title='bbox 141 1907 254 1933; x_wconf 82' lang='lat' dir='ltr'>atores</span> <span class='ocrx_word' id='word_1_181' title='bbox 281 1902 428 1941; x_wconf 86' lang='lat' dir='ltr'>dederit,</span> <span class='ocrx_word' id='word_1_182' title='bbox 447 1902 634 1942; x_wconf 87' lang='lat' dir='ltr'>Myrinum.</span> <span class='ocrx_word' id='word_1_183' title='bbox 654 1912 776 1943; x_wconf 84' lang='lat' dir='ltr'>nempe</span> <span class='ocrx_word' id='word_1_184' title='bbox 802 1907 838 1934; x_wconf 91' lang='lat' dir='ltr'>et</span> 
     </span>
     <span class='ocr_line' id='line_1_36' title="bbox 138 1952 836 1995; baseline 0.003 -13"><span class='ocrx_word' id='word_1_185' title='bbox 138 1952 369 1993; x_wconf 83' lang='lat' dir='ltr'>Triumphum.</span> <span class='ocrx_word' id='word_1_186' title='bbox 414 1953 590 1992; x_wconf 77' lang='lat' dir='ltr'>Myrinum,</span> <span class='ocrx_word' id='word_1_187' title='bbox 621 1953 836 1995; x_wconf 81' lang='lat' dir='ltr'>Triumphum]</span> 
     </span>
     <span class='ocr_line' id='line_1_37' title="bbox 141 2003 837 2043; baseline 0.006 -11"><span class='ocrx_word' id='word_1_188' title='bbox 141 2003 289 2033; x_wconf 85' lang='lat' dir='ltr'>Nomina</span> <span class='ocrx_word' id='word_1_189' title='bbox 316 2003 538 2043; x_wconf 75' lang='lat' dir='ltr'>gladiatorum</span> <span class='ocrx_word' id='word_1_190' title='bbox 562 2003 746 2035; x_wconf 89' lang='lat' dir='ltr'>aulicorum</span> <span class='ocrx_word' id='word_1_191' title='bbox 768 2005 837 2036; x_wconf 89' lang='lat' dir='ltr'>Do-</span> 
     </span>
     <span class='ocr_line' id='line_1_38' title="bbox 139 2052 838 2094; baseline 0.006 -12"><span class='ocrx_word' id='word_1_192' title='bbox 139 2052 284 2091; x_wconf 90' lang='lat' dir='ltr'>mitiani,</span> <span class='ocrx_word' id='word_1_193' title='bbox 307 2053 363 2094; x_wconf 91' lang='lat' dir='ltr'>qui</span> <span class='ocrx_word' id='word_1_194' title='bbox 379 2063 453 2084; x_wconf 91' lang='lat' dir='ltr'>cum</span> <span class='ocrx_word' id='word_1_195' title='bbox 475 2052 652 2084; x_wconf 86' lang='lat' dir='ltr'>ordinariis</span> <span class='ocrx_word' id='word_1_196' title='bbox 669 2059 703 2085; x_wconf 86' lang='lat' dir='ltr'>et</span> <span class='ocrx_word' id='word_1_197' title='bbox 719 2056 838 2087; x_wconf 78' lang='lat' dir='ltr'>Quaes-</span> 
     </span>
     <span class='ocr_line' id='line_1_39' title="bbox 142 2103 836 2144; baseline 0.006 -11"><span class='ocrx_word' id='word_1_198' title='bbox 142 2104 236 2134; x_wconf 86' lang='lat' dir='ltr'>toriis</span> <span class='ocrx_word' id='word_1_199' title='bbox 271 2103 514 2144; x_wconf 86' lang='lat' dir='ltr'>gladiatoribus</span> <span class='ocrx_word' id='word_1_200' title='bbox 539 2104 836 2144; x_wconf 87' lang='lat' dir='ltr'>comparabantur.</span> 
     </span>
     <span class='ocr_line' id='line_1_40' title="bbox 141 2154 469 2185; baseline 0.003 -1"><span class='ocrx_word' id='word_1_201' title='bbox 141 2154 280 2185; x_wconf 90' lang='lat' dir='ltr'>Sueton.</span> <span class='ocrx_word' id='word_1_202' title='bbox 296 2154 423 2185; x_wconf 88' lang='lat' dir='ltr'>Domit.</span> <span class='ocrx_word' id='word_1_203' title='bbox 437 2157 469 2185; x_wconf 83' lang='grc'>4.</span> 
     </span>
    </p>

    <p class='ocr_par' dir='ltr' id='par_1_8' title="bbox 143 2205 839 2751">
     <span class='ocr_line' id='line_1_41' title="bbox 185 2205 839 2246; baseline 0.003 -12"><span class='ocrx_word' id='word_1_204' title='bbox 185 2208 204 2235; x_wconf 81' lang='lat'>2</span> <span class='ocrx_word' id='word_1_205' title='bbox 229 2205 394 2245; x_wconf 78' lang='lat' dir='ltr'>Promisit,</span> <span class='ocrx_word' id='word_1_206' title='bbox 424 2205 493 2245; x_wconf 51' lang='lat' dir='ltr'>iffa]</span> <span class='ocrx_word' id='word_1_207' title='bbox 546 2206 737 2246; x_wconf 86' lang='lat' dir='ltr'>Utrumque</span> <span class='ocrx_word' id='word_1_208' title='bbox 776 2216 839 2246; x_wconf 87' lang='lat' dir='ltr'>par</span> 
     </span>
     <span class='ocr_line' id='line_1_42' title="bbox 143 2254 839 2298; baseline 0.004 -14"><span class='ocrx_word' id='word_1_209' title='bbox 143 2254 345 2294; x_wconf 81' lang='lat' dir='ltr'>significavit</span> <span class='ocrx_word' id='word_1_210' title='bbox 371 2265 407 2287; x_wconf 89' lang='lat' dir='ltr'>se</span> <span class='ocrx_word' id='word_1_211' title='bbox 434 2256 594 2287; x_wconf 80' lang='lat' dir='ltr'>daturum</span> <span class='ocrx_word' id='word_1_212' title='bbox 619 2262 764 2298; x_wconf 87' lang='lat' dir='ltr'>utraque</span> <span class='ocrx_word' id='word_1_213' title='bbox 782 2267 839 2287; x_wconf 86' lang='lat' dir='ltr'>ex-</span> 
     </span>
     <span class='ocr_line' id='line_1_43' title="bbox 143 2308 838 2347; baseline 0.006 -12"><span class='ocrx_word' id='word_1_214' title='bbox 143 2311 300 2345; x_wconf 85' lang='lat' dir='ltr'>porrecta</span> <span class='ocrx_word' id='word_1_215' title='bbox 324 2316 436 2347; x_wconf 88' lang='lat' dir='ltr'>manu,</span> <span class='ocrx_word' id='word_1_216' title='bbox 462 2308 676 2338; x_wconf 84' lang='lat' dir='ltr'>salutationis</span> <span class='ocrx_word' id='word_1_217' title='bbox 700 2313 735 2339; x_wconf 91' lang='lat' dir='ltr'>et</span> <span class='ocrx_word' id='word_1_218' title='bbox 760 2317 838 2339; x_wconf 90' lang='lat' dir='ltr'>con-</span> 
     </span>
     <span class='ocr_line' id='line_1_44' title="bbox 143 2358 838 2395; baseline 0.004 -9"><span class='ocrx_word' id='word_1_219' title='bbox 143 2365 257 2387; x_wconf 84' lang='lat' dir='ltr'>sensus</span> <span class='ocrx_word' id='word_1_220' title='bbox 286 2362 379 2395; x_wconf 81' lang='lat' dir='ltr'>nota‚</span> <span class='ocrx_word' id='word_1_221' title='bbox 421 2367 440 2388; x_wconf 91' lang='lat' dir='ltr'>e</span> <span class='ocrx_word' id='word_1_222' title='bbox 474 2358 596 2388; x_wconf 83' lang='lat' dir='ltr'>castris</span> <span class='ocrx_word' id='word_1_223' title='bbox 631 2358 664 2388; x_wconf 87' lang='lat' dir='ltr'>in</span> <span class='ocrx_word' id='word_1_224' title='bbox 703 2368 838 2389; x_wconf 88' lang='lat' dir='ltr'>arenam</span> 
     </span>
     <span class='ocr_line' id='line_1_45' title="bbox 145 2407 838 2449; baseline 0.003 -12"><span class='ocrx_word' id='word_1_225' title='bbox 145 2407 318 2438; x_wconf 81' lang='lat' dir='ltr'>translata.</span> <span class='ocrx_word' id='word_1_226' title='bbox 365 2408 428 2438; x_wconf 88' lang='lat' dir='ltr'>Vel</span> <span class='ocrx_word' id='word_1_227' title='bbox 455 2407 610 2439; x_wconf 86' lang='lat' dir='ltr'>manibus</span> <span class='ocrx_word' id='word_1_228' title='bbox 639 2409 757 2439; x_wconf 90' lang='lat' dir='ltr'>anuuit</span> <span class='ocrx_word' id='word_1_229' title='bbox 781 2419 838 2449; x_wconf 84' lang='lat' dir='ltr'>po-</span> 
     </span>
     <span class='ocr_line' id='line_1_46' title="bbox 146 2457 838 2497; baseline 0.006 -11"><span class='ocrx_word' id='word_1_230' title='bbox 146 2458 226 2497; x_wconf 91' lang='lat' dir='ltr'>pulo</span> <span class='ocrx_word' id='word_1_231' title='bbox 257 2457 457 2497; x_wconf 87' lang='lat' dir='ltr'>postulanti.</span> <span class='ocrx_word' id='word_1_232' title='bbox 510 2458 725 2490; x_wconf 85' lang='lat' dir='ltr'>‘Ambabus’</span> <span class='ocrx_word' id='word_1_233' title='bbox 749 2460 838 2490; x_wconf 89' lang='lat' dir='ltr'>enim</span> 
     </span>
     <span class='ocr_line' id='line_1_47' title="bbox 145 2507 839 2549; baseline 0.006 -13"><span class='ocrx_word' id='word_1_234' title='bbox 145 2509 153 2523; x_wconf 77' lang='lat'>⁶</span> <span class='ocrx_word' id='word_1_235' title='bbox 175 2507 344 2538; x_wconf 86' lang='lat' dir='ltr'>manibus’</span> <span class='ocrx_word' id='word_1_236' title='bbox 361 2507 435 2537; x_wconf 77' lang='lat' dir='ltr'>fieri</span> <span class='ocrx_word' id='word_1_237' title='bbox 457 2508 593 2548; x_wconf 87' lang='lat' dir='ltr'>dicitur,</span> <span class='ocrx_word' id='word_1_238' title='bbox 608 2509 697 2549; x_wconf 80' lang='lat' dir='ltr'>quod</span> <span class='ocrx_word' id='word_1_239' title='bbox 711 2519 839 2541; x_wconf 88' lang='lat' dir='ltr'>summo</span> 
     </span>
     <span class='ocr_line' id='line_1_48' title="bbox 146 2556 839 2598; baseline 0.007 -12"><span class='ocrx_word' id='word_1_240' title='bbox 146 2556 268 2594; x_wconf 80' lang='lat' dir='ltr'>studio,</span> <span class='ocrx_word' id='word_1_241' title='bbox 284 2557 497 2598; x_wconf 84' lang='lat' dir='ltr'>maximoque</span> <span class='ocrx_word' id='word_1_242' title='bbox 519 2562 642 2589; x_wconf 89' lang='lat' dir='ltr'>conatu</span> <span class='ocrx_word' id='word_1_243' title='bbox 662 2558 722 2590; x_wconf 85' lang='lat' dir='ltr'>fit:</span> <span class='ocrx_word' id='word_1_244' title='bbox 747 2564 781 2591; x_wconf 87' lang='lat' dir='ltr'>et</span> <span class='ocrx_word' id='word_1_245' title='bbox 797 2560 839 2590; x_wconf 88' lang='lat' dir='ltr'>si-</span> 
     </span>
     <span class='ocr_line' id='line_1_49' title="bbox 146 2606 838 2649; baseline 0.007 -13"><span class='ocrx_word' id='word_1_246' title='bbox 146 2607 215 2636; x_wconf 86' lang='lat' dir='ltr'>mul</span> <span class='ocrx_word' id='word_1_247' title='bbox 253 2606 493 2638; x_wconf 82' lang='lat' dir='ltr'>liberalitatem</span> <span class='ocrx_word' id='word_1_248' title='bbox 532 2609 695 2649; x_wconf 87' lang='lat' dir='ltr'>principis</span> <span class='ocrx_word' id='word_1_249' title='bbox 732 2615 838 2641; x_wconf 87' lang='lat' dir='ltr'>notat.</span> 
     </span>
     <span class='ocr_line' id='line_1_50' title="bbox 147 2658 835 2701; baseline 0.004 -13"><span class='ocrx_word' id='word_1_250' title='bbox 147 2658 301 2698; x_wconf 75' lang='lat' dir='ltr'>Scaliger</span> <span class='ocrx_word' id='word_1_251' title='bbox 332 2660 380 2688; x_wconf 77' lang='lat' dir='ltr'>sic</span> <span class='ocrx_word' id='word_1_252' title='bbox 414 2659 501 2690; x_wconf 85' lang='lat' dir='ltr'>hunc</span> <span class='ocrx_word' id='word_1_253' title='bbox 534 2661 642 2691; x_wconf 90' lang='lat' dir='ltr'>locum</span> <span class='ocrx_word' id='word_1_254' title='bbox 675 2662 835 2701; x_wconf 84' lang='lat' dir='ltr'>exponit:</span> 
     </span>
     <span class='ocr_line' id='line_1_51' title="bbox 146 2708 838 2751; baseline 0.001 -11"><span class='ocrx_word' id='word_1_255' title='bbox 146 2708 231 2740; x_wconf 86' lang='lat' dir='ltr'>Dum</span> <span class='ocrx_word' id='word_1_256' title='bbox 251 2710 367 2739; x_wconf 75' lang='lat' dir='ltr'>Caesar</span> <span class='ocrx_word' id='word_1_257' title='bbox 385 2710 457 2740; x_wconf 72' lang='lat' dir='ltr'>vult</span> <span class='ocrx_word' id='word_1_258' title='bbox 474 2711 607 2751; x_wconf 78' lang='lat' dir='ltr'>utrique</span> <span class='ocrx_word' id='word_1_259' title='bbox 626 2712 718 2751; x_wconf 84' lang='lat' dir='ltr'>parti</span> <span class='ocrx_word' id='word_1_260' title='bbox 740 2712 838 2742; x_wconf 69' lang='lat' dir='ltr'>satis-</span> 
     </span>
    </p>
   </div>
   <div class='ocr_carea' id='block_1_3' title="bbox 1480 127 1590 169">
    <p class='ocr_par' dir='ltr' id='par_1_9' title="bbox 1480 127 1590 169">
     <span class='ocr_line' id='line_1_52' title="bbox 1480 127 1590 169; baseline 0.018 -2"><span class='ocrx_word' id='word_1_261' title='bbox 1480 127 1590 169; x_wconf 75' lang='lat'>1087</span> 
     </span>
    </p>
   </div>
   <div class='ocr_carea' id='block_1_4' title="bbox 887 229 1594 2739">
    <p class='ocr_par' dir='ltr' id='par_1_10' title="bbox 887 229 1594 1220">
     <span class='ocr_line' id='line_1_53' title="bbox 892 229 1593 274; baseline 0.006 -14"><span class='ocrx_word' id='word_1_262' title='bbox 892 229 1022 270; x_wconf 86' lang='lat' dir='ltr'>facere,</span> <span class='ocrx_word' id='word_1_263' title='bbox 1049 231 1179 271; x_wconf 85' lang='lat' dir='ltr'>pariter</span> <span class='ocrx_word' id='word_1_264' title='bbox 1205 232 1374 263; x_wconf 83' lang='lat' dir='ltr'>commisit</span> <span class='ocrx_word' id='word_1_265' title='bbox 1401 237 1593 274; x_wconf 76' lang='lat' dir='ltr'>utrumque,</span> 
     </span>
     <span class='ocr_line' id='line_1_54' title="bbox 889 280 1591 324; baseline 0.007 -14"><span class='ocrx_word' id='word_1_266' title='bbox 889 280 1056 322; x_wconf 87' lang='lat' dir='ltr'>‘utraque</span> <span class='ocrx_word' id='word_1_267' title='bbox 1075 283 1204 321; x_wconf 85' lang='lat' dir='ltr'>manu‚&#39;</span> <span class='ocrx_word' id='word_1_268' title='bbox 1228 283 1261 314; x_wconf 91' lang='lat' dir='ltr'>id</span> <span class='ocrx_word' id='word_1_269' title='bbox 1289 289 1355 323; x_wconf 87' lang='lat' dir='ltr'>est,</span> <span class='ocrx_word' id='word_1_270' title='bbox 1379 290 1591 324; x_wconf 78' lang='lat' dir='ltr'>pugnantem</span> 
     </span>
     <span class='ocr_line' id='line_1_55' title="bbox 889 330 1592 365; baseline 0.004 -4"><span class='ocrx_word' id='word_1_271' title='bbox 889 330 976 362; x_wconf 87' lang='lat' dir='ltr'>binis</span> <span class='ocrx_word' id='word_1_272' title='bbox 1009 332 1123 364; x_wconf 79' lang='lat' dir='ltr'>sicis.¹›</span> <span class='ocrx_word' id='word_1_273' title='bbox 1145 333 1365 365; x_wconf 85' lang='lat' dir='ltr'>Gladiatores</span> <span class='ocrx_word' id='word_1_274' title='bbox 1403 334 1492 365; x_wconf 89' lang='lat' dir='ltr'>enim</span> <span class='ocrx_word' id='word_1_275' title='bbox 1533 339 1592 365; x_wconf 88' lang='lat' dir='ltr'>aut</span> 
     </span>
     <span class='ocr_line' id='line_1_56' title="bbox 889 383 1593 423; baseline 0.006 -12"><span class='ocrx_word' id='word_1_276' title='bbox 889 390 964 412; x_wconf 83' lang='lat' dir='ltr'>cum</span> <span class='ocrx_word' id='word_1_277' title='bbox 983 391 1101 421; x_wconf 87' lang='lat' dir='ltr'>parma</span> <span class='ocrx_word' id='word_1_278' title='bbox 1114 386 1149 412; x_wconf 86' lang='lat' dir='ltr'>et</span> <span class='ocrx_word' id='word_1_279' title='bbox 1163 383 1246 423; x_wconf 81' lang='lat' dir='ltr'>sica,</span> <span class='ocrx_word' id='word_1_280' title='bbox 1261 389 1320 415; x_wconf 87' lang='lat' dir='ltr'>aut</span> <span class='ocrx_word' id='word_1_281' title='bbox 1336 384 1422 415; x_wconf 87' lang='lat' dir='ltr'>binis</span> <span class='ocrx_word' id='word_1_282' title='bbox 1435 384 1516 415; x_wconf 88' lang='lat' dir='ltr'>sicis</span> <span class='ocrx_word' id='word_1_283' title='bbox 1535 384 1593 415; x_wconf 86' lang='lat' dir='ltr'>de-</span> 
     </span>
     <span class='ocr_line' id='line_1_57' title="bbox 888 432 1593 472; baseline 0.006 -11"><span class='ocrx_word' id='word_1_284' title='bbox 888 432 1102 471; x_wconf 86' lang='lat' dir='ltr'>pugnabant,</span> <span class='ocrx_word' id='word_1_285' title='bbox 1124 436 1160 463; x_wconf 91' lang='lat' dir='ltr'>et</span> <span class='ocrx_word' id='word_1_286' title='bbox 1187 438 1268 464; x_wconf 90' lang='lat' dir='ltr'>tunc</span> <span class='ocrx_word' id='word_1_287' title='bbox 1286 434 1490 465; x_wconf 87' lang='lat' dir='ltr'>dicebantur</span> <span class='ocrx_word' id='word_1_288' title='bbox 1507 434 1593 472; x_wconf 77' lang='grc' dir='ltr'><em>διμά-</em></span> 
     </span>
     <span class='ocr_line' id='line_1_58' title="bbox 887 485 1593 524; baseline 0.007 -11"><span class='ocrx_word' id='word_1_289' title='bbox 887 495 999 524; x_wconf 83' lang='grc' dir='ltr'><strong><em>χαιροι.</em></strong></span> <span class='ocrx_word' id='word_1_290' title='bbox 1044 485 1128 515; x_wconf 89' lang='lat' dir='ltr'>Cum</span> <span class='ocrx_word' id='word_1_291' title='bbox 1146 495 1227 516; x_wconf 90' lang='lat' dir='ltr'>vero</span> <span class='ocrx_word' id='word_1_292' title='bbox 1244 486 1317 517; x_wconf 80' lang='lat' dir='ltr'>haec</span> <span class='ocrx_word' id='word_1_293' title='bbox 1334 487 1482 517; x_wconf 85' lang='lat' dir='ltr'>crudelis</span> <span class='ocrx_word' id='word_1_294' title='bbox 1501 492 1593 518; x_wconf 88' lang='lat' dir='ltr'>esset</span> 
     </span>
     <span class='ocr_line' id='line_1_59' title="bbox 889 534 1592 578; baseline 0.006 -14"><span class='ocrx_word' id='word_1_295' title='bbox 889 534 1074 574; x_wconf 88' lang='lat' dir='ltr'>dimicatio,</span> <span class='ocrx_word' id='word_1_296' title='bbox 1099 535 1177 576; x_wconf 87' lang='lat' dir='ltr'>quia</span> <span class='ocrx_word' id='word_1_297' title='bbox 1203 536 1274 566; x_wconf 88' lang='lat' dir='ltr'>sine</span> <span class='ocrx_word' id='word_1_298' title='bbox 1302 546 1418 576; x_wconf 85' lang='lat' dir='ltr'>parma</span> <span class='ocrx_word' id='word_1_299' title='bbox 1442 547 1592 578; x_wconf 83' lang='lat' dir='ltr'>puguan-</span> 
     </span>
     <span class='ocr_line' id='line_1_60' title="bbox 889 585 1594 628; baseline 0.004 -13"><span class='ocrx_word' id='word_1_300' title='bbox 889 589 955 623; x_wconf 88' lang='lat' dir='ltr'>tes,</span> <span class='ocrx_word' id='word_1_301' title='bbox 982 594 1048 615; x_wconf 88' lang='lat' dir='ltr'>non</span> <span class='ocrx_word' id='word_1_302' title='bbox 1079 585 1136 615; x_wconf 87' lang='lat' dir='ltr'>diu</span> <span class='ocrx_word' id='word_1_303' title='bbox 1157 585 1291 616; x_wconf 84' lang='lat' dir='ltr'>trahere</span> <span class='ocrx_word' id='word_1_304' title='bbox 1317 591 1491 618; x_wconf 87' lang='lat' dir='ltr'>certamen</span> <span class='ocrx_word' id='word_1_305' title='bbox 1517 598 1594 628; x_wconf 83' lang='lat' dir='ltr'>pos·</span> 
     </span>
     <span class='ocr_line' id='line_1_61' title="bbox 888 635 1590 674; baseline 0.004 -9"><span class='ocrx_word' id='word_1_306' title='bbox 888 639 981 674; x_wconf 85' lang='lat' dir='ltr'>sunt,</span> <span class='ocrx_word' id='word_1_307' title='bbox 998 635 1056 666; x_wconf 89' lang='lat' dir='ltr'>sed</span> <span class='ocrx_word' id='word_1_308' title='bbox 1079 636 1281 667; x_wconf 85' lang='lat' dir='ltr'>alterutrum</span> <span class='ocrx_word' id='word_1_309' title='bbox 1307 637 1422 667; x_wconf 81' lang='lat' dir='ltr'>statim</span> <span class='ocrx_word' id='word_1_310' title='bbox 1448 647 1590 668; x_wconf 82' lang='lat' dir='ltr'>necesse</span> 
     </span>
     <span class='ocr_line' id='line_1_62' title="bbox 888 686 1588 728; baseline 0.006 -13"><span class='ocrx_word' id='word_1_311' title='bbox 888 691 941 716; x_wconf 78' lang='lat' dir='ltr'>est</span> <span class='ocrx_word' id='word_1_312' title='bbox 971 686 1192 725; x_wconf 89' lang='lat' dir='ltr'>occumbere,</span> <span class='ocrx_word' id='word_1_313' title='bbox 1222 687 1358 717; x_wconf 84' lang='lat' dir='ltr'>sustulit</span> <span class='ocrx_word' id='word_1_314' title='bbox 1388 687 1451 718; x_wconf 89' lang='lat' dir='ltr'>hoc</span> <span class='ocrx_word' id='word_1_315' title='bbox 1482 698 1588 728; x_wconf 82' lang='lat' dir='ltr'>genus</span> 
     </span>
     <span class='ocr_line' id='line_1_63' title="bbox 889 736 1590 776; baseline 0.004 -10"><span class='ocrx_word' id='word_1_316' title='bbox 889 745 1011 776; x_wconf 83' lang='lat' dir='ltr'>pugnae</span> <span class='ocrx_word' id='word_1_317' title='bbox 1030 736 1255 776; x_wconf 85' lang='lat' dir='ltr'>Domitianus,</span> <span class='ocrx_word' id='word_1_318' title='bbox 1271 747 1435 768; x_wconf 86' lang='lat' dir='ltr'>revocans</span> <span class='ocrx_word' id='word_1_319' title='bbox 1460 748 1590 769; x_wconf 88' lang='lat' dir='ltr'>morem</span> 
     </span>
     <span class='ocr_line' id='line_1_64' title="bbox 889 786 1589 828; baseline 0.006 -12"><span class='ocrx_word' id='word_1_320' title='bbox 889 786 1064 823; x_wconf 80' lang='lat' dir='ltr'>antiquum</span> <span class='ocrx_word' id='word_1_321' title='bbox 1088 797 1216 826; x_wconf 60' lang='lat' dir='ltr'>arenae,</span> <span class='ocrx_word' id='word_1_322' title='bbox 1246 792 1283 818; x_wconf 93' lang='lat' dir='ltr'>ut</span> <span class='ocrx_word' id='word_1_323' title='bbox 1310 798 1427 828; x_wconf 88' lang='lat' dir='ltr'>parma</span> <span class='ocrx_word' id='word_1_324' title='bbox 1453 793 1488 820; x_wconf 92' lang='lat' dir='ltr'>et</span> <span class='ocrx_word' id='word_1_325' title='bbox 1517 790 1589 820; x_wconf 89' lang='lat' dir='ltr'>sica</span> 
     </span>
     <span class='ocr_line' id='line_1_65' title="bbox 888 836 1591 880; baseline 0.007 -13"><span class='ocrx_word' id='word_1_326' title='bbox 888 836 1047 868; x_wconf 89' lang='lat' dir='ltr'>instructi</span> <span class='ocrx_word' id='word_1_327' title='bbox 1075 838 1264 878; x_wconf 88' lang='lat' dir='ltr'>prodirent.</span> <span class='ocrx_word' id='word_1_328' title='bbox 1315 840 1455 880; x_wconf 81' lang='lat' dir='ltr'>Utraque</span> <span class='ocrx_word' id='word_1_329' title='bbox 1484 841 1591 880; x_wconf 81' lang='lat' dir='ltr'>manu]</span> 
     </span>
     <span class='ocr_line' id='line_1_66' title="bbox 891 886 1591 932; baseline 0.009 -15"><span class='ocrx_word' id='word_1_330' title='bbox 891 886 968 917; x_wconf 90' lang='lat' dir='ltr'>Non</span> <span class='ocrx_word' id='word_1_331' title='bbox 984 887 1209 919; x_wconf 87' lang='lat' dir='ltr'>omittendum</span> <span class='ocrx_word' id='word_1_332' title='bbox 1235 889 1409 928; x_wconf 81' lang='lat' dir='ltr'>Scriverii,</span> <span class='ocrx_word' id='word_1_333' title='bbox 1429 894 1591 932; x_wconf 79' lang='lat' dir='ltr'>utramque</span> 
     </span>
     <span class='ocr_line' id='line_1_67' title="bbox 887 938 1592 983; baseline 0.01 -17"><span class='ocrx_word' id='word_1_334' title='bbox 887 946 1024 968; x_wconf 80' lang='lat' dir='ltr'>manum.</span> <span class='ocrx_word' id='word_1_335' title='bbox 1072 938 1140 968; x_wconf 86' lang='lat' dir='ltr'>Sed</span> <span class='ocrx_word' id='word_1_336' title='bbox 1155 948 1223 969; x_wconf 88' lang='lat' dir='ltr'>non</span> <span class='ocrx_word' id='word_1_337' title='bbox 1240 939 1394 980; x_wconf 82' lang='lat' dir='ltr'>intelligo</span> <span class='ocrx_word' id='word_1_338' title='bbox 1412 945 1592 983; x_wconf 85' lang='lat' dir='ltr'>utramque</span> 
     </span>
     <span class='ocr_line' id='line_1_68' title="bbox 888 989 1589 1033; baseline 0.007 -15"><span class='ocrx_word' id='word_1_339' title='bbox 888 989 1203 1030; x_wconf 72' lang='lat' dir='ltr'>manumCaesaris,</span> <span class='ocrx_word' id='word_1_340' title='bbox 1225 990 1284 1021; x_wconf 87' lang='lat' dir='ltr'>sed</span> <span class='ocrx_word' id='word_1_341' title='bbox 1310 995 1491 1032; x_wconf 86' lang='lat' dir='ltr'>utrumque</span> <span class='ocrx_word' id='word_1_342' title='bbox 1520 994 1589 1033; x_wconf 84' lang='lat' dir='ltr'>gla-</span> 
     </span>
     <span class='ocr_line' id='line_1_69' title="bbox 888 1037 1593 1074; baseline 0.007 -6"><span class='ocrx_word' id='word_1_343' title='bbox 888 1037 1066 1069; x_wconf 85' lang='lat' dir='ltr'>diatorem.</span> <span class='ocrx_word' id='word_1_344' title='bbox 1137 1040 1262 1071; x_wconf 87' lang='lat' dir='ltr'>Manus</span> <span class='ocrx_word' id='word_1_345' title='bbox 1299 1041 1387 1072; x_wconf 91' lang='lat' dir='ltr'>enim</span> <span class='ocrx_word' id='word_1_346' title='bbox 1431 1042 1593 1074; x_wconf 78' lang='lat' dir='ltr'>dicuntur</span> 
     </span>
     <span class='ocr_line' id='line_1_70' title="bbox 887 1088 1592 1133; baseline 0.01 -15"><span class='ocrx_word' id='word_1_347' title='bbox 887 1088 1034 1126; x_wconf 84' lang='lat' dir='ltr'>Latinis,</span> <span class='ocrx_word' id='word_1_348' title='bbox 1078 1089 1136 1131; x_wconf 88' lang='lat' dir='ltr'>qui</span> <span class='ocrx_word' id='word_1_349' title='bbox 1185 1100 1285 1122; x_wconf 89' lang='lat' dir='ltr'>manu</span> <span class='ocrx_word' id='word_1_350' title='bbox 1333 1101 1403 1123; x_wconf 76' lang='lat' dir='ltr'>rein</span> <span class='ocrx_word' id='word_1_351' title='bbox 1457 1100 1592 1133; x_wconf 85' lang='lat' dir='ltr'>gerunt.</span> 
     </span>
     <span class='ocr_line' id='line_1_71' title="bbox 888 1139 1594 1174; baseline 0.007 -5"><span class='ocrx_word' id='word_1_352' title='bbox 888 1139 975 1170; x_wconf 84' lang='lat' dir='ltr'>Vide</span> <span class='ocrx_word' id='word_1_353' title='bbox 1001 1140 1150 1172; x_wconf 90' lang='lat' dir='ltr'>Diatrib.</span> <span class='ocrx_word' id='word_1_354' title='bbox 1168 1141 1210 1172; x_wconf 83' lang='lat' dir='ltr'>ad</span> <span class='ocrx_word' id='word_1_355' title='bbox 1228 1142 1316 1173; x_wconf 88' lang='lat' dir='ltr'>Stat.</span> <span class='ocrx_word' id='word_1_356' title='bbox 1339 1145 1437 1174; x_wconf 76' lang='lat' dir='ltr'>c.40.</span> <span class='ocrx_word' id='word_1_357' title='bbox 1470 1144 1594 1174; x_wconf 81' lang='lat' dir='ltr'>Grono-</span> 
     </span>
     <span class='ocr_line' id='line_1_72' title="bbox 887 1189 966 1220; baseline 0.025 -2"><span class='ocrx_word' id='word_1_358' title='bbox 887 1189 966 1220; x_wconf 72' lang='lat' dir='ltr'>vius.</span> 
     </span>
    </p>

    <p class='ocr_par' dir='ltr' id='par_1_11' title="bbox 887 1239 1589 1424">
     <span class='ocr_line' id='line_1_73' title="bbox 930 1239 1587 1282; baseline 0.008 -13"><span class='ocrx_word' id='word_1_359' title='bbox 930 1241 948 1269; x_wconf 85' lang='lat'>3</span> <span class='ocrx_word' id='word_1_360' title='bbox 973 1239 1079 1270; x_wconf 76' lang='lat' dir='ltr'>Liiem</span> <span class='ocrx_word' id='word_1_361' title='bbox 1104 1240 1205 1282; x_wconf 83' lang='lat' dir='ltr'>finire</span> <span class='ocrx_word' id='word_1_362' title='bbox 1231 1242 1385 1282; x_wconf 76' lang='lat' dir='ltr'>jocosam]</span> <span class='ocrx_word' id='word_1_363' title='bbox 1431 1242 1587 1275; x_wconf 83' lang='lat' dir='ltr'>Studium</span> 
     </span>
     <span class='ocr_line' id='line_1_74' title="bbox 888 1291 1589 1334; baseline 0.006 -13"><span class='ocrx_word' id='word_1_364' title='bbox 888 1291 1006 1331; x_wconf 89' lang='lat' dir='ltr'>populi</span> <span class='ocrx_word' id='word_1_365' title='bbox 1039 1292 1191 1332; x_wconf 86' lang='lat' dir='ltr'>alterius,</span> <span class='ocrx_word' id='word_1_366' title='bbox 1230 1293 1374 1323; x_wconf 85' lang='lat' dir='ltr'>alterum</span> <span class='ocrx_word' id='word_1_367' title='bbox 1416 1295 1589 1334; x_wconf 85' lang='lat' dir='ltr'>petentis:</span> 
     </span>
     <span class='ocr_line' id='line_1_75' title="bbox 887 1341 1589 1382; baseline 0.007 -11"><span class='ocrx_word' id='word_1_368' title='bbox 887 1351 964 1381; x_wconf 84' lang='lat' dir='ltr'>quae</span> <span class='ocrx_word' id='word_1_369' title='bbox 984 1341 1148 1382; x_wconf 74' lang='lat' dir='ltr'>Ausonio,</span> <span class='ocrx_word' id='word_1_370' title='bbox 1173 1345 1332 1375; x_wconf 85' lang='lat' dir='ltr'>‘cuneati</span> <span class='ocrx_word' id='word_1_371' title='bbox 1359 1344 1438 1375; x_wconf 77' lang='lat' dir='ltr'>laeta</span> <span class='ocrx_word' id='word_1_372' title='bbox 1463 1345 1589 1376; x_wconf 79' lang='lat' dir='ltr'>theatri</span> 
     </span>
     <span class='ocr_line' id='line_1_76' title="bbox 887 1391 1043 1424; baseline 0.013 -2"><span class='ocrx_word' id='word_1_373' title='bbox 887 1391 1043 1424; x_wconf 59' lang='lat' dir='ltr'>Sedulo!</span> 
     </span>
    </p>

    <p class='ocr_par' dir='ltr' id='par_1_12' title="bbox 889 1443 1593 1588">
     <span class='ocr_line' id='line_1_77' title="bbox 929 1443 1592 1485; baseline 0.006 -12"><span class='ocrx_word' id='word_1_374' title='bbox 929 1445 949 1473; x_wconf 88' lang='grc'>4</span> <span class='ocrx_word' id='word_1_375' title='bbox 976 1444 1005 1474; x_wconf 93' lang='grc' dir='ltr'><strong>Ο</strong></span> <span class='ocrx_word' id='word_1_376' title='bbox 1022 1443 1123 1484; x_wconf 80' lang='lat' dir='ltr'>dulce]</span> <span class='ocrx_word' id='word_1_377' title='bbox 1148 1444 1328 1476; x_wconf 88' lang='lat' dir='ltr'>Contraria</span> <span class='ocrx_word' id='word_1_378' title='bbox 1351 1445 1489 1485; x_wconf 85' lang='lat' dir='ltr'>jungit:</span> <span class='ocrx_word' id='word_1_379' title='bbox 1517 1445 1592 1477; x_wconf 90' lang='lat' dir='ltr'>hos-</span> 
     </span>
     <span class='ocr_line' id='line_1_78' title="bbox 889 1492 1470 1533; baseline 0.007 -10"><span class='ocrx_word' id='word_1_380' title='bbox 889 1492 981 1524; x_wconf 84' lang='lat' dir='ltr'>tibus</span> <span class='ocrx_word' id='word_1_381' title='bbox 1001 1494 1172 1533; x_wconf 81' lang='lat' dir='ltr'>invictus3</span> <span class='ocrx_word' id='word_1_382' title='bbox 1199 1494 1329 1526; x_wconf 90' lang='lat' dir='ltr'>civibus</span> <span class='ocrx_word' id='word_1_383' title='bbox 1346 1494 1470 1527; x_wconf 84' lang='lat' dir='ltr'>facilis.</span> 
     </span>
     <span class='ocr_line' id='line_1_79' title="bbox 890 1545 1593 1588; baseline 0.006 -13"><span class='ocrx_word' id='word_1_384' title='bbox 890 1545 997 1576; x_wconf 71' lang='lat' dir='ltr'>Eme.</span> <span class='ocrx_word' id='word_1_385' title='bbox 1020 1554 1101 1577; x_wconf 80' lang='lat' dir='ltr'>xxr.</span> <span class='ocrx_word' id='word_1_386' title='bbox 1134 1546 1267 1586; x_wconf 87' lang='lat' dir='ltr'>Orphei</span> <span class='ocrx_word' id='word_1_387' title='bbox 1290 1545 1360 1578; x_wconf 88' lang='lat' dir='ltr'>fab.</span> <span class='ocrx_word' id='word_1_388' title='bbox 1389 1547 1422 1577; x_wconf 90' lang='lat' dir='ltr'>in</span> <span class='ocrx_word' id='word_1_389' title='bbox 1449 1547 1593 1588; x_wconf 83' lang='lat' dir='ltr'>Amphi-</span> 
     </span>
    </p>

    <p class='ocr_par' dir='ltr' id='par_1_13' title="bbox 932 1595 1593 1836">
     <span class='ocr_line' id='line_1_80' title="bbox 932 1595 1591 1630; baseline 0.005 -4"><span class='ocrx_word' id='word_1_390' title='bbox 932 1595 1067 1627; x_wconf 87' lang='lat' dir='ltr'>theatro</span> <span class='ocrx_word' id='word_1_391' title='bbox 1097 1596 1250 1628; x_wconf 84' lang='lat' dir='ltr'>exhibita</span> <span class='ocrx_word' id='word_1_392' title='bbox 1280 1602 1343 1628; x_wconf 86' lang='lat' dir='ltr'>est.</span> <span class='ocrx_word' id='word_1_393' title='bbox 1400 1599 1591 1630; x_wconf 85' lang='lat' dir='ltr'>Damnatus</span> 
     </span>
     <span class='ocr_line' id='line_1_81' title="bbox 932 1647 1590 1689; baseline 0.005 -13"><span class='ocrx_word' id='word_1_394' title='bbox 932 1655 1013 1677; x_wconf 74' lang='lat' dir='ltr'>vero</span> <span class='ocrx_word' id='word_1_395' title='bbox 1036 1647 1202 1687; x_wconf 87' lang='lat' dir='ltr'>quispiam</span> <span class='ocrx_word' id='word_1_396' title='bbox 1228 1649 1282 1686; x_wconf 92' lang='lat' dir='ltr'>(ut</span> <span class='ocrx_word' id='word_1_397' title='bbox 1313 1648 1395 1679; x_wconf 89' lang='lat' dir='ltr'>dict.</span> <span class='ocrx_word' id='word_1_398' title='bbox 1421 1658 1524 1689; x_wconf 88' lang='lat' dir='ltr'>supra</span> <span class='ocrx_word' id='word_1_399' title='bbox 1558 1650 1590 1679; x_wconf 94' lang='lat' dir='ltr'>in</span> 
     </span>
     <span class='ocr_line' id='line_1_82' title="bbox 932 1696 1593 1737; baseline 0.006 -11"><span class='ocrx_word' id='word_1_400' title='bbox 932 1705 1057 1736; x_wconf 83' lang='lat' dir='ltr'>argum.</span> <span class='ocrx_word' id='word_1_401' title='bbox 1074 1697 1185 1737; x_wconf 85' lang='lat' dir='ltr'>epigr.</span> <span class='ocrx_word' id='word_1_402' title='bbox 1209 1696 1255 1737; x_wconf 84' lang='lat'>7.)</span> <span class='ocrx_word' id='word_1_403' title='bbox 1280 1707 1357 1728; x_wconf 88' lang='lat' dir='ltr'>vere</span> <span class='ocrx_word' id='word_1_404' title='bbox 1381 1698 1423 1729; x_wconf 85' lang='lat' dir='ltr'>ab</span> <span class='ocrx_word' id='word_1_405' title='bbox 1443 1708 1521 1729; x_wconf 88' lang='lat' dir='ltr'>urso</span> <span class='ocrx_word' id='word_1_406' title='bbox 1545 1700 1593 1730; x_wconf 84' lang='lat' dir='ltr'>la-</span> 
     </span>
     <span class='ocr_line' id='line_1_83' title="bbox 932 1746 1593 1788; baseline 0.008 -13"><span class='ocrx_word' id='word_1_407' title='bbox 932 1746 1043 1776; x_wconf 90' lang='lat' dir='ltr'>niatus</span> <span class='ocrx_word' id='word_1_408' title='bbox 1061 1752 1126 1785; x_wconf 92' lang='lat' dir='ltr'>est,</span> <span class='ocrx_word' id='word_1_409' title='bbox 1153 1751 1191 1777; x_wconf 87' lang='lat' dir='ltr'>ut</span> <span class='ocrx_word' id='word_1_410' title='bbox 1216 1748 1376 1788; x_wconf 88' lang='lat' dir='ltr'>Orpheus</span> <span class='ocrx_word' id='word_1_411' title='bbox 1401 1758 1420 1778; x_wconf 84' lang='lat' dir='ltr'>a</span> <span class='ocrx_word' id='word_1_412' title='bbox 1446 1749 1593 1780; x_wconf 83' lang='lat' dir='ltr'>Bacchis</span> 
     </span>
     <span class='ocr_line' id='line_1_84' title="bbox 932 1795 1266 1836; baseline 0.009 -11"><span class='ocrx_word' id='word_1_413' title='bbox 932 1795 1126 1836; x_wconf 81' lang='lat' dir='ltr'>discerptus</span> <span class='ocrx_word' id='word_1_414' title='bbox 1143 1796 1266 1828; x_wconf 83' lang='lat' dir='ltr'>fertur.</span> 
     </span>
    </p>

    <p class='ocr_par' dir='ltr' id='par_1_14' title="bbox 889 1846 1593 2593">
     <span class='ocr_line' id='line_1_85' title="bbox 933 1846 1592 1889; baseline 0.008 -14"><span class='ocrx_word' id='word_1_415' title='bbox 933 1848 948 1876; x_wconf 86' lang='lat'>1</span> <span class='ocrx_word' id='word_1_416' title='bbox 978 1846 1102 1886; x_wconf 76' lang='lat' dir='ltr'>Orpheo</span> <span class='ocrx_word' id='word_1_417' title='bbox 1130 1847 1288 1888; x_wconf 80' lang='lat' dir='ltr'>Rhodope,</span> <span class='ocrx_word' id='word_1_418' title='bbox 1308 1847 1379 1887; x_wconf 50' lang='lat' dir='ltr'>&amp;eff</span> <span class='ocrx_word' id='word_1_419' title='bbox 1415 1847 1592 1889; x_wconf 88' lang='lat' dir='ltr'>Orpheum</span> 
     </span>
     <span class='ocr_line' id='line_1_86' title="bbox 889 1894 1593 1936; baseline 0.007 -11"><span class='ocrx_word' id='word_1_420' title='bbox 889 1894 1074 1936; x_wconf 87' lang='lat' dir='ltr'>theatrum,</span> <span class='ocrx_word' id='word_1_421' title='bbox 1098 1906 1117 1927; x_wconf 91' lang='lat' dir='ltr'>a</span> <span class='ocrx_word' id='word_1_422' title='bbox 1134 1897 1358 1929; x_wconf 84' lang='lat' dir='ltr'>similitudine</span> <span class='ocrx_word' id='word_1_423' title='bbox 1375 1899 1446 1930; x_wconf 87' lang='lat' dir='ltr'>veri</span> <span class='ocrx_word' id='word_1_424' title='bbox 1466 1900 1593 1930; x_wconf 78' lang='lat' dir='ltr'>theatri</span> 
     </span>
     <span class='ocr_line' id='line_1_87' title="bbox 890 1947 1588 1988; baseline 0.007 -12"><span class='ocrx_word' id='word_1_425' title='bbox 890 1947 1056 1986; x_wconf 83' lang='lat' dir='ltr'>appellat,</span> <span class='ocrx_word' id='word_1_426' title='bbox 1075 1948 1164 1988; x_wconf 86' lang='lat' dir='ltr'>quod</span> <span class='ocrx_word' id='word_1_427' title='bbox 1182 1954 1271 1979; x_wconf 90' lang='lat' dir='ltr'>esset</span> <span class='ocrx_word' id='word_1_428' title='bbox 1288 1949 1321 1979; x_wconf 89' lang='lat' dir='ltr'>in</span> <span class='ocrx_word' id='word_1_429' title='bbox 1337 1950 1504 1981; x_wconf 73' lang='lat' dir='ltr'>Threiciis</span> <span class='ocrx_word' id='word_1_430' title='bbox 1519 1951 1588 1981; x_wconf 86' lang='lat' dir='ltr'>val-</span> 
     </span>
     <span class='ocr_line' id='line_1_88' title="bbox 889 1995 1591 2038; baseline 0.01 -13"><span class='ocrx_word' id='word_1_431' title='bbox 889 1995 978 2026; x_wconf 83' lang='lat' dir='ltr'>libus</span> <span class='ocrx_word' id='word_1_432' title='bbox 1002 2007 1059 2028; x_wconf 83' lang='lat' dir='ltr'>seu</span> <span class='ocrx_word' id='word_1_433' title='bbox 1085 1999 1232 2038; x_wconf 89' lang='lat' dir='ltr'>planicie</span> <span class='ocrx_word' id='word_1_434' title='bbox 1258 2000 1299 2030; x_wconf 90' lang='lat' dir='ltr'>ad</span> <span class='ocrx_word' id='word_1_435' title='bbox 1324 2001 1482 2031; x_wconf 86' lang='lat' dir='ltr'>Hoemum</span> <span class='ocrx_word' id='word_1_436' title='bbox 1502 2002 1591 2032; x_wconf 89' lang='lat' dir='ltr'>Rho-</span> 
     </span>
     <span class='ocr_line' id='line_1_89' title="bbox 889 2046 1592 2090; baseline 0.009 -12"><span class='ocrx_word' id='word_1_437' title='bbox 889 2046 1060 2089; x_wconf 85' lang='lat' dir='ltr'>dopenve,</span> <span class='ocrx_word' id='word_1_438' title='bbox 1087 2060 1161 2090; x_wconf 77' lang='lat' dir='ltr'>quae</span> <span class='ocrx_word' id='word_1_439' title='bbox 1177 2050 1218 2081; x_wconf 86' lang='lat' dir='ltr'>ad</span> <span class='ocrx_word' id='word_1_440' title='bbox 1243 2052 1503 2083; x_wconf 88' lang='lat' dir='ltr'>similitudinem</span> <span class='ocrx_word' id='word_1_441' title='bbox 1522 2055 1592 2084; x_wconf 82' lang='lat' dir='ltr'>veri</span> 
     </span>
     <span class='ocr_line' id='line_1_90' title="bbox 891 2098 1593 2141; baseline 0.01 -13"><span class='ocrx_word' id='word_1_442' title='bbox 891 2098 1017 2129; x_wconf 85' lang='lat' dir='ltr'>theatri</span> <span class='ocrx_word' id='word_1_443' title='bbox 1049 2099 1158 2131; x_wconf 87' lang='lat' dir='ltr'>refert</span> <span class='ocrx_word' id='word_1_444' title='bbox 1192 2101 1307 2141; x_wconf 69' lang='lat' dir='ltr'>poeta,</span> <span class='ocrx_word' id='word_1_445' title='bbox 1337 2108 1375 2133; x_wconf 89' lang='lat' dir='ltr'>ut</span> <span class='ocrx_word' id='word_1_446' title='bbox 1406 2103 1510 2134; x_wconf 83' lang='lat' dir='ltr'>Ovid.</span> <span class='ocrx_word' id='word_1_447' title='bbox 1541 2107 1593 2135; x_wconf 92' lang='lat' dir='ltr'>ll.</span> 
     </span>
     <span class='ocr_line' id='line_1_91' title="bbox 889 2148 1592 2192; baseline 0.009 -14"><span class='ocrx_word' id='word_1_448' title='bbox 889 2148 1072 2182; x_wconf 81' lang='lat' dir='ltr'>Metamor.</span> <span class='ocrx_word' id='word_1_449' title='bbox 1094 2151 1103 2166; x_wconf 88' lang='lat'>‘</span> <span class='ocrx_word' id='word_1_450' title='bbox 1115 2151 1291 2183; x_wconf 77' lang='lat' dir='ltr'>Maenades</span> <span class='ocrx_word' id='word_1_451' title='bbox 1305 2152 1437 2192; x_wconf 87' lang='lat' dir='ltr'>Orphei</span> <span class='ocrx_word' id='word_1_452' title='bbox 1456 2154 1592 2185; x_wconf 84' lang='lat' dir='ltr'>titulum</span> 
     </span>
     <span class='ocr_line' id='line_1_92' title="bbox 890 2201 1592 2243; baseline 0.01 -14"><span class='ocrx_word' id='word_1_453' title='bbox 890 2209 1034 2239; x_wconf 82' lang='lat' dir='ltr'>rapuere</span> <span class='ocrx_word' id='word_1_454' title='bbox 1073 2201 1221 2232; x_wconf 59' lang='lat' dir='ltr'>theatri)</span> <span class='ocrx_word' id='word_1_455' title='bbox 1271 2203 1433 2243; x_wconf 76' lang='lat' dir='ltr'>Rhodope]</span> <span class='ocrx_word' id='word_1_456' title='bbox 1490 2204 1592 2236; x_wconf 73' lang='lat' dir='ltr'>Mons</span> 
     </span>
     <span class='ocr_line' id='line_1_93' title="bbox 889 2251 1593 2293; baseline 0.007 -13"><span class='ocrx_word' id='word_1_457' title='bbox 889 2251 1054 2290; x_wconf 76' lang='lat' dir='ltr'>Thraciae,</span> <span class='ocrx_word' id='word_1_458' title='bbox 1079 2251 1132 2282; x_wconf 90' lang='lat' dir='ltr'>hic</span> <span class='ocrx_word' id='word_1_459' title='bbox 1161 2262 1223 2293; x_wconf 89' lang='lat' dir='ltr'>pro</span> <span class='ocrx_word' id='word_1_460' title='bbox 1249 2253 1392 2284; x_wconf 85' lang='lat' dir='ltr'>Thracia</span> <span class='ocrx_word' id='word_1_461' title='bbox 1408 2255 1482 2293; x_wconf 87' lang='lat' dir='ltr'>ipsa</span> <span class='ocrx_word' id='word_1_462' title='bbox 1504 2257 1593 2286; x_wconf 86' lang='lat' dir='ltr'>acci-</span> 
     </span>
     <span class='ocr_line' id='line_1_94' title="bbox 891 2301 1591 2343; baseline 0.009 -12"><span class='ocrx_word' id='word_1_463' title='bbox 891 2301 1003 2341; x_wconf 87' lang='lat' dir='ltr'>pitur;</span> <span class='ocrx_word' id='word_1_464' title='bbox 1028 2307 1087 2333; x_wconf 87' lang='lat' dir='ltr'>aut</span> <span class='ocrx_word' id='word_1_465' title='bbox 1102 2312 1164 2343; x_wconf 86' lang='lat' dir='ltr'>pro</span> <span class='ocrx_word' id='word_1_466' title='bbox 1190 2303 1271 2334; x_wconf 87' lang='lat' dir='ltr'>feris</span> <span class='ocrx_word' id='word_1_467' title='bbox 1294 2308 1328 2335; x_wconf 87' lang='lat' dir='ltr'>et</span> <span class='ocrx_word' id='word_1_468' title='bbox 1352 2305 1444 2334; x_wconf 83' lang='lat' dir='ltr'>silvis</span> <span class='ocrx_word' id='word_1_469' title='bbox 1462 2315 1500 2336; x_wconf 85' lang='lat' dir='ltr'>ac</span> <span class='ocrx_word' id='word_1_470' title='bbox 1519 2315 1591 2337; x_wconf 86' lang='lat' dir='ltr'>sco-</span> 
     </span>
     <span class='ocr_line' id='line_1_95' title="bbox 892 2353 1593 2396; baseline 0.007 -14"><span class='ocrx_word' id='word_1_471' title='bbox 892 2353 994 2392; x_wconf 87' lang='lat' dir='ltr'>pulis,</span> <span class='ocrx_word' id='word_1_472' title='bbox 1025 2353 1080 2394; x_wconf 91' lang='lat' dir='ltr'>qui</span> <span class='ocrx_word' id='word_1_473' title='bbox 1106 2353 1147 2384; x_wconf 89' lang='lat' dir='ltr'>ad</span> <span class='ocrx_word' id='word_1_474' title='bbox 1179 2353 1370 2393; x_wconf 85' lang='lat' dir='ltr'>Rhodopen</span> <span class='ocrx_word' id='word_1_475' title='bbox 1400 2364 1593 2396; x_wconf 84' lang='lat' dir='ltr'>arrepsere,</span> 
     </span>
     <span class='ocr_line' id='line_1_96' title="bbox 890 2403 1592 2446; baseline 0.006 -12"><span class='ocrx_word' id='word_1_476' title='bbox 890 2413 967 2434; x_wconf 89' lang='lat' dir='ltr'>cum</span> <span class='ocrx_word' id='word_1_477' title='bbox 985 2403 1018 2433; x_wconf 89' lang='lat' dir='ltr'>in</span> <span class='ocrx_word' id='word_1_478' title='bbox 1036 2413 1075 2434; x_wconf 85' lang='lat' dir='ltr'>ea</span> <span class='ocrx_word' id='word_1_479' title='bbox 1088 2408 1227 2435; x_wconf 88' lang='lat' dir='ltr'>caneret</span> <span class='ocrx_word' id='word_1_480' title='bbox 1245 2404 1419 2444; x_wconf 84' lang='lat' dir='ltr'>Orpheus.</span> <span class='ocrx_word' id='word_1_481' title='bbox 1450 2405 1592 2446; x_wconf 71' lang='lat' dir='ltr'>Spectas-</span> 
     </span>
     <span class='ocr_line' id='line_1_97' title="bbox 890 2452 1592 2496; baseline 0.007 -14"><span class='ocrx_word' id='word_1_482' title='bbox 890 2452 936 2492; x_wconf 61' lang='grc' dir='ltr'>δι’]</span> <span class='ocrx_word' id='word_1_483' title='bbox 975 2453 1115 2493; x_wconf 90' lang='lat' dir='ltr'>Orpheo</span> <span class='ocrx_word' id='word_1_484' title='bbox 1130 2459 1272 2484; x_wconf 86' lang='lat' dir='ltr'>canente</span> <span class='ocrx_word' id='word_1_485' title='bbox 1297 2455 1461 2486; x_wconf 91' lang='lat' dir='ltr'>animatas</span> <span class='ocrx_word' id='word_1_486' title='bbox 1478 2456 1592 2496; x_wconf 88' lang='lat' dir='ltr'>silvas,</span> 
     </span>
     <span class='ocr_line' id='line_1_98' title="bbox 892 2502 1591 2543; baseline 0.007 -10"><span class='ocrx_word' id='word_1_487' title='bbox 892 2504 1040 2543; x_wconf 78' lang='lat' dir='ltr'>arbores,</span> <span class='ocrx_word' id='word_1_488' title='bbox 1057 2513 1157 2534; x_wconf 86' lang='lat' dir='ltr'>saxa:</span> <span class='ocrx_word' id='word_1_489' title='bbox 1174 2502 1264 2534; x_wconf 85' lang='lat' dir='ltr'>feras</span> <span class='ocrx_word' id='word_1_490' title='bbox 1281 2504 1525 2537; x_wconf 88' lang='lat' dir='ltr'>humanitatem</span> <span class='ocrx_word' id='word_1_491' title='bbox 1543 2507 1591 2538; x_wconf 80' lang='lat' dir='ltr'>in·</span> 
     </span>
     <span class='ocr_line' id='line_1_99' title="bbox 892 2554 1100 2593; baseline 0.005 -9"><span class='ocrx_word' id='word_1_492' title='bbox 892 2554 1017 2593; x_wconf 79' lang='lat' dir='ltr'>(luisse,</span> <span class='ocrx_word' id='word_1_493' title='bbox 1035 2558 1100 2585; x_wconf 74' lang='lat' dir='ltr'>&amp;c-</span> 
     </span>
    </p>

    <p class='ocr_par' dir='ltr' id='par_1_15' title="bbox 892 2604 1589 2739">
     <span class='ocr_line' id='line_1_100' title="bbox 934 2604 1589 2644; baseline 0.005 -10"><span class='ocrx_word' id='word_1_494' title='bbox 934 2607 951 2634; x_wconf 86' lang='lat'><strong>3</strong></span> <span class='ocrx_word' id='word_1_495' title='bbox 979 2605 1165 2644; x_wconf 79' lang='lat' dir='ltr'>Repserunt,</span> <span class='ocrx_word' id='word_1_496' title='bbox 1187 2605 1257 2644; x_wconf 62' lang='lat' dir='ltr'>Sym]</span> <span class='ocrx_word' id='word_1_497' title='bbox 1283 2604 1371 2636; x_wconf 81' lang='lat' dir='ltr'>Haec</span> <span class='ocrx_word' id='word_1_498' title='bbox 1397 2610 1510 2637; x_wconf 78' lang='lat' dir='ltr'>autem</span> <span class='ocrx_word' id='word_1_499' title='bbox 1535 2608 1589 2638; x_wconf 88' lang='lat' dir='ltr'>vel</span> 
     </span>
     <span class='ocr_line' id='line_1_101' title="bbox 892 2655 1589 2695; baseline 0.006 -11"><span class='ocrx_word' id='word_1_500' title='bbox 892 2663 953 2694; x_wconf 89' lang='lat' dir='ltr'>per</span> <span class='ocrx_word' id='word_1_501' title='bbox 967 2655 1239 2686; x_wconf 83' lang='lat' dir='ltr'>machinamenta</span> <span class='ocrx_word' id='word_1_502' title='bbox 1254 2656 1497 2695; x_wconf 74' lang='grc' dir='ltr'>νευροσπαστικά</span> <span class='ocrx_word' id='word_1_503' title='bbox 1511 2668 1518 2687; x_wconf 92' lang='lat'>:</span> <span class='ocrx_word' id='word_1_504' title='bbox 1537 2659 1589 2688; x_wconf 83' lang='lat' dir='ltr'>vel</span> 
     </span>
     <span class='ocr_line' id='line_1_102' title="bbox 893 2705 1586 2739; baseline 0.001 -3"><span class='ocrx_word' id='word_1_505' title='bbox 893 2706 932 2736; x_wconf 75' lang='lat' dir='ltr'>ab</span> <span class='ocrx_word' id='word_1_506' title='bbox 964 2705 1152 2737; x_wconf 83' lang='lat' dir='ltr'>hominibus</span> <span class='ocrx_word' id='word_1_507' title='bbox 1191 2707 1223 2736; x_wconf 82' lang='lat' dir='ltr'>in</span> <span class='ocrx_word' id='word_1_508' title='bbox 1264 2707 1392 2736; x_wconf 78' lang='lat' dir='ltr'>truncis</span> <span class='ocrx_word' id='word_1_509' title='bbox 1431 2708 1586 2739; x_wconf 77' lang='lat' dir='ltr'>arborum</span> 
     </span>
    </p>
   </div>
  </div>
 </body>
</html>
