1866 3131
266 162 379 203 1170

261 276 415 308 Raderus
449 280 564 307 tamen
598 275 718 316 credit,
746 276 833 307 bunc
862 276 957 308 Phae-

262 327 356 358 drum
396 326 541 366 Augusti
577 326 736 358 libertum
777 326 894 366 fuisse,
923 332 957 358 et

260 378 408 419 quinque
435 377 510 408 illos
534 377 638 408 libros
661 377 893 417 AEsopicarum
909 377 957 408 fa-

260 429 413 459 bularum
455 427 652 468 scripsisse;
696 427 786 458 unde
816 427 956 467 ‘jocos'

261 479 425 519 appellat,
437 479 516 520 quid
534 479 623 509 enim
640 478 740 518 aliud,
756 479 956 520 quamjoci?

259 528 269 545 ‘
285 528 505 568 Improbnm'
531 538 608 560 reor
632 529 710 569 dici,
733 534 872 570 propter
898 530 956 570 Sy-

259 578 365 609 barin.

300 633 322 661 6
343 630 396 662 An
411 641 534 662 severus
548 631 663 673 herois]
685 631 738 662 An
755 632 857 663 heroo
870 632 958 672 pede

259 682 351 714 canit
377 683 518 714 heroum
542 682 644 715 facta.
701 683 838 714 Heroici
867 685 956 715 enim

258 733 416 764 carminis
429 740 674 775 argumentum,
685 743 852 773 severum,
861 744 958 775 gran-

261 782 317 821 de,
332 783 477 814 illustre.

301 835 320 863 7
343 832 397 864 An
422 833 455 864 in
476 834 644 874 cothurnis,
665 833 732 874 ‹ij-cn]
770 833 826 864 An
850 833 957 865 tristis

259 887 294 914 et
325 883 413 914 altus
438 884 618 924 majestate
653 884 808 915 carminis
835 885 958 925 tragici

259 932 379 964 scribit
407 933 611 973 tragoedias?
645 934 686 965 In
715 934 884 974 tragoediis
901 945 957 965 au-

257 988 327 1014 tem
351 983 481 1015 inducti
501 984 621 1015 heroes
648 990 683 1016 et
710 994 807 1025 reges
831 985 957 1025 grande

257 1035 374 1074 locuti,
391 1035 469 1066 altis
492 1036 727 1067 innitebantur
752 1037 959 1067 calceamen-

256 1087 324 1125 tis;
355 1087 545 1128 claruitque
571 1088 660 1128 stylo
685 1087 816 1126 tragico
831 1087 958 1128 Sopho-

257 1137 339 1168 cles.
385 1137 430 1168 Et
460 1137 611 1178 quamvis
640 1138 816 1178 AEschylus
854 1136 959 1167 fuerit

258 1187 400 1227 primus,
416 1187 472 1228 qui
489 1187 808 1228 magniloquentiam
835 1186 959 1218 docue-

256 1237 314 1273 rit,
339 1242 375 1268 ut
391 1242 539 1268 testatur
566 1238 689 1268 Horat.
717 1238 750 1268 in
766 1236 851 1268 Arte
868 1237 959 1278 poet.

256 1289 265 1305 ‘
285 1289 329 1319 Et
346 1288 462 1319 docuit
474 1298 698 1330 magnumque
713 1288 958 1329 loqui‚nitique

256 1338 455 1377 cothurno3'
512 1339 544 1369 in
591 1339 807 1380 proverbium
846 1343 957 1371 tamen

256 1387 341 1419 abiit
362 1389 592 1429 ‘Sophocleus
631 1389 840 1429 cothurnus,'
869 1390 958 1430 quod

257 1438 443 1478 Sophocles
460 1444 603 1470 caeteros
619 1439 781 1480 Tragicos
798 1439 958 1471 dictionis

257 1489 535 1529 gravitatelonge
550 1489 778 1530 superaverit.
802 1490 957 1530 UtVirg.

255 1539 372 1579 Eclog.
400 1542 431 1570 8.
460 1542 512 1570 10.
556 1540 659 1570 ‘Sola
686 1540 873 1580 Sophocleo
900 1545 958 1571 tua

255 1589 407 1620 carmina
423 1589 527 1629 digna
545 1589 735 1620 cothurno!
759 1590 914 1621 Ramires.

294 1641 314 1668 8
337 1638 389 1669 An
405 1639 529 1679 otiosus,
543 1638 612 1679 &cst
646 1637 700 1669 An
728 1639 760 1669 in
784 1644 955 1671 conventu

254 1687 440 1719 Poetarum
469 1689 592 1720 recitat
629 1689 804 1730 elegantes
837 1700 956 1721 comoe-

253 1738 338 1775 dias,
351 1739 406 1769 vel
432 1739 499 1769 alia
529 1739 689 1770 carmina.
737 1740 878 1781 otiosus]
903 1741 956 1772 Ab

254 1789 328 1819 aliis
348 1789 493 1828 negotiis
516 1798 659 1820 vacuus:
696 1800 773 1821 nam
789 1792 955 1831 quomodo

253 1837 432 1877 ‘otiosus,'
471 1839 498 1869 si
530 1839 722 1870 recitabat?
774 1841 813 1871 In
841 1842 957 1882 schola]

254 1886 332 1918 Alia
345 1892 396 1918 est
410 1889 523 1919 schola
535 1889 731 1930 Poetarum,
749 1891 815 1921 alia
836 1892 956 1923 Gram-

254 1938 464 1969 maticorum.
497 1939 720 1971 Grammatici
737 1942 956 1981 explicabant

254 1988 396 2028 poetas3
433 1988 545 2029 poe‘tae
573 1989 636 2029 ipsi
666 2000 725 2021 sua
764 1991 955 2023 recitabant

255 2039 403 2070 carmina
417 2040 451 2070 in
468 2039 636 2071 auditorio
649 2041 771 2082 aliquo.

297 2092 337 2119 10
364 2088 465 2128 Terit]
491 2090 712 2122 Obambulat.
739 2092 869 2132 Templi]
893 2092 953 2124 Isi-

252 2139 302 2170 dis
318 2138 397 2170 fani.
419 2140 527 2180 epigr.
545 2141 633 2171 14.1.
651 2143 682 2171 2.
697 2151 781 2172 vers.
797 2145 828 2173 7.

295 2191 332 2219 ll
367 2190 479 2230 Spatia
512 2191 627 2231 carpit,
655 2191 726 2231 Esca]
776 2192 952 2223 Porticnm

251 2239 407 2279 Neptuni
428 2249 525 2281 quam
544 2240 724 2272 aedificavit
742 2241 952 2282 Ag1·ippa,et

250 2288 528 2329 Argonautarum
567 2291 703 2331 pictura
752 2292 951 2324 exornavit:

251 2339 358 2380 epigr.
375 2343 427 2371 14.
444 2341 467 2371 l.
484 2344 515 2371 2.
533 2350 621 2372 vers.
638 2345 669 2372 5.

293 2392 333 2420 12
357 2391 409 2421 An
425 2391 577 2431 deticatoe,
592 2391 663 2431 lya]
697 2390 747 2422 An
771 2391 804 2422 in
817 2391 952 2432 porticu

253 2439 414 2480 Europae,
441 2440 475 2471 in
500 2451 567 2481 qua
593 2441 722 2472 buxeta
745 2441 848 2472 solem
863 2440 953 2471 fran—

253 2495 338 2530 gunt
365 2500 385 2520 a
409 2491 642 2531 meri(lie,&c.
670 2492 777 2532 epigr.
807 2494 856 2523 14.
882 2491 905 2521 l.
922 2494 954 2528 2,

255 2548 343 2571 vers.
360 2543 413 2571 15.

297 2593 335 2620 15
377 2590 495 2631 Titine]
537 2591 605 2622 Titi
632 2591 869 2632 Imperatoris,
895 2592 951 2633 qui

255 2639 381 2670 delitiae
415 2641 549 2673 mundi:
583 2651 682 2682 quem
707 2642 825 2682 procul
849 2642 951 2673 dubio

255 2698 354 2719 versu
383 2690 525 2721 clariore
557 2701 648 2731 saepe
676 2692 896 2732 celebrasset,
924 2693 952 2724 si

254 2749 313 2779 per
354 2740 582 2771 Domitianum
628 2742 788 2773 licuisset.
838 2742 950 2775 Rader.

255 2791 361 2822 Titine
377 2791 518 2832 thermis,
545 2791 614 2831 dja]
647 2792 853 2823 ‘Velut-ibus
880 2802 949 2824 mu-

728 171 867 202 NOTAE
902 172 1166 203 VARIORUM
1202 175 1252 204 ΙΝ

1007 269 1156 308 neribus,
1173 270 1333 301 thermis.'
1350 270 1457 310 epIgr.
1469 274 1500 303 2.
1515 271 1571 302 lib.
1585 273 1701 314 Spect-

1008 325 1138 365 Ecqnid
1155 325 1245 365 sapit
1259 325 1348 366 quod
1373 326 1473 356 habet
1489 326 1555 356 Ms.
1574 325 1701 357 Oxoni-

1007 376 1107 413 ensis,
1137 376 1311 408 Stertitve?
1355 377 1483 407 thermis
1512 387 1552 408 an
1580 378 1702 407 lavatur

1005 424 1184 466 Agrippae?
1228 426 1393 467 Agrippae]
1426 427 1556 457 Balnea
1578 427 1619 458 de
1642 435 1702 457 suo

1007 476 1142 506 nomine
1159 476 1322 508 excitavit
1337 477 1386 508 M.
1404 476 1567 517 Agrippa.

1051 528 1090 556 16
1116 526 1359 566 Itnpuslici,85·c.]
1392 528 1549 568 Soplionii
1576 527 1704 567 Tigilli-

1007 575 1054 613 ni,
1071 576 1228 617 bipedum
1256 579 1462 618 nequissimi,
1487 577 1578 609 foeda
1594 579 1705 618 pueri-

1007 628 1068 665 tia,
1091 627 1261 668 impudica
1281 635 1428 669 senecta,
1449 632 1511 660 &a
1542 630 1653 661 Tacit.
1671 633 1700 661 l.

1008 677 1139 708 Hister.
1155 684 1189 709 et
1203 683 1253 710 14.
1271 679 1392 711 Annal.

1050 730 1090 758 17
1118 729 1199 760 Tulli
1214 730 1347 772 Lucani]
1382 732 1499 772 Epigr.
1512 734 1564 764 37.
1578 732 1600 763 l.
1619 735 1649 763 1.
1667 736 1702 763 et

1008 778 1030 808 l.
1047 780 1077 808 9.
1093 779 1199 818 epigr.
1211 783 1263 812 52.

1053 831 1091 858 18
1114 830 1165 859 Ad
1194 831 1352 871 quartum]
1382 832 1554 863 Praedium
1582 833 1701 863 subur-

1006 878 1129 909 banum
1146 880 1187 910 ad
1204 886 1360 921 quartum
1376 883 1532 923 lapidem.
1556 883 1612 914 Ita
1627 884 1703 915 sub-

1008 929 1137 960 urbana
1171 931 1300 970 praedia
1325 937 1383 963 aut
1410 933 1567 973 praetoria
1599 934 1703 965 nomi-

1007 981 1144 1020 nabant,
1159 983 1199 1013 ad
1215 983 1383 1023 Tertium,
1406 985 1585 1025 Quartum,
1600 986 1704 1018 Quin-

1007 1036 1091 1072 tum,
1108 1034 1260 1075 Sextum,
1276 1035 1427 1075 intellige
1443 1035 1588 1077 lapidem
1604 1036 1702 1067 milli-

1008 1093 1111 1114 arem.

1052 1137 1092 1165 19
1114 1134 1166 1166 An
1183 1139 1360 1174 restitantes,
1375 1135 1443 1176 Sym]
1456 1135 1509 1167 Ad
1527 1146 1628 1177 aquas
1648 1146 1702 1167 ca-

1007 1184 1092 1214 lidas
1109 1185 1142 1214 in
1167 1186 1298 1225 Bujano
1325 1187 1398 1217 sinu
1421 1187 1509 1218 intra
1534 1187 1701 1218 Misenum

1010 1239 1045 1264 et
1060 1234 1220 1266 Puteolos
1237 1237 1268 1266 in
1284 1237 1479 1277 Campania.

1051 1286 1091 1314 21
1106 1284 1175 1315 ·Vis
1189 1286 1281 1324 scire,
1293 1287 1361 1326 ἐγω]
1388 1287 1439 1316 Ex
1464 1296 1607 1327 persona
1624 1288 1701 1319 Mu-

1009 1345 1054 1366 sae
1071 1346 1157 1377 resp.
1184 1337 1353 1379 Quicquid
1372 1344 1462 1379 agat,
1479 1339 1578 1379 ridet,
1595 1341 1701 1380 epigr.

1008 1389 1061 1417 62.
1079 1387 1100 1418 l.
1113 1389 1142 1418 1.
1159 1392 1194 1418 et
1210 1389 1314 1428 epigr.
1327 1392 1379 1421 63.
1395 1388 1494 1421 infra.

1051 1436 1156 1467 Epm.
1173 1445 1253 1467 xxr.
1288 1438 1326 1468 In
1343 1440 1494 1469 crudelem
1520 1440 1702 1481 Dominum]

1009 1487 1063 1517 Ita
1086 1486 1168 1526 vita,
1183 1497 1201 1518 a
1217 1497 1314 1518 servo
1341 1489 1427 1519 male
1445 1494 1586 1529 accepto
1607 1489 1700 1528 data,

1008 1537 1121 1576 potius
1149 1538 1297 1569 Domino
1327 1539 1452 1570 invidia
1485 1538 1564 1578 fuit,
1601 1549 1700 1581 quam

1008 1587 1090 1617 vita.
1124 1588 1169 1618 Et
1182 1588 1230 1619 sic
1246 1589 1333 1619 ultus
1350 1593 1403 1619 est
1415 1589 1606 1628 Dominum,
1622 1590 1702 1630 quia

1008 1637 1158 1668 reddidit
1184 1638 1275 1668 illum
1300 1638 1453 1670 omnibus
1484 1639 1638 1680 invisum,
1664 1650 1701 1671 se

1008 1696 1086 1717 vero
1101 1692 1245 1726 gratum.
1270 1689 1352 1719 Rad.

1052 1740 1066 1767 1
1094 1738 1319 1778 Proscriptum,
1334 1739 1403 1780 εἶτ]
1425 1738 1564 1770 Antium
1587 1740 1700 1772 Resti-

1008 1798 1127 1820 onem:
1153 1789 1230 1819 vide
1248 1789 1458 1821 Macrobium
1477 1793 1507 1820 1.
1520 1791 1698 1823 Saturn.c.

1008 1841 1058 1868 11.
1089 1842 1123 1868 et
1139 1838 1284 1878 Appian.
1316 1839 1373 1869 lib.
1386 1843 1416 1870 4.
1443 1846 1479 1870 et
1504 1841 1579 1872 Val.
1605 1841 1697 1872 Max.

1006 1887 1070 1918 l.6.
1088 1896 1118 1917 c.
1131 1889 1162 1917 7.
1185 1889 1303 1919 Senec.
1322 1888 1362 1918 de
1376 1889 1499 1920 Benef.
1516 1891 1536 1920 l.
1555 1894 1585 1922 3.
1603 1901 1633 1922 c.
1645 1894 1699 1922 23.

1006 1939 1069 1968 Sec.
1095 1938 1211 1968 Fronte
1234 1939 1373 1978 notatus]
1406 1939 1602 1979 Stigmatias
1627 1951 1695 1973 ser-

1005 1997 1078 2024 vus,
1093 1987 1209 2018 literas
1224 1986 1337 2018 fronte
1354 1989 1494 2020 inustus.

1046 2040 1066 2067 2
1089 2037 1149 2068 Sed
1164 2038 1297 2078 invidia]
1319 2038 1496 2079 Indignum
1514 2041 1601 2072 enim
1626 2042 1697 2074 visu

1004 2088 1088 2129 fore,
1117 2094 1213 2119 tanta
1242 2089 1308 2119 fide
1338 2100 1471 2122 servum
1497 2102 1515 2123 a
1548 2093 1696 2125 Domino

1004 2139 1093 2170 notis
1112 2146 1350 2179 compunctum
1366 2140 1482 2173 fuisse.

1047 2190 1256 2221 Emoexxn.
1283 2193 1297 2220 l
1324 2191 1476 2231 Dederas,
1501 2194 1608 2234 Apici,
1630 2195 1698 2235 Esca]

1004 2239 1203 2279 Exemplum
1216 2240 1380 2272 helluonis
1394 2242 1515 2281 privati
1526 2245 1699 2284 singulare

1004 2294 1040 2319 et
1056 2288 1254 2320 inauditum.
1280 2289 1419 2330 Apicius
1432 2294 1624 2325 sexcenties
1639 2295 1696 2327 de-

1003 2343 1152 2378 coxerat,
1173 2339 1335 2379 inspectis
1346 2341 1482 2372 tandem
1496 2343 1698 2385 rationibus,

1004 2388 1255 2429 superfuturum
1272 2391 1335 2421 sibi
1352 2393 1480 2424 centies
1497 2394 1542 2425 H.
1554 2395 1588 2426 S.
1605 2405 1695 2426 com-

1004 2440 1149 2479 putavit.
1173 2439 1213 2469 Id
1226 2445 1290 2479 est,
1313 2442 1442 2473 centies
1459 2449 1605 2475 centena
1620 2444 1693 2475 mil-

1002 2489 1047 2520 lia
1062 2490 1270 2527 sestertium,
1295 2491 1365 2522 sive
1381 2497 1537 2525 trecenta
1553 2495 1694 2535 triginta

1003 2540 1068 2570 tria
1085 2540 1173 2570 milia
1189 2539 1404 2581 florenorum,
1439 2554 1540 2584 supra
1561 2549 1693 2576 trecen-

1002 2595 1054 2620 tos
1071 2590 1208 2630 triginta
1225 2596 1306 2623 tres.
1327 2593 1408 2625 Rad.
1443 2594 1511 2625 Sed
1527 2595 1561 2625 in
1577 2595 1639 2626 hac
1656 2604 1693 2626 re

1002 2645 1161 2680 tanquam
1193 2641 1306 2672 ultima
1333 2642 1420 2674 fame
1448 2644 1607 2684 victurus,
1631 2645 1693 2675 sibi

1002 2691 1103 2722 vitam
1128 2700 1256 2722 veneno
1274 2691 1370 2724 finiit.
1397 2694 1528 2726 Seneca
1543 2695 1584 2726 ad
1608 2695 1689 2726 Hel-

1002 2742 1087 2772 viam
1105 2751 1178 2782 cap.
1193 2745 1244 2773 10.
1259 2747 1294 2773 et
1312 2743 1411 2775 Dion.
1426 2745 1448 2774 l.
1461 2747 1511 2774 57.

1028 2796 1047 2824 2
1071 2793 1134 2823 Sed
1149 2793 1256 2826 adhuc,
1272 2794 1338 2831 Sa]
1375 2794 1440 2825 Sed
1468 2795 1558 2826 luxui
1579 2796 1684 2828 adhuc
