1866 3131
409 184 456 211 M.
491 182 601 211 VAL.
635 179 909 210 MARTlALtS
944 180 1105 209 El’lGR.
1142 179 1232 208 LlB.
1269 179 1296 207 l.

127 276 218 316 apud
240 277 425 316 scriptores
451 276 600 316 ponitur.
635 274 828 312 Turnebus,

127 328 321 367 sportellas,
335 327 446 357 vitiles
465 327 511 357 ait
527 336 612 365 esse,
624 325 744 366 quibus
758 325 828 354 bel-

127 378 209 408 laria
247 377 456 408 ferebantur.
511 376 593 406 'rum
632 375 825 415 Sportulam

125 428 340 469 accipiebant
365 427 500 468 quidem
517 436 557 457 ex
572 436 679 464 more,
696 426 825 457 tenuio-

126 490 178 510 res
196 484 345 516 tantum;
371 478 427 508 scd
445 477 622 508 juvenalis
640 477 794 517 queritur
807 486 826 506 a

127 529 377 569 potentioribus
392 527 533 558 eandem
547 527 663 567 expeti
679 527 826 566 solitam,

126 585 161 610 et
190 579 343 610 Martial.
369 578 390 608 l.
423 581 470 608 10.
493 578 604 618 epigr.
630 580 680 609 10.
704 578 788 608 Tum
806 588 825 608 a

125 630 286 662 Martiale
311 629 436 669 pluries
473 627 681 668 ‘sportulae'
715 638 822 668 oppo-

125 681 216 712 nitur
247 680 255 696 ‘
269 689 374 711 coenae
414 679 542 720 rectae,’
577 689 652 720 quae
688 678 826 719 dicitur,

124 742 200 762 cum
217 729 594 770 accumbentibusjusta
605 739 701 760 coena
711 729 824 760 datur.

125 782 322 816 Quadrantes
344 779 480 819 centum]
506 780 630 810 Valent
658 782 710 809 25.
741 779 823 809 assi-

122 833 202 864 bus:
221 832 332 863 dictus
348 830 554 873 ‘quadrans,’
568 830 657 871 quod
670 830 712 860 sit
726 840 824 870 quar·

124 888 159 913 ta
187 892 265 923 pars
291 882 385 914 assis.
407 880 444 912 τὸ
470 880 532 912 ἀπὸ
547 880 688 921 σπυρίδος
703 882 824 911 δεῖπνον

122 934 335 971 Graecorum,
359 942 378 963 a
409 933 636 963 Romanorum
662 932 824 972 sportulis

120 984 220 1023 longe
238 982 439 1013 differebat:
469 982 545 1013 vide
578 981 767 1013 Heraldum
787 981 821 1012 in

121 1033 209 1064 bunc
226 1033 350 1064 locum.

163 1087 181 1114 2
208 1084 360 1122 Delicias,
386 1083 454 1123 Em]
478 1082 598 1113 Balnei
626 1082 759 1122 Bajani,
787 1082 820 1112 in

121 1137 216 1165 tanto
233 1134 366 1165 scilicet
383 1135 478 1172 luxu,
493 1138 529 1164 et
543 1134 576 1164 in
590 1133 662 1164 istis
677 1133 821 1172 deliciis,

122 1183 242 1224 quibus
261 1184 354 1224 Rajae
372 1183 524 1214 celebres
540 1186 630 1213 sunt.
678 1183 745 1213 Ista
766 1183 821 1220 fa·

117 1234 196 1274 mes]
232 1234 401 1274 Sportulae
419 1242 449 1264 c.
479 1233 719 1275 quadrantum,
748 1243 822 1274 quae

118 1284 325 1315 esurientem
342 1293 406 1314 non
423 1283 539 1314 satiet.

160 1337 178 1366 3
206 1335 323 1373 Redde,
347 1334 418 1375 Sym]
443 1334 562 1365 Redde
586 1334 665 1365 mihi
682 1334 822 1373 vulgata

118 1384 238 1416 Romae
265 1385 401 1423 balnea,
433 1385 546 1425 Grylli
572 1384 730 1416 tenebras
744 1385 822 1416 AEo-

121 1435 266 1477 liatnque
280 1436 367 1477 Lupi
384 1436 421 1477 (l.
449 1439 480 1467 2.
504 1435 611 1476 epigr.
634 1434 716 1476 14),
731 1436 819 1467 male

118 1487 208 1517 enim
226 1487 432 1517 conveniunt
444 1486 594 1517 delicata
606 1487 736 1527 ssajana
750 1486 819 1517 bal-

117 1545 182 1566 nea
233 1546 309 1567 curn
361 1546 456 1567 coena
498 1536 667 1568 famelica.
725 1537 820 1578 Lupi,

120 1585 242 1626 Grylli]
278 1586 424 1618 Nomina
453 1591 533 1618 sunt
570 1586 820 1627 balueatorum,

116 1636 174 1677 qui
192 1636 398 1667 mercenaria
416 1636 536 1667 balnea
549 1636 732 1668 habebant.
765 1637 820 1667 Te-

117 1686 311 1727 nebrosuque,
326 1686 396 1727 ξω]
421 1688 539 1728 Epigr.
553 1690 604 1718 l4.
626 1688 647 1717 1.
665 1690 715 1719 11.
748 1689 757 1704 ‘
774 1689 820 1719 Et

118 1737 230 1778 Grylli
254 1737 417 1768 tenebras
458 1737 668 1778 AEoliamque
707 1737 820 1778 Lupi.’

116 1787 248 1817 Balnea
274 1787 421 1828 antiquis
451 1787 670 1819 obscuriora:
697 1794 819 1829 postea

117 1837 497 1876 apertioraetclariora.
514 1838 645 1868 Seneca
655 1838 755 1878 epist.
765 1841 818 1870 87.

158 1888 266 1919 Eme.
284 1897 357 1920 Lxx.
400 1890 418 1918 3
445 1888 616 1923 Quodruet
628 1889 662 1919 in
677 1889 816 1930 tergum]

115 1937 263 1969 Juvenci
281 1939 333 1970 vel
349 1938 449 1977 tauri,
472 1939 525 1970 vel
540 1939 729 1979 grandioris
747 1941 816 1971 ani-

119 1990 226 2020 malis.
242 1990 251 2007 ‘
264 1991 354 2021 Rnet
366 1990 375 2004 '
392 1995 507 2022 autem
527 1991 698 2031 significat
713 1993 818 2033 impc-

118 2044 188 2071 tum
203 2040 299 2081 ferae,
313 2051 379 2083 quo
396 2040 504 2072 fertur
520 2041 552 2071 in
567 2041 729 2082 praedam.
752 2042 816 2073 Ar-

113 2091 194 2131 mos]
235 2091 328 2123 Armi
342 2097 421 2124 sunt
442 2092 475 2123 in
493 2093 694 2134 pecudibus,
711 2094 766 2134 qui
783 2094 815 2124 in

113 2142 306 2173 hominibus
319 2143 460 2175 humeri.

154 2195 174 2222 4
196 2193 501 2234 Juvencoru1n‚t³sc.]
524 2193 817 2235 Qualiajuvencis

115 2243 202 2274 solet
219 2243 372 2283 infigere.

155 2295 172 2322 5
201 2293 286 2328 Quid
307 2293 446 2333 frustra,
482 2294 550 2334 θα]
587 2294 769 2327 Conclusio
798 2307 816 2327 a

113 2346 312 2385 praestantia
327 2350 362 2377 et
379 2347 556 2378 nobilitate
586 2348 705 2380 leonis.
751 2350 816 2380 Do-

114 2396 243 2435 minum,
258 2396 328 2437 δῖα]
353 2398 526 2430 Leonem:
555 2398 596 2429 de
629 2399 678 2430 his
713 2410 817 2442 supra

112 2455 247 2485 sapius.

155 2497 259 2528 EP1G.
278 2506 364 2528 mm.
408 2498 458 2529 Ad
485 2499 694 2540 Licinianum,
717 2503 814 2544 scrip-

116 2551 196 2577 tores
212 2547 306 2588 uude]
337 2548 550 2580 Licinianum
580 2552 814 2585 Bilbilitanum

112 2597 249 2636 poetam
268 2598 376 2629 civem
394 2609 489 2630 suum
502 2601 542 2631 ad
558 2603 767 2641 posteritatis
780 2609 815 2635 et

109 2648 223 2687 gloriae
237 2658 331 2689 spem
355 2649 454 2689 erigit
470 2651 533 2682 boc
559 2652 815 2695 epigrammate,

111 2697 277 2731 adductus
291 2700 522 2741 multispoetis
539 2707 573 2734 et
586 2703 658 2734 aliis
669 2704 813 2746 scripto·

1468 166 1580 208 1115

877 272 983 312 ribus,
1011 273 1066 313 qui
1085 274 1227 314 patriam
1249 282 1344 304 suam
1361 272 1441 303 item
1458 271 1580 311 glorio-

877 334 948 354 sam
965 324 1187 355 reddiderint.
1214 325 1368 355 Rasna-es.

921 376 936 403 1
964 374 1124 414 Syllabas]
1146 374 1271 404 Versus
1299 384 1317 405 c
1335 373 1456 414 quibus
1476 371 1578 413 pleri-

877 436 941 466 que
965 426 1250 466 Hendecasyllabi
1269 426 1442 456 l'lialaecii.
1465 423 1579 463 Amat]

877 478 961 508 Cum
975 476 1047 517 ipse
1061 477 1236 516 scripserit
1251 477 1426 514 amatoria,
1437 476 1579 506 adverte

875 528 1009 567 signata
1026 532 1060 558 et
1086 527 1128 558 ad
1153 532 1388 566 argumentum
1414 527 1579 567 cujusque

874 579 1004 609 autoris
1032 578 1084 608 vel
1101 577 1165 608 loci
1194 577 1350 617 apposita
1378 577 1492 615 verba,
1516 575 1580 606 ‘A-

875 632 944 658 mat
956 627 979 666 ;'
1004 628 1013 643 ‘
1033 627 1115 659 felix
1130 627 1172 665 ;'‘
1192 633 1349 658 censetur
1362 626 1382 664 ;’
1397 627 1543 667 ‘plaudit
1555 625 1579 664 3'

875 681 883 696 ‘
901 684 1022 710 sonant
1036 678 1057 717 ;’
1084 680 1092 696 ‘
1111 678 1256 709 facunda
1271 679 1420 718 loquitur
1433 678 1452 715 3’
1475 679 1484 695 ‘
1499 687 1577 717 gau-

876 728 958 760 dent
976 729 1104 770 jocosae
1125 728 1148 767 ;’
1175 730 1184 745 ⁴
1202 728 1425 768 glou-{abinus
1450 734 1485 758 et
1509 737 1578 757 mo-

875 779 1009 810 destum
1035 779 1132 819 illud,
1165 780 1174 796 ⁴
1192 789 1255 809 non
1281 778 1433 810 tacebit!
1474 778 1576 817 Vatis]

875 831 1015 861 Catulli.

916 884 936 911 2
963 881 1095 912 Mantua
1107 881 1168 921 est]
1180 881 1343 921 Virgilius
1360 885 1457 911 natus
1474 884 1527 910 est
1544 880 1576 910 iu

875 941 964 973 pago
989 932 1045 973 qui
1072 932 1191 964 Andes
1208 932 1403 972 dicebatur,
1419 942 1485 963 nou
1503 941 1577 973 pro-

874 983 927 1014 cul
941 993 960 1013 a
977 983 1132 1014 Mantua.

915 1037 934 1065 3
961 1035 1128 1076 Censetur]
1155 1035 1274 1074 Magni
1299 1034 1347 1073 tit,
1363 1034 1394 1065 in
1422 1044 1525 1066 censu
1543 1039 1577 1066 et

872 1085 1096 1115 aestimatione
1113 1089 1176 1116 est.
1211 1086 1302 1125 Ergo
1321 1087 1329 1102 ‘
1342 1086 1499 1116 Censet-i’
1523 1085 1577 1116 hic

872 1144 939 1165 non
970 1136 1118 1175 vulgata,
1143 1135 1202 1166 sed
1226 1135 1427 1176 elegantiori
1451 1135 1577 1176 signifi-

872 1185 1008 1216 catione
1023 1189 1217 1227 aeceptum.
1254 1186 1492 1216 Censebantur
1508 1186 1574 1216 Ro-

872 1235 961 1266 mani
977 1246 1041 1277 ope
1054 1246 1128 1275 sua,
1142 1241 1179 1267 ut
1191 1236 1239 1267 ait
1252 1236 1321 1274 ille,
1335 1236 1458 1276 quibus
1471 1234 1577 1266 facul-

872 1291 963 1316 tates
978 1286 1231 1326 suppetebant:
1257 1285 1377 1327 quibus
1394 1290 1515 1316 contra
1528 1286 1575 1316 ni-

871 1335 919 1366 hil
932 1340 1061 1376 praeter
1075 1341 1316 1377 paupertatem
1330 1336 1575 1376 inerat,capite

871 1386 1108 1418 censebantur.
1157 1386 1256 1418 Unde
1273 1392 1354 1418 nata
1369 1387 1512 1418 honesta
1529 1387 1576 1417 lo-

871 1438 976 1476 cutio,
993 1441 1001 1454 ¹·
1017 1438 1159 1469 Censeri
1183 1438 1307 1478 a1·n=is,'
1323 1439 1332 1455 ‘
1346 1438 1498 1477 virtutes
1510 1440 1576 1469 ἃς.

872 1489 1106 1528 Pauperculos
1120 1498 1211 1530 erg0‚
1224 1494 1260 1520 et
1272 1489 1329 1530 qni
1342 1489 1456 1529 capita
1467 1489 1573 1519 solum

871 1538 1084 1578 Reipublicae
1106 1537 1312 1577 offerebant,
1342 1539 1409 1570 alio
1438 1539 1573 1570 nomino

872 1588 1118 1627 ‘proletarios'
1149 1589 1381 1630 appellabant,
1412 1589 1503 1630 quod
1532 1590 1574 1620 ad

871 1640 1000 1679 prolem
1017 1644 1148 1670 tantum
1165 1640 1395 1679 generandam
1413 1640 1512 1671 utiles
1527 1640 1573 1670 vi-

871 1689 1046 1721 derentur.
1074 1692 1196 1730 Apono,
1208 1691 1275 1731 ἐγὼ]
1289 1691 1473 1722 Patavinus
1482 1701 1575 1731 ager,

872 1740 1064 1780 Patavium,
1087 1741 1130 1772 ab
1154 1740 1273 1782 Apono
1303 1742 1312 1758 ‘
1327 1742 1437 1773 Fonte
1467 1741 1574 1772 Ante-

872 1800 987 1821 noreae
1012 1791 1115 1822 vitam
1142 1792 1199 1832 qui
1224 1792 1368 1833 porrigit
1385 1792 1483 1832 urbi,’
1508 1795 1572 1824 διε.

872 1841 1059 1873 Claudiano
1081 1841 1255 1873 celebrato
1272 1842 1379 1882 epigr.
1394 1844 1425 1874 3.

911 1894 931 1922 4
955 1892 1137 1933 Stellaquoe
1159 1892 1228 1932 nec]
1244 1893 1331 1923 Vide
1349 1902 1453 1932 supra
1464 1892 1572 1933 epigr.

870 1943 901 1972 8.
925 1946 959 1972 et
989 1942 1010 1973 l.
1033 1945 1065 1973 7.
1097 1942 1209 1982 epigr.
1235 1945 1286 1974 13.
1321 1943 1433 1974 Flacco
1457 1944 1573 1984 minus]

871 1991 1012 2022 Valerio
1028 1993 1164 2024 Flacco.

912 2047 930 2073 5
954 2042 1157 2083 Apollodoro]
1181 2042 1302 2074 Poetae
1327 2042 1572 2082 Alexandrino,

869 2091 1050 2123 Menandri
1075 2094 1205 2125 aernulo.
1244 2094 1402 2133 Imbriser,
1417 2097 1484 2136 δῖα]
1506 2097 1572 2128 Qui

868 2141 1088 2174 inundatione
1105 2153 1165 2174 sua
1187 2143 1261 2174 vice
1276 2144 1429 2175 imbrium
1446 2146 1521 2186 (qui
1538 2147 1570 2177 in

868 2191 1016 2232 AEgypto
1045 2193 1126 2233 rari)
1148 2193 1304 2234 fungitur
1327 2195 1362 2225 in
1379 2200 1471 2227 terra
1496 2196 1571 2228 irri-

868 2242 993 2282 ganda.

908 2296 927 2323 7
952 2294 1108 2334 Duosque,
1122 2294 1192 2334 Sym]
1217 2295 1356 2326 Patrem
1383 2296 1567 2329 Rhetorem

867 2344 1194 2383 etdeclamatorem;
1211 2346 1313 2377 tilium
1326 2348 1568 2389 Philosophum

866 2401 901 2427 et
919 2397 1105 2436 tragicum:
1130 2397 1207 2427 vide
1224 2398 1397 2438 epigr.40.
1411 2400 1432 2430 l.
1451 2403 1481 2431 4.

908 2450 928 2477 9
951 2448 1082 2486 Joensoe,
1108 2448 1179 2488 ξω]
1197 2449 1487 2482 Saltatrieularum
1506 2453 1569 2483 las-

866 2498 953 2530 civia
977 2504 1012 2529 et
1036 2500 1237 2538 petulantia.
1260 2510 1362 2540 supra
1386 2503 1495 2541 epigr.
1514 2508 1567 2535 42.

866 2558 955 2579 vers.
968 2552 998 2580 9.
1016 2549 1058 2579 de
1076 2550 1197 2588 Canio,
1213 2549 1300 2581 infra
1314 2552 1424 2592 epigr.
1444 2556 1493 2583 10.

908 2602 948 2629 10
972 2599 1125 2638 Emerita,
1151 2599 1221 2640 ὅπη]
1247 2601 1412 2641 Emerita,
1436 2604 1568 2644 Augus-

866 2653 900 2679 ta
926 2648 1046 2679 civitas
1078 2649 1254 2691 Hispaniae
1284 2653 1326 2683 ad
1358 2653 1565 2687 Lusitaniam

866 2704 1038 2740 spectans.
