1866 3131
385 220 432 249 M.
467 220 575 250 VAL.
613 218 886 249 MARTJAMS
925 220 1081 250 EPIGR.
1121 223 1209 252 Ltss.
1247 223 1315 252 lX.

122 310 321 343 nistrantem
350 313 501 344 convivis
531 314 650 355 pocula
682 323 820 356 puerum

124 367 231 393 tuum.

166 416 186 444 2
211 415 342 446 Lumine
377 417 545 447 turbidiore
576 416 678 455 notus]
716 416 821 446 Vultu

125 464 278 495 subirato
296 472 331 496 et
348 471 454 497 torvo.
479 467 567 498 Vide
584 467 754 507 Epigram.
770 469 823 498 98.

125 513 185 543 lib.
204 517 254 545 10.

166 569 185 596 4
211 567 420 606 ΑιΙερὶοἰιηιιε,
436 568 505 608 Gya]
541 567 624 598 Cum
642 568 743 599 liceat
762 567 820 599 ad-

125 616 255 655 spicere
282 627 336 647 res
362 622 419 648 tuo
442 618 596 648 ministro
615 619 718 648 multo
747 619 822 659 pul-

123 666 284 705 chriores,
311 668 413 698 solem
441 669 584 707 scilicet,
610 668 735 708 sidera,
757 672 820 700 διο.

166 720 183 746 5
211 717 353 758 Gorgon]
385 719 540 756 Medusa,
565 730 639 760 quae
669 721 741 752 visu
765 721 822 752 ho-

122 768 228 797 miues
245 768 275 798 in
288 778 371 800 saxa
385 771 616 803 convertebat.

164 821 183 848 7
208 819 326 860 Hylam
340 825 478 860 spectare
487 821 613 861 licebat]
637 822 755 862 Epigr.
769 825 822 853 49.

123 868 181 900 lib.
200 873 229 901 5.
247 880 336 901 vers.
353 875 383 902 5.

165 926 185 953 8
208 923 339 958 Ludere,
370 923 438 964 [swa]
484 923 738 964 Epigrammate
769 925 823 954 73.

121 972 179 1003 lib.
196 975 228 1003 7.

168 1026 206 1053 10
232 1024 367 1054 Phineas
381 1025 505 1061 invitm,
522 1024 590 1064 ὅγε]
614 1024 743 1055 Invites
760 1034 823 1054 cae·

120 1083 195 1110 cos,
210 1075 327 1114 quales
337 1080 435 1106 erant
450 1075 595 1106 Pltincas
609 1081 643 1106 et
657 1075 822 1115 OEdipus:

122 1123 263 1155 Fabutae
276 1129 378 1155 ηοω).
410 1127 419 1142 ‘
437 1126 598 1157 Phineas'
616 1127 669 1157 hic
687 1131 739 1157 cst
757 1126 825 1157 Ac-

121 1175 295 1205 cusativus
308 1175 447 1215 pluralis
465 1186 482 1206 a
500 1176 663 1215 Phineus,
679 1186 747 1207 eos·

167 1224 273 1255 Epic.
291 1233 408 1256 xxvll.
446 1229 458 1256 l
479 1226 742 1264 AudetsuctmtIO,
757 1225 825 1266 250]

124 1273 211 1304 Vide
230 1274 383 1314 ejusdem
398 1276 525 1315 ingenii
551 1277 669 1316 Epigr.
685 1279 738 1307 41.
757 1277 778 1307 Ι.
793 1279 822 1306 7.

163 1328 183 1356 2
207 1326 431 1368 Palli11a,85c.]
462 1327 543 1358 Non
571 1328 679 1358 minus
706 1327 823 1367 inepte

120 1374 215 1416 facit,
230 1386 329 1418 quam
348 1377 404 1418 qui
422 1377 544 1408 Cosmo
562 1378 758 1418 seplasiario
775 1382 823 1408 at·

121 1437 187 1468 que
214 1429 399 1469 myropolae
425 1429 555 1469 optimo
588 1429 693 1459 mittit
724 1429 823 1459 vilem

122 1478 281 1518 pallentis
314 1479 520 1509 Meminthes
552 1489 610 1510 seu
644 1479 823 1519 papaveris

121 1529 323 1560 corniculati
343 1539 490 1568 succum,
508 1530 562 1571 qui
585 1530 751 1570 glaucium
771 1540 824 1561 vo-

121 1584 229 1610 catur.
273 1580 359 1611 Sunt
375 1580 431 1620 qui
450 1581 576 1619 legant,
600 1581 706 1610 Pallia
730 1581 825 1610 domt—

121 1628 168 1659 bit
180 1629 341 1667 glaucina:
377 1630 453 1660 Hoc
470 1635 541 1661 est:
576 1630 698 1670 Inepte
719 1631 826 1662 mittit

124 1685 236 1710 vestes
251 1680 373 1711 coloris
389 1681 514 1721 glauci,
529 1681 605 1721 tibi,
624 1682 678 1712 cui
698 1691 823 1722 purpu-

123 1740 254 1761 rearum
274 1731 416 1762 vestium
434 1732 544 1772 copia.

165 1783 183 1812 3
208 1782 355 1812 Poeslano
370 1782 478 1821 riolas,
493 1781 559 1822 35·c.]
592 1782 745 1813 Paestum
762 1783 824 1813 Lu-

122 1832 228 1862 caniae
251 1842 330 1872 opp.
360 1830 499 1863 floribus
529 1832 692 1872 abundat,
720 1833 822 1864 etiam

125 1882 222 1912 bisin
240 1891 338 1912 anun.
355 1883 472 1922 Epigr.
491 1884 542 1914 38.
559 1883 618 1913 lib.
637 1887 667 1914 5.
688 1893 775 1914 vers,
792 1887 823 1915 9.

165 1934 185 1962 4
211 1931 365 1972 Hyblcez's‘,
380 1932 449 1972 εμπ]
485 1932 573 1972 Ipsis
590 1932 732 1973 apibus:
756 1933 822 1972 vel,

123 1982 173 2020 iis,
191 1981 245 2022 qui
272 1982 398 2013 habeut
417 1992 498 2022 apes
525 1982 701 2023 Hyblaeas,
718 1983 824 2014 mittit

122 2031 226 2062 amari
242 2033 372 2073 saporis
389 2033 487 2063 mella
499 2033 651 2064 Corsica.

164 2085 184 2112 6
207 2084 388 2123 Appetitur,
402 2084 471 2124 ἔξω]
506 2084 626 2124 Neque
652 2083 740 2114 enim
765 2094 822 2125 ap—

122 2132 239 2172 positis
265 2134 297 2163 in
322 2134 508 2164 lautissimo
526 2134 680 2165 convivio
697 2134 822 2165 delica-

124 2182 168 2212 tis
184 2183 343 2223 piscibus,
358 2183 547 2215 fastidimus
565 2185 647 2215 viles
663 2185 779 2216 olivas.

166 2236 186 2264 8
206 2234 313 2264 Thalia
327 2234 426 2274 ttuim]
446 2235 603 2274 Epigr.8.
618 2235 716 2266 lib.4.
734 2244 822 2266 verS.

126 2288 176 2317 12.
192 2292 227 2317 et
242 2287 358 2327 Epigr.
376 2290 425 2318 16.
441 2287 499 2319 lib.
513 2291 544 2320 7.
561 2297 648 2319 vers.
664 2291 695 2320 4.

168 2340 188 2367 9
213 2338 283 2377 Ipse
298 2342 379 2378 tuus,
401 2338 471 2378 ξω]
504 2339 620 2380 Epigr.
634 2342 688 2371 70.
715 2339 773 2370 lib.
790 2342 823 2371 8.

127 2395 216 2417 vers.
234 2391 263 2418 l.

168 2438 273 2468 Emo.
293 2445 396 2468 xxix.
426 2437 583 2468 Latinum
602 2443 674 2470 arte
690 2440 826 2470 mimica

128 2488 273 2518 nobilem
291 2489 510 2518 emortualem
528 2489 646 2520 laudat
663 2499 681 2519 a
697 2499 824 2521 morum

126 2538 333 2577 innocentia,
359 2542 395 2568 et
421 2538 490 2568 vita
515 2540 667 2579 procula
683 2540 826 2571 scenicis

126 2588 213 2619 ludis
228 2588 387 2619 distante.
414 2588 498 2619 Vide
511 2594 546 2619 et
559 2589 615 2620 lib.
628 2593 655 2620 l.
668 2590 784 2631 Epigr.
795 2594 825 2621 5.

170 2642 185 2670 1
211 2639 310 2670 Dulce
323 2640 413 2670 decus
427 2649 536 2678 scenae,
551 2639 617 2680 Esca]
638 2643 647 2657 ‘
666 2641 739 2681 Ego
755 2650 827 2671 sum

126 2688 226 2720 dulce
241 2689 370 2728 decus(
392 2694 457 2720 &Ca
483 2699 523 2720 ex
551 2699 695 2730 persona
715 2691 828 2730 Latini

126 2741 267 2781 sepulti,
283 2741 372 2782 quod
391 2741 428 2772 fit
445 2742 477 2772 in
495 2742 699 2782 Epitapbiis.
737 2742 826 2773 Lati-

128 2792 199 2831 nus]
223 2792 375 2824 Celebris
389 2793 521 2834 mimus,
535 2793 734 2825 Domitiano
751 2793 827 2824 cha-

130 2850 198 2872 TUS-

1464 213 1570 254 13:31

916 316 934 344 3
959 314 1172 354 Spectatorem
1199 316 1362 356 catonem]
1396 317 1515 358 Epigr.
1543 320 1573 347 3.

872 362 929 394 lib.
945 366 974 393 l.
994 364 1177 395 intrantem
1197 372 1231 397 ut
1247 375 1348 398 exeat
1366 371 1509 398 tantum.

914 417 933 445 4
957 413 1081 446 Solvere
1097 417 1149 456 qui
1165 417 1288 454 Curios,
1303 418 1372 459 ἐγὼ]
1406 418 1445 448 In
1472 418 1574 448 risum

873 465 1002 495 solvere
1020 467 1231 505 gravissimos
1248 469 1323 498 illos
1351 474 1386 498 et
1403 469 1576 499 coutinen-

873 514 1016 546 tissimos
1033 516 1118 546 viros
1136 517 1272 548 Curium
1287 525 1321 549 et
1334 518 1540 549 Fabricium.

913 569 931 596 5
951 566 1044 596 Nihil
1058 576 1078 596 a
1093 571 1207 607 nostro,
1218 568 1287 607 8502]
1311 570 1387 599 Non
1405 568 1577 599 contraxit

871 615 934 646 sibi
975 615 1148 647 lasciviam
1184 622 1219 648 et
1253 618 1505 658 improbitatem
1544 619 1577 649 in

873 666 1015 697 theatris
1055 667 1200 707 exprimi
1239 669 1352 699 solita.
1397 670 1454 700 Sic
1495 669 1576 699 alibi

872 716 982 747 dixit:
1021 717 1030 734 ‘
1051 717 1196 748 Lasciva
1227 723 1279 749 est
1311 718 1406 749 nobis
1439 719 1578 759 pagiua,

872 766 943 798 vita
981 767 1088 807 proba
1103 767 1124 799 :’
1156 773 1211 799 et:
1246 770 1255 785 ‘
1281 768 1441 800 Lascivus
1467 779 1577 809 versu,

872 822 986 848 mente
1005 819 1147 858 pudicus
1165 818 1265 850 erat)

915 869 1018 900 &Sola
1031 873 1164 909 tantum,
1181 869 1249 910 ξω]
1276 870 1353 901 Νοη
1368 871 1494 910 animo,
1511 879 1576 901 non

874 919 1036 951 moribus.

915 972 934 1000 7
952 970 1362 1011 Domino..Deus..J0ris]
1387 973 1577 1004 Domitian.

915 1023 935 1050 9
961 1021 1139 1052 Parasitum
1161 1022 1255 1052 dicite
1271 1022 1398 1061 Pleoebz']
1424 1023 1518 1054 Mimi
1541 1029 1576 1054 et

873 1070 1069 1110 histriones,
1082 1072 1138 1112 qui
1155 1072 1332 1112 poetarum
1349 1073 1507 1104 Carmina
1524 1084 1576 1104 re-

873 1121 1038 1161 citabant,
1051 1122 1311 1162 appellabantur
1322 1124 1461 1163 parasiti
1473 1124 1579 1165 Apol·

873 1172 964 1203 linis.

916 1223 1018 1253 EP1G.
1036 1231 1128 1254 xxx.
1163 1225 1383 1264 Epitaphium
1402 1225 1577 1264 Pbilmnis,

874 1284 977 1314 sagae,
994 1274 1093 1314 lenae,
1110 1280 1144 1306 et
1158 1276 1271 1316 lupae3
1296 1277 1348 1307 cui
1367 1282 1491 1307 terram
1509 1281 1578 1308 tam

874 1326 981 1356 levem
1000 1333 1174 1367 precatur,
1191 1333 1228 1358 ut
1246 1328 1336 1360 illius
1350 1339 1472 1370 corpus
1491 1339 1509 1360 a
1527 1338 1579 1359 ca-

874 1376 971 1408 nibus
988 1376 1147 1408 effossum
1162 1378 1356 1411 devoretur.

920 1431 933 1458 1
961 1427 1166 1470 Secula‚85c.]
1200 1429 1283 1461 Tria
1307 1431 1412 1461 secul.
1429 1433 1503 1461 300.
1521 1440 1578 1461 an-

876 1487 947 1516 nos,
973 1482 1011 1508 ut
1036 1478 1171 1518 quidam
1199 1480 1336 1511 volunt:
1371 1484 1409 1509 ut
1440 1480 1496 1510 alii
1524 1483 1577 1510 90.

876 1538 951 1559 cum
966 1529 1057 1568 γενεὰ
1073 1529 1228 1569 pariendi
1244 1539 1283 1561 ac
1300 1529 1485 1570 generandi
1503 1539 1577 1570 per-

877 1579 1001 1610 fectius
1030 1580 1182 1620 spacium
1210 1590 1373 1612 annorum
1397 1584 1449 1612 30.
1467 1581 1577 1621 perio·

876 1630 954 1660 dum
983 1631 1155 1663 conficiat.
1185 1631 1267 1663 Cael.
1294 1631 1403 1663 Rhod.
1433 1632 1492 1665 lib.
1527 1635 1578 1663 19.

877 1690 953 1720 cap.
970 1683 1024 1712 22.

917 1735 937 1762 2
961 1732 1066 1772 Rapta
1085 1742 1129 1770 es,
1152 1732 1221 1773 ᾅ-σ]
1258 1732 1363 1764 Quasi
1387 1733 1578 1764 immatura.

876 1782 1032 1814 ironice:
1070 1792 1146 1814 cum
1174 1784 1356 1814 trisaeclem
1384 1783 1488 1815 fuisse
1528 1784 1577 1815 di-

876 1837 944 1863 cat.

918 1886 936 1914 3
963 1883 1201 1924 Euboicoe‚l5c.]
1237 1883 1407 1917 Cumanae.
1448 1884 1578 1916 Euboea

875 1934 963 1964 enim
982 1935 1089 1965 insula
1102 1934 1208 1974 AEgaei
1226 1935 1339 1974 maris,
1352 1935 1384 1964 in
1400 1944 1464 1975 qua
1481 1935 1580 1966 Chal-

875 1984 922 2014 cis
937 1984 1070 2016 civitas.
1114 1984 1303 2016 Chalcidici
1331 1985 1496 2015 coloniam
1515 1986 1579 2015 Cu-

874 2044 945 2064 mas
976 2034 1161 2070 deduxere,
1189 2035 1278 2065 unde
1302 2040 1337 2065 et
1364 2035 1446 2074 ipsae
1463 2036 1578 2066 Cumae

875 2085 1037 2115 Euboica*
1053 2085 1166 2116 (lictae.
1189 2086 1286 2126 Virg.
1302 2088 1333 2116 6.
1356 2085 1365 2101 ‘
1379 2085 1424 2115 Et
1443 2085 1578 2115 tandem

874 2135 1036 2167 Euboicis
1066 2135 1247 2166 Cumarum
1283 2135 1461 2166 allabimur
1488 2135 1579 2167 oris?

874 2186 982 2225 Longa
1007 2185 1152 2226 Sibyllae]
1189 2186 1336 2217 AEtatem
1362 2195 1401 2217 M.
1416 2195 1578 2216 annorum

875 2247 917 2268 ex
945 2241 1024 2267 voto
1050 2246 1122 2276 suo,
1151 2241 1189 2268 ut
1217 2241 1268 2267 tot
1295 2246 1400 2267 annos
1432 2238 1577 2275 viveret,

875 2291 957 2328 quot
999 2296 1099 2317 manu
1142 2287 1430 2326 complecteretur
1466 2295 1576 2316 arenae

874 2346 1028 2377 corpora,
1044 2339 1106 2367 διο.
1131 2335 1232 2367 Ovid.
1247 2337 1390 2367 Metam.
1407 2336 1464 2368 lib.
1482 2339 1531 2368 14.

918 2389 938 2418 4
962 2387 1068 2425 Major
1083 2390 1162 2423 erat,
1190 2386 1259 2426 ssa]
1299 2386 1414 2427 Fingit
1439 2387 1575 2426 Hyper-

875 2438 987 2470 bolice
1019 2439 1131 2469 Poeta
1162 2438 1308 2469 defuisse
1336 2438 1518 2468 Pliilaenidi
1545 2441 1576 2470 3.

876 2494 1007 2520 tantum
1049 2498 1178 2520 menses
1216 2489 1257 2520 de
1294 2494 1396 2520 aetate
1429 2491 1578 2531 Sibyllae.

875 2539 1020 2570 Scriver.
1033 2543 1236 2580 conceptum
1258 2539 1446 2570 hariolatur
1468 2540 1476 2557 ‘
1494 2550 1578 2571 mes-

876 2588 995 2620 sibus.’

919 2643 937 2670 5
965 2640 1042 2675 Quae
1066 2639 1174 2678 lingua
1193 2639 1281 2680 silet]
1317 2640 1426 2673 Quam
1452 2641 1576 2673 vocatis

878 2695 913 2721 et
928 2690 1128 2721 Stentorea!
1177 2690 1326 2731 Catasloe]
1361 2691 1456 2722 Servi
1473 2692 1506 2722 in
1523 2702 1577 2723 ca-

878 2741 990 2780 tastis,
1007 2740 1039 2770 id
1065 2745 1130 2781 est,
1148 2741 1315 2781 pegmatis
1339 2741 1459 2781 ligneis
1476 2751 1574 2773 vena-

877 2792 925 2823 les
949 2791 1105 2832 expositi.
1145 2792 1397 2832 Epigramtuate
1413 2794 1465 2823 29.
1490 2793 1576 2823 libro

876 2846 907 2873 6.
928 2852 1011 2894 v‘ff·
1029 2846 1057 2873 1.
