1866 3131
249 210 362 254 1290

238 317 355 357 jocum
385 320 495 348 autem
521 316 643 358 quaerit
668 317 700 348 in
724 318 944 359 ambiguitate

245 369 303 399 τοῦ
312 368 379 408 πὺξ,
389 368 477 410 quod
490 367 658 408 significat
671 371 680 385 ‘
689 368 831 409 pugniS‚’
840 376 943 410 atque

245 420 336 451 idem
361 429 423 460 pro
449 418 533 457 πυγὴ
556 424 740 460 usurpatur
763 420 943 451 Aristoteli

246 470 282 500 in
309 470 552 511 Physiognom.
596 470 652 501 Ita
684 469 832 501 Achillas
860 480 943 510 puer

245 521 412 560 exoletus,
438 521 492 563 (ut
509 521 761 562 Epigrainmate
787 525 841 553 90.
865 522 942 552 libri

241 570 290 611 3.)
306 576 341 602 et
357 572 456 602 modo
471 571 529 611 πὺξ
545 576 718 611 strenuus,
736 572 806 613 jam
829 571 942 603 factus

244 626 297 653 est
322 620 491 660 ἱππόδαμος
514 631 618 663 eques
633 631 686 661 per
698 623 896 661 maneggiure
911 625 941 652 et

242 673 399 703 cat-alcare
424 673 455 703 la
484 673 585 703 (Imma
611 672 768 702 Gabinia:
796 673 858 703 hoc
876 677 941 711 est,

244 722 366 753 Castor
381 722 423 753 de
437 723 588 753 Polluce.

289 772 395 804 Eme.
411 781 483 803 mx.
506 773 515 788 ‘
533 773 669 804 Quanta
692 776 745 803 est
769 772 846 812 gula
864 783 938 813 quie

244 821 309 853 sibi
333 827 423 854 totos
440 823 545 854 Ponit
561 832 674 863 aprOS,
701 823 825 853 animal
842 833 940 864 prop-

245 877 298 904 ter
314 873 469 904 convivia
486 879 615 912 natum,
632 876 695 905 διο.
740 873 938 914 Vacuisque

242 924 326 954 toris
341 928 473 956 tantum
492 922 737 965 ipsejacebis.’
781 924 939 955 Juvenal.

244 976 275 1004 l.
299 972 412 1014 Satyr.
459 974 525 1005 Hic
560 978 678 1004 noster
713 974 722 990 ‘
747 974 941 1005 convivam’

242 1029 342 1054 vocat
379 1033 497 1064 aprum
534 1024 596 1054 soli
624 1024 808 1055 Caeciliano
837 1034 940 1065 appo-

240 1073 366 1105 situm:
401 1074 458 1104 alii
481 1074 649 1105 hominem
676 1073 780 1106 fuisse
807 1074 938 1116 Aprum

242 1123 370 1155 volunt.

281 1173 385 1205 Eme.
403 1183 462 1206 Lx.
486 1174 592 1205 Foeda
609 1175 760 1207 adulatio
776 1185 856 1217 erga
870 1177 938 1208 Do-

240 1225 430 1257 mitianum.

281 1278 297 1305 1
324 1275 461 1315 Tarpeioe
476 1276 569 1316 auloe]
595 1276 756 1316 Capitolii
789 1277 822 1307 in
849 1278 938 1309 colle

240 1326 333 1366 prius
364 1327 563 1366 Saturnian,
592 1337 670 1359 mox
694 1329 703 1344 ⁴
722 1328 889 1368 Tarpeio'
919 1339 939 1359 a

238 1376 382 1416 Virgine
395 1377 551 1418 Tarpeia,
566 1388 641 1419 quae
668 1387 781 1410 arcem
806 1379 938 1411 Sabinis

238 1428 401 1469 prodidit,
417 1428 519 1460 dicto.

280 1483 302 1511 2
327 1480 426 1514 Quem
455 1481 538 1511 salt-o
561 1479 651 1520 duce]
691 1481 802 1513 Quem
826 1482 937 1512 Deum

238 1529 425 1570 credimus,
449 1530 527 1561 dum
554 1532 666 1562 salvus
698 1538 814 1562 noster
842 1533 938 1563 Deus

238 1588 303 1621 est,
318 1582 374 1623 qui
392 1588 424 1613 te
443 1582 533 1613 bello
550 1583 747 1623 Capitolino
773 1584 938 1622 servavit,

237 1638 273 1664 et
288 1633 493 1673 Capitolium
520 1633 694 1664 incensum
722 1634 937 1666 instauravit.

237 1683 293 1714 Sic
311 1683 428 1724 Epigr.
447 1686 476 1714 l.
493 1683 552 1714 lib.
569 1687 601 1714 5.
620 1694 705 1714 vers.
722 1687 752 1716 8.

281 1737 300 1765 7
328 1733 368 1764 Te
389 1744 447 1774 pro
475 1736 613 1774 cmm-e,
628 1735 696 1775 thu]
722 1736 788 1773 Tu,
811 1746 885 1767 mea
902 1741 938 1768 et

237 1783 374 1824 publica
396 1794 499 1824 prece
525 1791 676 1825 rogatus,
698 1796 794 1816 serva
826 1787 937 1818 Caesa-

237 1844 322 1874 rem,
345 1835 400 1866 ille
418 1845 470 1866 me
487 1836 658 1867 servabit:
687 1841 722 1867 tu
739 1837 785 1867 illi
799 1836 938 1876 donato,

236 1885 294 1916 ille
307 1885 388 1916 milii
406 1885 561 1917 donabit.

281 1935 386 1967 Eeic.
400 1944 473 1966 Lm.
500 1939 515 1966 l
534 1936 727 1976 Abstulerat,
742 1936 809 1976 Esca]
834 1936 936 1967 Insti-

237 1989 341 2025 tores,
359 1990 525 2025 tonsores,
538 1995 724 2026 caupones,
742 1987 853 2027 coqui,
870 1988 934 2018 διο.

238 2037 337 2068 modo
361 2037 451 2068 vicos
474 2047 589 2068 omnes
614 2037 705 2068 urbis
730 2042 937 2077 occuparant

236 2087 389 2118 tabernis
407 2087 475 2118 suis
491 2092 527 2118 et
552 2088 704 2128 pergulis
720 2087 828 2128 (quod
845 2087 934 2128 apud

237 2147 298 2169 nos
329 2137 361 2167 in
388 2137 531 2178 publicis
557 2137 713 2168 nundinis
737 2137 863 2168 factum
888 2138 934 2168 vi-

235 2186 372 2229 demus)
399 2186 488 2218 fores
520 2192 554 2218 et
582 2188 698 2218 limina
728 2192 933 2228 praestruxe-

236 2242 326 2269 rant.
368 2238 377 2254 ‘
391 2236 546 2268 Institor'
559 2247 642 2278 ergo
655 2237 791 2278 proprie
810 2238 935 2269 dicitur

235 2289 277 2328 is,
293 2288 349 2331 qui
367 2288 533 2328 tabernis,
556 2288 641 2319 vinis
663 2288 863 2326 vendendis,
881 2289 935 2320 vel

237 2341 338 2373 alicui
353 2341 450 2372 alteri
478 2341 616 2381 negotio
632 2345 684 2371 est
708 2341 935 2382 praepositus3

235 2392 285 2424 sic
299 2391 426 2432 dictus,
442 2391 532 2433 quod
557 2392 694 2432 negotio
720 2392 868 2433 gerendo
886 2392 934 2422 in-

236 2445 317 2474 stet.

279 2496 298 2524 3
323 2491 524 2531 Germanice]
549 2490 623 2522 Lib.
641 2496 670 2523 5.
684 2493 748 2533 Ep.
762 2495 793 2523 2.
806 2496 933 2525 vers?-

237 2542 398 2582 Crescere]
416 2542 566 2573 Remotis
580 2543 741 2584 tabernis,
754 2544 933 2585 ampliores

236 2598 273 2624 et
285 2593 422 2624 latiores
435 2592 518 2624 fieri.

278 2645 298 2674 4
322 2643 454 2683 semita,
474 2644 577 2681 sacta,
594 2641 664 2683 θα]
709 2644 820 2675 Gloss.
848 2645 857 2661 ‘
873 2645 931 2676 Se-

236 2693 333 2730 mita‚
347 2693 504 2731 ῆμιόδιον.’
526 2694 642 2725 Plaut.
685 2695 694 2711 ‘
715 2695 745 2725 A
763 2695 883 2726 semita
899 2696 932 2726 in

238 2743 325 2774 viam
344 2745 549 2785 regredere!

280 2798 299 2825 5
318 2795 412 2826 Nulla
426 2795 670 2836 c‹1tenatis,35c.]
688 2796 807 2828 Nullus
824 2807 932 2838 caupo

717 221 856 253 NOTAE
890 221 1152 253 VARIORUM
1188 222 1238 252 ΙΝ

997 318 1114 349 vendit
1144 318 1255 348 vinum
1287 316 1329 348 ad
1362 315 1447 358 pilas
1477 317 1509 347 in
1542 317 1690 349 tabernis

996 379 1068 409 quae
1095 369 1225 408 lagenis
1258 372 1338 398 sunt
1369 367 1518 406 refertae,
1553 373 1587 398 et
1617 378 1691 409 quae

996 418 1126 449 catenis
1163 417 1238 448 fixae
1277 422 1366 448 sunt.
1411 417 1534 449 Juven.
1562 417 1634 448 Sat.
1662 419 1692 448 3.

996 478 1082 500 vers.
1100 471 1174 499 304.
1192 468 1252 498 nisi
1278 467 1367 499 forte
1392 472 1428 498 et
1453 467 1535 508 ipsae
1563 468 1692 507 lagenae

995 519 1070 559 pilis
1103 518 1211 550 affixae.
1240 524 1318 549 sunt
1348 518 1488 549 catenis.
1533 517 1584 548 De
1617 518 1690 557 pilis

996 568 1071 600 vide
1087 579 1160 610 quae
1177 569 1218 600 ad
1237 569 1354 609 Epigr.
1372 571 1425 600 43.
1437 568 1494 599 lib.
1508 570 1538 599 2.
1552 578 1641 599 vers.
1658 571 1686 598 6.

1035 622 1055 649 6
1081 619 1185 649 Medio
1204 620 1283 659 luto]
1305 618 1360 649 Ad
1372 619 1534 657 canalem,
1551 624 1689 658 propter

993 669 1151 701 tabernas
1179 670 1351 711 utrinque.
1395 670 1467 700 Viis
1493 669 1562 700 scil.
1587 669 1688 699 utrin-

993 730 1058 761 que
1072 720 1113 750 ad
1132 721 1223 751 aedes
1235 721 1384 752 tabernis
1397 720 1585 761 occupatiS.

1034 775 1052 802 7
1077 772 1268 812 Stringitur,
1282 773 1352 814 ἔξω]
1369 773 1444 804 Hoc
1457 778 1523 812 est,
1536 777 1687 804 tonsores

992 831 1056 852 nou
1084 823 1226 854 tondent
1251 823 1283 853 in
1309 823 1421 853 media
1445 823 1556 854 turba.
1602 823 1688 862 Ergo

991 873 1096 913 domi,
1121 874 1197 914 quia
1227 874 1322 905 cellae
1355 874 1514 905 tonsoriae
1544 872 1687 913 publicae

992 923 1150 963 dejectae‚
1181 924 1228 954 uti
1252 929 1288 955 et
1311 933 1503 964 cauponum
1527 923 1688 955 tabernae.

993 974 1098 1014 Coeca]
1123 973 1315 1005 Recondita
1330 975 1430 1005 theca
1446 984 1526 1013 sua;
1543 975 1595 1004 vel
1613 984 1685 1015 quae

990 1035 1056 1057 non
1089 1026 1244 1056 videatur
1283 1025 1317 1056 in
1356 1025 1468 1056 turba.
1515 1025 1687 1065 Not-acula]

990 1077 1201 1108 Novaculam
1227 1076 1311 1106 lianc
1331 1080 1504 1106 tonsorum
1517 1073 1624 1105 fuisse
1639 1085 1687 1105 ar-

989 1126 1111 1165 bitror,
1142 1136 1243 1167 quum
1268 1135 1343 1157 mox
1370 1126 1460 1156 inter
1476 1130 1619 1156 caeteros
1640 1134 1690 1155 re-

989 1180 1128 1207 censeat
1143 1178 1150 1192 ‘
1161 1178 1352 1214 tonsorem,’
1362 1184 1426 1206 non
1438 1173 1689 1213 βαλαντιοτόμων

988 1236 1099 1267 neque
1112 1227 1468 1267 sicariorum,quorum
1480 1235 1552 1256 esse
1565 1231 1689 1265 putant

990 1277 1046 1308 alii
1065 1282 1208 1318 propter
1224 1277 1402 1317 epitheton
1419 1278 1428 1292 ‘
1445 1276 1559 1307 caeca.'

1034 1332 1073 1360 10
1097 1329 1192 1359 ,Nunc
1208 1328 1306 1358 Roma
1324 1330 1380 1365 est,
1394 1327 1462 1367 Qu]
1497 1327 1554 1358 Ita
1572 1327 1638 1368 Ep.
1654 1330 1685 1359 2.

988 1379 1046 1410 lib.
1061 1380 1219 1420 Spectac.
1236 1379 1404 1410 ‘Reddita
1417 1378 1600 1410 Ro'masibi
1613 1378 1687 1417 est‚’

989 1432 1054 1461 ἀεὶ.
1102 1431 1222 1470 Nuper
1255 1431 1357 1460 Roma
1381 1428 1561 1459 videbatur
1590 1438 1689 1459 versa

989 1481 1021 1511 in
1039 1482 1198 1521 popinam
1215 1485 1273 1512 aut
1293 1480 1481 1518 tabernam,
1503 1488 1591 1510 nunc
1606 1478 1686 1510 urbs

989 1540 1009 1561 a
1025 1536 1060 1562 te
1077 1532 1237 1562 restituta
1252 1536 1315 1561 est.

1031 1582 1135 1612 Eme.
1152 1589 1242 1611 Lxu.
1274 1584 1291 1611 5
1322 1580 1477 1616 Testatur,
1502 1579 1688 1619 testefacit]

988 1632 1092 1663 Ludit
1116 1633 1150 1662 in
1168 1635 1302 1662 testatur
1315 1636 1348 1661 et
1373 1633 1463 1670 teste,
1484 1639 1548 1661 nec
1572 1639 1637 1661 non
1655 1630 1686 1660 in

989 1682 1210 1724 ambiguitate
1221 1683 1274 1713 τοῦ
1291 1685 1377 1713 teste.
1391 1682 1443 1712 hic
1457 1688 1570 1712 autem
1584 1680 1686 1721 ὄρχεις

987 1733 1163 1774 intelligit,
1187 1733 1220 1764 id
1237 1739 1302 1772 est,
1325 1732 1426 1771 λείχει
1439 1731 1458 1769 ἢ
1474 1731 1642 1772 φοινικίζει.

1030 1785 1133 1815 EP1G.
1151 1793 1253 1815 anr.
1278 1787 1294 1814 l
1319 1783 1482 1824 Perpetui,
1495 1782 1563 1823 ἐξα]
1586 1783 1688 1814 Latu-

986 1844 1042 1865 ere
1057 1835 1130 1865 Silii
1142 1843 1247 1874 opera
1264 1843 1326 1873 per
1338 1835 1443 1864 multa
1456 1834 1593 1872 secula;
1613 1834 1685 1874 jam

985 1895 1065 1916 vero
1082 1889 1180 1915 eruta
1192 1888 1228 1915 et
1240 1884 1411 1914 vindicata
1425 1884 1555 1915 vivunt.
1568 1883 1686 1925 Epigr.

987 1939 1037 1967 14.
1054 1936 1111 1966 lib.
1129 1938 1160 1965 4.

1028 1989 1048 2016 2
1071 1986 1167 2016 Latia
1182 1985 1331 2022 carmina,
1352 1985 1422 2025 ssa]
1444 1984 1559 2024 Digna
1581 1983 1684 2024 poeta

985 2037 1018 2067 in
1036 2036 1139 2068 Italia
1156 2036 1208 2065 vel
1227 2036 1300 2075 ipsa
1314 2035 1422 2066 Roma
1439 2040 1532 2065 nato.
1569 2033 1685 2065 Italici

985 2088 1076 2118 enim
1093 2095 1280 2126 cognomen
1297 2085 1415 2115 habuit
1431 2084 1473 2115 ab
1489 2084 1615 2116 Italica
1629 2095 1685 2115 ur·

985 2137 1028 2168 be
1052 2137 1285 2177 Pelignorum,
1313 2136 1395 2166 alias
1427 2135 1594 2167 Corfinio:
1631 2136 1685 2167 vel

984 2189 1096 2229 potius
1121 2189 1224 2229 digna
1246 2187 1426 2227 majestate
1448 2187 1591 2218 oratoris
1618 2187 1684 2218 Ro-

984 2240 1084 2279 mani,
1098 2244 1132 2270 et
1145 2238 1303 2269 consulis.
1328 2237 1458 2268 Plinius
1471 2238 1546 2269 Sec.
1560 2238 1569 2254 ‘
1579 2238 1685 2280 scrip-

984 2290 1027 2320 sit
1051 2290 1198 2321 carmina
1214 2289 1344 2329 majore
1370 2298 1452 2320 cura
1474 2299 1574 2330 quam
1592 2289 1686 2330 inge·

983 2340 1062 2371 nio!
1084 2341 1193 2380 Epist.
1207 2343 1237 2370 7.
1251 2340 1270 2371 l.
1290 2342 1319 2370 3.

1026 2394 1044 2422 3
1070 2391 1192 2422 Pierios
1233 2393 1368 2429 tantum,
1394 2389 1462 2430 ἂψ]
1518 2389 1682 2422 Credisne

984 2453 1058 2474 eum
1076 2446 1206 2473 tautum
1223 2440 1328 2472 fuisse
1346 2440 1507 2481 poetam?
1530 2441 1598 2472 imo
1614 2451 1682 2473 non

982 2494 1146 2534 optimum
1168 2492 1284 2532 attigit
1311 2491 1462 2531 poetam,
1486 2491 1681 2532 priusquam

983 2545 1144 2586 optimum
1163 2543 1389 2583 expressisset
1402 2546 1585 2573 oratorem.

1024 2598 1041 2625 5
1069 2594 1177 2633 Sacra,
1193 2593 1260 2633 lya]
1295 2593 1373 2624 Non
1396 2597 1474 2623 ante
1501 2593 1680 2624 Maronem

983 2646 1109 2686 attigit,
1123 2654 1220 2685 quain
1234 2644 1432 2675 Ciceronem
1443 2643 1678 2683 expressisset.

980 2697 1063 2727 Tum
1082 2694 1170 2726 sacri
1187 2694 1250 2734 ipsi
1267 2693 1390 2733 poetae,
1412 2697 1450 2723 ut
1477 2697 1570 2723 recte
1594 2692 1678 2723 Tur-

981 2746 1088 2778 nebus
1112 2749 1210 2775 notat
1237 2744 1294 2774 lib.
1322 2742 1411 2774 Adv.
1438 2751 1517 2774 xxr.
1543 2751 1621 2782 cap.
1646 2745 1678 2773 6.

983 2796 1098 2828 Poetae
1117 2795 1204 2827 enim
1222 2794 1310 2825 inter
1333 2799 1428 2824 vates
1444 2798 1476 2824 et
1494 2793 1675 2833 prophetas
