1866 3131
414 217 461 245 M.
496 215 603 245 vAt..

155 313 351 346 censentur,
381 310 435 350 qui
452 309 540 340 sacri
556 308 734 340 habentur.
779 307 853 339 Val.

158 361 301 390 Flaccus
334 360 391 390 lil).
425 363 452 390 1.
489 359 677 400 Argonaut.
731 359 739 375 ‘
762 359 853 390 Ecce

155 420 264 448 sacer,
281 416 440 450 totusque
456 411 532 450 Dei,
547 420 607 450 per
623 410 741 441 littora
755 410 851 449 Mop-

154 470 209 491 sus
251 461 411 491 Immanis
452 462 536 499 visu,
575 461 762 501 vittamque
797 469 852 490 co-

156 512 335 553 mamque‚'
349 514 414 543 ὰς.
438 512 542 548 Nota,
556 515 564 529 ‘
576 513 747 552 'rotasque
761 511 852 549 Dei‚’

156 561 189 591 id
208 570 272 601 est,
289 563 365 593 Deo
394 563 524 602 plenus,
547 567 583 593 et
607 562 720 593 furore
737 562 853 593 divino

157 611 300 643 afflatus.
316 613 448 643 Hcrald.
486 612 602 652 Epigr.
618 616 670 644 20.
684 614 706 644 l.
719 616 749 644 3.
764 623 852 644 verS.

156 665 187 694 7.
203 668 238 694 et
254 663 371 703 Epigr.
388 667 419 694 5.
438 664 458 693 l.
476 667 505 694 5.
526 674 610 695 νει-3.
627 666 657 695 8.

201 716 218 743 7
246 714 373 743 Centum
395 714 516 752 gravis,
536 713 604 753 Cyon]
631 713 806 746 Judicium
822 723 851 745 c.

157 763 303 793 virorum
322 764 377 804 qui
396 763 438 794 de
464 765 680 795 testamentis
697 770 732 795 et
747 765 852 795 haere-

155 812 320 843 ditatibus
337 814 371 844 in
388 823 447 844 suo
465 813 536 844 foro
554 814 648 845 hasta
671 815 780 854 posita
798 816 853 855 ju-

155 862 325 902 dicabant,
348 863 631 905 quemadmodum
654 866 854 897 auctionarii

157 913 189 944 in
216 915 303 945 atrio
330 915 544 946 auctionario
566 915 665 946 hasta
689 917 854 956 praeconis

158 964 280 1002 posita.
324 964 412 995 Vide
430 965 547 1005 Epigr.
564 968 617 996 38.
642 965 699 995 lib.
715 969 746 996 6.
767 976 853 997 vers.

156 1016 186 1042 5.
211 1017 247 1043 et
263 1014 401 1044 consule
426 1015 618 1045 Cornelium
644 1016 761 1046 Vitell.
785 1015 854 1046 An-

156 1069 267 1094 notat.
285 1065 316 1094 in
338 1065 517 1104 Merulam,
533 1076 609 1106 cap.
626 1070 679 1097 21.

198 1117 219 1144 9
243 1115 413 1154 Postquam
448 1115 494 1145 bis
525 1116 621 1156 senis]
667 1117 855 1158 Postquam

157 1165 276 1196 consul
292 1164 406 1196 fuerat
421 1176 461 1196 eo
480 1176 566 1197 anno
589 1177 655 1207 quo
674 1168 767 1198 Nero
784 1177 858 1208 per-

158 1216 209 1247 iit.
234 1216 324 1247 Plin.
339 1217 414 1248 Sec.
428 1217 487 1248 lib.
504 1220 536 1247 3.
553 1217 662 1257 Epist.
679 1220 711 1248 7.
744 1218 858 1256 Ingen-

156 1270 217 1297 tem
230 1270 359 1306 asserto,
383 1267 451 1307 ἐξα]
490 1267 566 1299 Quo
582 1272 749 1298 teri-arum
767 1268 858 1298 orbis

156 1317 190 1348 in
218 1318 409 1349 libertatem
439 1323 588 1349 assertus
620 1323 685 1358 est,
715 1323 858 1359 tyranno

157 1368 294 1399 Nerone
309 1368 351 1399 ad
365 1368 430 1400 vim
440 1368 504 1399 sibi
514 1368 725 1400 inferendam
737 1369 858 1400 adacto

158 1422 194 1449 et
210 1418 336 1450 occiso.

202 1472 239 1500 11
265 1469 421 1500 Emeritos
431 1469 619 1510 Musis,t,·c.]
642 1470 728 1501 Foro
740 1469 859 1500 emeri-

159 1525 212 1550 tus
228 1520 369 1551 secessit
385 1520 418 1550 in
436 1520 667 1560 Campaniam,
684 1520 739 1551 ubi
751 1520 857 1550 Musis

158 1570 293 1601 vacavit
317 1571 524 1612 scripsitque
548 1571 698 1602 carmine
720 1571 857 1602 heroico

161 1623 211 1651 17.
224 1620 326 1651 libros
340 1620 382 1652 de
399 1621 530 1651 Punico
545 1621 633 1652 bello
649 1621 815 1653 secundo.

204 1670 307 1701 Epic.
324 1679 427 1701 Lxlv.
455 1671 504 1701 Ex
523 1676 671 1709 tonsore,
691 1670 856 1701 beneficio

158 1720 303 1751 foeminae
320 1720 429 1752 factus
445 1730 545 1761 eques
567 1720 763 1760 Cinnamus,
787 1725 823 1751 et
838 1731 857 1751 a

161 1772 348 1812 nescioquo
362 1776 500 1802 vocatus
513 1771 624 1810 injus,
635 1771 718 1802 abiit
731 1772 763 1801 in
776 1771 858 1802 Sici-

159 1823 235 1853 liam
249 1823 434 1853 exulatum.
469 1823 578 1853 Poeta
591 1823 757 1853 inscitiam
769 1824 856 1853 illius

159 1873 316 1911 irridens,
327 1874 373 1904 ait
387 1874 480 1904 illum
493 1873 680 1903 rediturum
694 1874 735 1904 ad
750 1878 856 1904 artem

160 1929 342 1963 assuetam,
354 1933 427 1954 cum
445 1924 542 1954 aliam
556 1933 620 1954 nou
634 1929 770 1963 teneat,
794 1925 857 1956 ite-

160 1984 300 2016 rumque
318 1981 486 2006 tonsorem
504 1973 586 2005 fore.
610 1975 693 2006 Rau.

205 2028 220 2056 l
241 2025 305 2061 Qui
319 2025 623 2064 toizsorsuev·as‚23·c.]
639 2025 739 2056 Hunc
755 2025 857 2056 credo

160 2078 301 2108 innuere
314 2077 528 2115 Juvenalem,
541 2077 653 2116 Satyr.
671 2079 698 2108 1.
715 2080 857 2108 vers.25.

202 2130 220 2158 3
245 2127 389 2159 Sicanias
401 2127 501 2167 urbes,
520 2127 589 2168 Sym]
625 2127 665 2158 In
687 2128 745 2168 jus
763 2138 858 2159 voca-

162 2183 215 2208 tus
227 2178 371 2209 mutavit
387 2178 504 2218 solum,
516 2178 570 2209 vel
586 2179 759 2210 exulatum
776 2178 859 2209 abiit

162 2227 196 2258 in
211 2227 371 2258 Siciliam.

204 2282 222 2309 5
247 2278 374 2308 Inutilis
388 2278 498 2318 anuos]
525 2279 629 2310 Nulla
644 2279 784 2311 honesta
799 2280 859 2311 im-

162 2338 215 2359 mo
231 2338 293 2359 nec
309 2328 446 2359 sordida
462 2334 536 2360 arte
553 2329 745 2362 instructus.

204 2383 225 2410 6
248 2379 380 2420 Infelix]
406 2380 445 2411 In
462 2380 575 2412 exilio.

203 2433 221 2460 7
246 2430 364 2461 Ludit-e
380 2430 551 2470 Magister]
575 2432 757 2465 Literator.
787 2434 857 2464 Do-

162 2480 277 2512 mitius
309 2480 350 2511 de
379 2481 499 2512 lanista
528 2481 712 2522 intelligit:
752 2484 858 2524 magis

163 2532 323 2562 convenit
348 2531 633 2573 praecedentibus,
647 2538 686 2564 ut
708 2534 749 2565 de
776 2535 859 2566 libe-

163 2584 276 2613 ratore
293 2581 477 2621 intelligas.

205 2635 224 2663 8
250 2632 321 2662 Non
339 2631 484 2672 Cynica-⁴1,
500 2632 570 2672 &c.]
594 2633 728 2665 Nullius
751 2639 857 2666 sectae

162 2682 393 2724 philosophus.

204 2736 224 2763 9
252 2733 400 2771 Vendere,
425 2731 490 2772 ξω]
518 2732 651 2773 Praeco,
677 2743 719 2764 an
747 2734 858 2774 potius

163 2783 383 2822 caussam-us,
417 2783 473 2824 qui
501 2785 509 2800 ‘
526 2793 622 2814 voces
653 2785 857 2825 prostituere

639 213 910 244 MAR'HALIS
945 214 1106 245 EPIGR.
1143 215 1235 245 Llss.
1272 215 1354 244 Vll.

1490 204 1600 246 1291

901 306 997 338 foro.'
1043 308 1144 340 Ovid.
1162 310 1258 349 Eleg.
1278 312 1327 340 15.
1349 308 1407 340 lib.
1434 311 1464 340 1.
1487 308 1603 340 Amor.

903 359 912 373 ‘
925 358 1068 388 Claniosi
1081 359 1212 389 rabiosa
1225 359 1288 390 fori
1300 360 1419 400 Jurgia
1431 360 1604 391 ven(lere.’

903 408 1031 438 Seneca
1047 411 1119 439 171.
1137 419 1227 440 vers.
1240 410 1346 441 Herc.
1358 411 1417 441 Fu.
1433 411 1443 428 ‘
1457 411 1604 442 Solicitis

903 460 1052 490 vendere
1080 460 1184 491 verba
1211 460 1294 491 reis'
1321 462 1447 493 dicitnr
1472 467 1603 499 nostro,

905 509 1021 550 Epigr.
1040 512 1089 541 16.
1106 510 1162 540 lil).
1178 514 1210 541 5.
1236 512 1444 552 plausumque
1460 513 1605 553 theatris]

903 560 1050 598 Histrio,
1073 565 1133 591 aut
1150 561 1368 592 citharoedus.

947 611 1051 642 Epio.
1074 620 1160 642 va.
1183 615 1203 642 2
1230 612 1338 642 Tribus
1348 613 1449 653 foris]
1486 616 1515 644 1.
1539 612 1606 644 ve-

906 661 971 691 teri
1004 662 1166 692 Romano.
1201 665 1231 692 2.
1257 662 1329 692 Caii
1356 663 1425 694 Jul.
1455 663 1544 694 Caes.
1572 668 1604 695 3.

906 711 1066 752 Augusti.
1094 713 1156 753 Ep.
1170 715 1223 743 38.
1240 712 1299 744 lib.
1318 716 1349 744 3.
1367 723 1454 744 vers-
1468 716 1499 744 4.

950 765 968 793 3
999 762 1122 801 Viginti
1150 762 1256 802 litigat
1293 764 1382 794 annis
1419 764 1606 804 Quisquam]

906 813 1019 843 Satius
1031 812 1142 844 fuerat
1153 814 1470 855 semelvinci‚quam
1479 814 1606 845 ducere

909 863 1003 893 litem
1030 868 1066 894 et
1089 862 1180 894 ferre
1197 864 1368 904 impendia
1384 869 1420 896 et
1435 866 1607 897 molestias

909 913 1025 953 viginti
1039 923 1213 950 annorum,
1229 915 1332 945 etiam
1348 924 1424 946 cuin
1440 916 1593 949 victoria.

952 964 1060 994 Eme.
1078 972 1175 995 vai.
1192 967 1208 994 1
1234 965 1286 994 Ex
1299 974 1365 995 asse
1375 965 1516 1006 reliquit]
1541 966 1607 997 Bo-

909 1012 958 1043 nis
973 1014 1119 1044 universi
1139 1014 1340 1054 patrimonii.

951 1066 970 1094 2
997 1064 1072 1094 Plus
1092 1065 1237 1095 meruisse
1263 1067 1366 1096 tamen
1391 1075 1423 1096 se
1452 1065 1608 1096 Labienus

907 1113 968 1154 ait]
998 1114 1168 1144 Labienus
1196 1115 1242 1144 ait
1268 1124 1303 1145 se
1332 1115 1405 1154 plus
1433 1116 1608 1155 meruisse,

907 1164 963 1204 qui
980 1165 1078 1204 plura
1094 1165 1198 1195 Fabio
1216 1165 1350 1196 donarit
1367 1176 1465 1206 quam
1482 1176 1524 1197 ex
1541 1171 1608 1197 tes·

909 1219 1059 1244 lamento
1073 1215 1234 1255 accepit:
1261 1220 1295 1245 et
1308 1225 1370 1255 ego
1380 1216 1506 1257 (innuit
1521 1216 1608 1247 Poe-

909 1263 959 1304 ta)
976 1264 1093 1305 majori
1121 1264 1243 1296 damno
1269 1272 1305 1296 et
1329 1266 1405 1297 dolo
1422 1266 1608 1297 Labienum

908 1312 1045 1353 dignum
1063 1324 1199 1353 cense0‚
1214 1315 1269 1356 qui
1284 1325 1344 1356 per
1361 1315 1516 1347 fraudem
1532 1326 1612 1356 cap-

909 1365 993 1395 tavit
1008 1365 1258 1396 haereditatem.
1304 1365 1406 1397 Ludit
1418 1366 1506 1396 enim
1523 1366 1610 1397 Poe-

909 1419 943 1446 ta
957 1415 989 1445 in
1008 1415 1176 1456 ambiguo,
1191 1417 1375 1447 ‘meruisse
1388 1416 1396 1429 ’
1412 1417 1501 1447 enim
1517 1417 1609 1447 etad

908 1475 1053 1506 poenam,
1084 1471 1121 1497 et
1156 1466 1197 1496 ad
1234 1467 1410 1506 praemium
1448 1466 1610 1499 refertur.

909 1517 1079 1548 Labienus
1099 1517 1141 1547 de
1172 1517 1310 1557 praemio
1332 1518 1474 1558 accipit,
1498 1518 1609 1549 Poeta

909 1568 951 1598 de
968 1578 1067 1608 poena
1081 1568 1260 1607 intelligit3
1283 1569 1504 1609 quasimajori
1523 1569 1609 1600 malo

907 1619 963 1650 ille
993 1620 1206 1660 haeredipeta
1239 1618 1345 1650 fuerit
1382 1621 1609 1660 mulctandus,

908 1680 970 1700 nec
990 1680 1073 1700 uuus
1091 1669 1226 1711 quidem
1243 1680 1278 1701 as
1298 1670 1476 1710 legandus.
1522 1671 1607 1702 Vide

907 1721 1106 1752 Turnebum
1122 1722 1180 1752 lib.
1194 1724 1245 1752 24.
1262 1731 1338 1761 cap.
1351 1724 1404 1752 28.

952 1774 1055 1804 Eme.
1074 1781 1203 1803 vaui.
1232 1776 1245 1802 l
1273 1772 1411 1802 Instanti
1430 1772 1523 1810 Rufe,
1539 1772 1608 1812 Sym]

911 1825 963 1854 De
980 1824 1043 1854 hoc
1061 1823 1179 1854 eodem
1194 1823 1362 1853 Instantio
1374 1822 1475 1857 Rufo,
1490 1824 1610 1864 Epigr.

908 1877 961 1905 51.
980 1875 1038 1905 lib.
1057 1877 1087 1905 8.
1104 1880 1137 1905 et
1153 1875 1270 1913 Epigr.
1287 1876 1338 1904 97.
1356 1873 1412 1904 lib.
1431 1876 1482 1904 12.

950 1928 970 1956 4
1000 1926 1056 1956 Vel
1070 1925 1255 1965 Curio‚&c.]
1278 1924 1343 1954 Vel
1359 1924 1610 1955 continentissi-

909 1977 982 2016 mis,
997 1975 1216 2017 gravissimis,
1230 1980 1264 2005 et
1277 1975 1498 2005 severissimis
1511 1975 1588 2005 viris
1604 1986 1612 2007 :

908 2027 970 2057 hoc
987 2032 1052 2066 est,
1077 2026 1118 2066 si,
1145 2036 1164 2055 o
1188 2026 1349 2065 Instanti,
1365 2035 1463 2056 socer
1484 2031 1559 2057 tuus
1575 2027 1612 2057 li-

909 2077 1014 2107 bellos
1031 2085 1122 2107 meos
1140 2075 1274 2116 legerit,
1292 2075 1418 2105 nullum
1436 2076 1610 2107 existima-

909 2130 964 2169 bo,
980 2129 1206 2170 quamtumvis
1225 2138 1375 2169 gravem,
1393 2129 1609 2169 rejecturum.

953 2181 1055 2211 Epic.
1080 2188 1180 2210 LXIX.
1203 2180 1369 2219 Sponsam
1387 2179 1480 2210 Canii
1499 2179 1610 2219 poetae

907 2230 1141 2271 Theopffilam,
1163 2229 1204 2260 ab
1221 2230 1390 2270 exquisita
1405 2230 1559 2261 doctrina
1575 2235 1610 2261 et

909 2281 1072 2322 singulari
1088 2279 1288 2311 castimonia
1303 2279 1432 2311 laudat.

954 2335 969 2362 l
996 2331 1152 2362 Promissa
1174 2330 1356 2371 Theophila]
1376 2330 1518 2371 Sponsa,
1532 2341 1610 2362 con-

902 2383 979 2423 jux.
1027 2380 1122 2420 Cani]
1150 2380 1271 2419 Poeta,
1283 2380 1325 2410 de
1343 2390 1408 2420 quo
1422 2381 1540 2421 Epigr.
1555 2385 1610 2415 62.

910 2438 945 2463 et
962 2432 1078 2472 Epigr.
1095 2433 1147 2460 70.
1166 2430 1222 2461 lib.
1240 2433 1269 2460 1.
1284 2434 1319 2460 et
1334 2430 1453 2470 Epigr.
1468 2433 1522 2462 20.
1538 2431 1560 2463 l.
1576 2435 1608 2463 3.

951 2486 970 2514 2
997 2482 1094 2520 CuJ‘us
1113 2481 1272 2521 Cecropia,
1291 2480 1362 2520 εγω]
1387 2481 1510 2513 Graece
1534 2491 1608 2513 eru-

910 2533 995 2563 dita.

952 2586 970 2613 3
996 2582 1090 2612 Hanc
1111 2580 1172 2611 sihi
1194 2579 1270 2618 jure
1295 2580 1398 2621 petat]
1438 2580 1537 2612 Hanc
1565 2582 1607 2613 si-

910 2634 943 2665 bi
969 2632 1167 2672 discipulam
1192 2630 1363 2669 vendicet,
1388 2635 1508 2671 utpote
1539 2631 1608 2663 dis-

909 2684 1044 2724 ciplinae
1063 2692 1130 2713 suae
1149 2681 1315 2720 aemulam,
1332 2681 1499 2721 Epicurus
1516 2692 1605 2724 mag-

909 2744 971 2765 nus
1000 2742 1115 2771 senex,
1143 2731 1242 2762 horto
1266 2740 1331 2772 quo
1355 2731 1527 2771 gaudebat
1552 2743 1608 2765 ce-

911 2784 1024 2816 lebris.
1079 2782 1145 2814 Alii
1181 2783 1247 2823 leg.
1277 2782 1384 2822 magni
1411 2783 1492 2814 senis
1527 2784 1607 2815 altus
