1866 3131
213 205 323 246 1:302

209 313 272 341 ter.
317 310 391 340 Nisi
408 309 452 349 te]
477 309 630 340 Raderus
655 313 768 340 tamen
792 314 909 341 censet

210 360 409 390 servandam
422 365 595 399 receptam
607 359 788 390 lectionem
800 370 854 390 nec
865 363 908 399 le,

208 409 272 440 hoc
287 419 409 439 sensu:
436 410 596 441 Quamvis
621 411 764 450 populus
788 411 908 442 Roma-

208 468 272 490 nus
297 459 420 490 multos
444 459 613 500 principes
638 461 854 491 vehementer
878 470 910 491 a-

209 509 336 548 mavit3
362 515 473 540 tamen
496 511 660 542 hactenus
688 512 813 542 nulium
839 516 906 542 tam

207 560 368 591 ardenter
383 561 507 592 amavit
529 572 567 594 ac
591 568 646 602 te;
670 572 733 593 nec
756 567 791 593 te
814 563 906 603 prius

209 616 404 653 tantopere,
434 618 473 644 ut
506 622 595 644 nunc
625 619 726 653 amat,
759 614 906 651 atnavit;

208 661 310 693 modo
327 672 407 694 vero
423 664 472 694 ita
488 668 588 703 amat,
604 669 655 704 ut,
679 664 706 694 si
733 664 815 694 velit
838 673 906 694 ma-

209 712 260 753 gis
275 722 401 753 amare,
417 723 482 744 non
497 714 614 754 possit.

251 767 270 796 8
299 765 341 796 Ut
356 765 443 804 velit,
458 765 527 806 ξπ]
551 766 695 796 Etiamsi
712 766 805 797 velit.

250 817 356 849 Eme.
386 826 455 848 xu.
490 817 640 858 Imparia
663 818 831 849 connubia
857 818 906 849 in-

208 866 332 899 fausta.

249 921 269 949 2
297 918 399 949 Uxori
422 918 544 957 nubere,
569 918 636 958 δῖα]
671 918 760 949 Nolo
783 918 905 959 subjici

205 969 315 1008 uxori,
331 979 405 1010 quae
423 969 560 1010 proprie
578 969 648 1000 viro
671 969 834 1000 ‘nubere'
858 969 907 1000 di-

205 1019 305 1050 citur.
330 1020 419 1051 Nolo
431 1020 511 1050 dote
525 1020 723 1050 libertatem
737 1020 903 1058 vendere,

203 1070 337 1109 γυναῖκ’,
352 1070 386 1100 οὐ
401 1070 558 1101 δέσποιναν
567 1069 657 1109 θέλω,
669 1068 705 1107 ἧς
720 1071 786 1101 ἐστι
797 1071 905 1101 δοῦλος

203 1118 601 1160 ὀπένης,Αηῆ113.ῃι]ι-ἰ(185
611 1120 903 1161 apudStobaeum3

205 1170 323 1212 Epigr.
338 1174 390 1204 69.
404 1171 462 1202 lib.
480 1175 530 1202 10.

248 1224 267 1252 3
291 1221 456 1262 Matrona]
479 1223 674 1253 Matronam
698 1221 781 1253 dicit
803 1224 902 1260 γυναῖ-

204 1284 243 1303 κα
270 1271 420 1311 γαμετήν.
483 1273 540 1303 Sic
571 1273 658 1303 enim
685 1272 799 1303 Graeci
830 1284 901 1304 ver-

203 1328 289 1354 tere.
336 1322 436 1354 Unde
462 1322 603 1354 effatum
632 1322 713 1353 illud
740 1324 900 1355 Fortunae

201 1374 384 1411 muliebris,
400 1373 489 1415 quod
506 1373 596 1414 apud
610 1374 685 1404 Val.
705 1374 799 1404 Max.
817 1374 901 1406 libro

205 1429 235 1458 1.
257 1436 332 1466 cap.
360 1429 392 1457 9.
438 1426 530 1456 Rirs
553 1434 619 1464 ME,
638 1434 833 1465 ΜΑΤΒΟΝΕ,
850 1436 901 1457 v1-

204 1485 331 1515 DISTls,
347 1485 509 1510 RlTEQUE
525 1485 747 1508 nemo-ism&

245 1528 349 1559 EPIG.
369 1536 455 1558 3111.
483 1530 497 1557 l
526 1527 651 1567 Viginti
670 1527 805 1558 millibus
826 1528 901 1568 emi]

202 1578 302 1608 Fatni
317 1577 371 1608 isti
385 1582 420 1608 et
436 1578 604 1608 moriones
622 1578 654 1608 in
672 1579 782 1618 pretio
797 1583 832 1609 et
845 1579 901 1609 de-

199 1627 284 1658 liciis
300 1630 400 1658 erant
421 1627 509 1667 apud
535 1627 671 1667 divites,
690 1628 731 1658 ad
752 1629 902 1659 hilarita-

202 1682 292 1709 tem:
319 1678 384 1717 vel,
406 1682 443 1707 ut
469 1677 570 1708 hodie
596 1677 686 1718 apud
705 1684 838 1709 nostros
855 1678 901 1710 fa-

201 1732 274 1759 tuos
292 1727 433 1767 divites,
455 1732 493 1758 ut
517 1728 561 1758 sit
582 1728 616 1758 in
634 1728 763 1760 aedibus
781 1730 900 1771 aliquis

199 1778 334 1809 domino
351 1778 424 1818 ipso
441 1778 587 1809 stultior.

243 1831 262 1859 2
286 1828 393 1868 Sapit]
420 1829 502 1859 Plus
519 1829 616 1868 justo
641 1830 750 1869 sapit;
774 1830 806 1861 id
825 1836 898 1862 est:

199 1879 282 1909 Plus
305 1888 403 1920 quani
426 1878 556 1909 fatuum
575 1885 610 1910 et
625 1881 811 1912 morionem
832 1883 899 1912 vel-

198 1929 276 1960 lem.
322 1929 409 1960 Vide
426 1930 545 1970 Epigr.
566 1933 637 1960 110.
654 1930 712 1960 lib.
729 1933 779 1962 14.

243 1979 349 2010 Eme.
368 1988 443 2011 xiv.
466 1979 637 2010 Martialis
653 1981 817 2021 queritur,
831 1991 899 2012 mc-

199 2030 262 2060 lius
279 2030 417 2062 arbores
431 2030 503 2071 tegi
520 2030 561 2061 ab
576 2030 802 2072 amico,quam
817 2033 897 2062 ami-

199 2091 289 2112 cum.

243 2135 255 2163 l
287 2132 411 2162 Pallida
434 2132 486 2173 ne]
513 2131 563 2163 Ab
584 2132 705 2173 injuria
718 2137 896 2164 ventorum

197 2188 232 2213 et
248 2181 406 2223 frigoris:
426 2183 543 2223 Epigr.
559 2185 611 2214 68.
626 2182 725 2214 infra.
766 2184 898 2214 Cilicum

198 2233 418 2274 timeant,33·c.]
437 2233 578 2264 Referas
595 2234 773 2265 ‘Cilicum’
792 2235 833 2265 ad
846 2245 898 2265 ar-

199 2284 296 2315 bores
310 2285 421 2325 potius
435 2294 452 2315 e
466 2284 583 2316 Cilicia
596 2285 787 2325 translatas,
797 2295 895 2326 quam

199 2335 242 2365 ad
259 2334 425 2366 brumam.

241 2389 260 2416 2
278 2387 423 2417 Mordeat
438 2391 467 2417 et
482 2390 635 2426 tenerum,
648 2387 718 2427 Sym]
730 2385 894 2426 stirpium

199 2438 403 2468 teneriorum
416 2442 690 2468 succrescentem
703 2437 842 2477 sylvam.

241 2491 259 2519 3
284 2489 465 2529 Specularia
489 2489 596 2529 puros]
620 2489 766 2529 Lapides
791 2489 896 2529 pellu-

198 2539 320 2577 cidi‚in
333 2545 451 2571 tenues
462 2545 594 2571 crustas
605 2540 686 2579 fissi,
701 2540 820 2581 quibus
833 2541 896 2571 Ro-

197 2591 288 2620 mani
311 2591 344 2621 in
371 2590 528 2622 fenestris
551 2591 750 2629 utebantur,
773 2598 809 2622 nt
836 2601 895 2622 nos

198 2642 299 2672 vitro.
344 2642 474 2672 Seneca
491 2643 598 2682 Epist.
626 2645 678 2673 91.
705 2647 740 2673 et
767 2643 823 2673 lib.
853 2643 895 2673 de

198 2692 334 2723 Provid.
361 2692 484 2723 Divina
497 2703 573 2733 cap.
591 2696 622 2725 4.
639 2693 729 2725 Plin.
743 2693 829 2724 libro
844 2697 895 2724 15.

197 2742 311 2781 capite
337 2745 388 2774 16.
414 2743 589 2775 columen.
614 2743 672 2775 lib.
699 2746 748 2775 11.
772 2753 848 2784 cap.
865 2747 894 2775 3.

198 2792 371 2825 Pancirol.

677 214 817 245 NOTAE
850 214 1112 246 VARIORUM
1148 216 1196 245 IN

1001 314 1020 342 4
1045 310 1120 341 Sine
1137 310 1219 347 soece
1244 310 1339 350 diem]
1369 310 1509 349 Pnrum,
1529 309 1655 350 absque

959 360 1122 400 pulveris,
1140 360 1245 398 venti,
1269 365 1327 391 aut
1347 364 1535 390 atomorum
1553 359 1656 390 turbi-

958 421 1011 451 ne,
1027 411 1098 442 sine
1117 411 1230 451 pluvia
1243 415 1278 441 et
1294 415 1511 450 tempestate.

1000 465 1020 492 6
1046 462 1111 492 Nec
1138 462 1269 500 Boreas,
1291 460 1357 500 {50.}
1382 461 1458 491 Non
1485 461 1558 500 ipse
1583 460 1657 490 hor-

958 523 1035 544 rens
1073 513 1322 552 Septentrionis
1360 511 1471 542 incola
1512 511 1653 541 Boreas.

957 564 1135 604 Emphasis
1151 562 1382 603 hyperbolica.

999 617 1018 645 7
1045 613 1099 644 Sic
1124 613 1276 651 habitare,
1301 612 1367 652 issa]
1401 611 1440 642 In
1467 611 1533 642 hoc,
1557 619 1655 641 versu

957 663 1112 706 quodque
1126 662 1264 694 verbum
1279 670 1330 694 est
1346 661 1588 702 emphaticum.

999 715 1102 746 Epio.
1120 723 1180 745 xv.
1206 714 1420 754 Epigramma
1449 716 1501 743 est
1523 711 1566 742 de
1585 712 1651 742 lau-

956 776 1015 798 rea
1032 767 1226 805 Domitiani,
1247 777 1346 808 quam
1363 765 1440 798 Jovi
1459 764 1652 806 Capitolino

955 826 998 847 ex
1017 816 1105 848 bello
1122 818 1310 848 Sarmatico
1323 816 1458 856 intulit3
1476 815 1518 846 de
1535 814 1652 856 quibus

955 867 1164 907 triumphare
1180 867 1301 899 noluit.

998 921 1013 948 1
1040 918 1213 949 Pannonici
1237 916 1431 958 numeratur]
1462 915 1652 948 Sarmatici.

954 969 1160 1009 Numeratur]
1186 969 1362 1001 Narratur.

997 1022 1016 1050 2
1039 1020 1162 1060 doz-em]
1189 1019 1434 1051 Domitianum.

997 1072 1015 1100 3
1042 1070 1110 1100 Dat
1138 1071 1284 1110 Populus,
1307 1069 1376 1110 ἐξα]
1401 1069 1456 1100 Ab
1477 1078 1650 1100 enumera-

955 1119 1046 1150 tione
1072 1121 1216 1160 partium
1234 1120 1385 1151 ostendit
1400 1123 1505 1151 totam
1521 1119 1651 1150 Urbem

953 1175 988 1200 et
1006 1169 1172 1210 Rempnb.
1187 1169 1325 1200 effusam
1341 1171 1373 1200 in
1391 1174 1480 1209 vota,
1500 1169 1543 1200 ob
1561 1170 1649 1210 prin-

953 1221 1036 1260 cipis
1056 1220 1237 1251 adventum
1255 1226 1290 1252 et
1308 1220 1496 1251 victoriam.
1540 1220 1652 1260 Supra

952 1270 1069 1310 Epigr.
1096 1274 1126 1301 8.
1152 1280 1239 1302 vere.
1265 1273 1296 1301 3.
1319 1273 1350 1300 4.
1373 1275 1404 1301 5.
1450 1271 1517 1301 Dat
1541 1270 1650 1309 thura]

951 1321 1101 1361 Signate.
1159 1322 1265 1361 Alias,
1296 1321 1305 1337 ‘
1325 1322 1389 1352 aris
1420 1321 1518 1352 thura
1547 1321 1651 1361 impo-

951 1381 1031 1402 nere
1047 1371 1068 1401 :'
1093 1376 1130 1402 ut
1152 1373 1161 1388 ‘
1176 1372 1240 1402 aris
1268 1371 1443 1411 imponere
1470 1370 1650 1401 honorem'

953 1423 1080 1453 dictum
1097 1422 1252 1462 Virgilio.
1296 1422 1350 1452 Sic
1374 1422 1382 1438 ‘
1397 1421 1494 1453 thura
1509 1421 1630 1461 jacere
1642 1421 1650 1432 ’

952 1473 1111 1505 dixerunt
1121 1474 1304 1515 scriptores
1319 1473 1566 1504 Ecclesiastici.
1583 1474 1649 1504 He-

951 1526 1032 1555 γαῖά.

994 1579 1013 1607 4
1041 1577 1083 1607 Et
1099 1576 1202 1608 ditant
1218 1576 1338 1615 Latias,
1349 1575 1416 1616 ἐγὼ]
1441 1575 1485 1606 Et
1500 1584 1519 1606 a
1536 1575 1652 1606 Domi-

952 1627 1043 1658 tiano
1060 1627 1174 1658 datum
1192 1626 1284 1668 plebi
1298 1625 1508 1667 pauperique
1525 1625 1651 1666 populo

953 1677 1172 1717 congiarium,
1197 1682 1233 1708 et
1253 1676 1405 1708 tributim
1427 1675 1575 1716 epulum,
1601 1675 1650 1705 in-

953 1728 1004 1760 fra
1022 1729 1139 1769 Epigr.
1155 1731 1207 1759 50.
1224 1735 1367 1769 propter
1382 1727 1524 1758 relatam
1540 1735 1558 1756 e
1578 1725 1649 1757 bel-

951 1779 983 1809 lo
1008 1779 1195 1810 Sarmatico
1226 1779 1374 1809 lauream
1403 1777 1565 1808 tertiam:
1598 1776 1646 1807 bis

949 1830 1038 1860 enim
1053 1835 1132 1860 ante
1150 1829 1192 1860 de
1216 1829 1324 1860 Cattis
1349 1833 1384 1859 et
1409 1828 1515 1859 Dacis
1533 1827 1648 1858 trium-

951 1880 1128 1919 phaverat.
1180 1880 1250 1911 Alii
1294 1881 1334 1910 Et
1366 1880 1471 1911 litant.
1518 1878 1648 1910 Theod.

949 1930 1125 1961 Marcilins
1149 1929 1282 1971 legend.
1306 1933 1446 1960 censet:
1474 1930 1517 1959 Et
1542 1930 1648 1959 dicant

948 1980 1068 2018 Latini,
1083 1982 1135 2019 &a
1170 1979 1332 2020 Antique,
1345 1980 1466 2020 inquit,
1482 1979 1646 2018 scriptum

947 2031 1055 2061 Latini
1076 2040 1148 2070 pro,
1170 2030 1291 2070 Latiae,
1315 2029 1405 2060 unde
1432 2028 1560 2059 factum
1582 2028 1643 2058 La-

947 2082 1018 2112 cias.
1052 2082 1174 2112 'Causa
1199 2090 1279 2111 vero
1305 2079 1484 2119 triumphis
1504 2080 1644 2110 secretis

947 2130 1024 2169 fuit,
1042 2136 1078 2162 nt
1095 2131 1121 2161 si
1139 2140 1179 2162 ex
1197 2131 1270 2162 cive
1288 2136 1385 2170 parta
1398 2130 1645 2171 victoria‚qua-

947 2183 987 2213 lis
1015 2184 1130 2214 laurea
1155 2183 1191 2214 C.
1210 2182 1347 2213 Antonii
1363 2191 1404 2212 ex
1422 2182 1510 2213 bello
1527 2181 1644 2212 Catili-

947 2236 1059 2273 nario3
1077 2239 1135 2266 aut
1148 2245 1188 2265 ex
1200 2234 1301 2272 bello,
1313 2244 1377 2266 non
1390 2234 1476 2272 acie,
1486 2233 1544 2264 sed
1558 2241 1645 2274 pace

946 2292 981 2318 et
1009 2288 1181 2328 pactione,
1210 2287 1320 2328 qualis
1350 2287 1423 2317 haec
1455 2287 1646 2318 Domitiani

946 2340 1063 2370 laurea
1080 2338 1121 2369 de
1137 2338 1312 2369 Sarmatis.
1359 2338 1403 2368 Et
1416 2338 1519 2368 ditant
1534 2337 1645 2368 Latias

946 2390 1041 2420 tertia
1055 2388 1149 2428 dona]
1172 2389 1340 2420 Dorleans
1356 2387 1491 2429 legend.
1508 2394 1643 2418 censet:

950 2440 991 2470 Et
1012 2440 1115 2469 dicant
1132 2438 1236 2469 Latiae
1258 2442 1321 2469 tres
1344 2438 1409 2469 tria
1430 2439 1510 2468 dona
1535 2437 1645 2468 tribus.

946 2489 979 2520 id
998 2495 1060 2528 est,
1076 2488 1247 2520 dedicant.
1294 2488 1343 2519 Ut
1358 2497 1473 2519 sensus
1489 2487 1550 2518 sit:
1572 2487 1643 2518 Pro

946 2539 1057 2570 reditu
1071 2539 1254 2570 Domitiani
1272 2548 1386 2569 omnes
1403 2537 1486 2569 dant
1501 2537 1591 2568 dona
1608 2541 1646 2569 et

946 2590 1057 2628 thura,
1082 2590 1240 2624 Senatus,
1266 2590 1389 2631 Eques,
1413 2595 1448 2620 et
1466 2588 1640 2629 Populus:

946 2647 981 2672 et
998 2642 1064 2672 illae
1082 2647 1149 2671 tres
1167 2646 1281 2680 partes
1300 2640 1407 2671 tribus
1422 2639 1644 2677 vocabantur,

946 2701 1011 2732 quo
1030 2691 1094 2721 tria
1109 2690 1265 2721 dicarunt
1282 2690 1391 2728 doua;
1416 2689 1449 2720 id
1467 2694 1528 2729 est,
1543 2698 1643 2719 vove-

946 2747 1024 2774 runt
1042 2742 1117 2773 Diis
1135 2741 1198 2771 tria
1213 2741 1313 2780 dona,
1325 2746 1361 2772 et
1377 2739 1554 2781 speciatim
1579 2739 1642 2769 Po-

947 2794 1058 2835 pulus,
1076 2794 1200 2835 Eques,
1212 2797 1247 2824 et
1263 2794 1409 2824 Senatus
1428 2792 1524 2822 thura
1540 2789 1641 2822 dede-
