1866 3131
384 190 431 219 M.
467 190 575 220 VAL.
609 188 881 220 MARTIALIS
916 190 1073 220 EPtGR.
1109 191 1200 219 LIB.
1232 190 1315 220 vu.

168 289 185 315 5
214 285 351 325 Cupiunt
378 295 456 324 cum,
485 284 551 325 εμπ]
587 284 819 316 clancularius

128 336 246 376 aliquis
273 336 390 367 l’o'etae
409 336 537 366 famosa
553 336 706 376 quaedam
720 341 756 366 ct
772 335 818 364 vi-

128 386 260 416 rulenta
275 386 432 416 Carmina
447 386 508 416 sub
521 395 664 426 persona
680 385 819 415 Martia-

126 435 165 464 lis
190 435 358 466 ediderat.
402 435 653 475 Epigrammate
670 437 701 464 3.
718 439 753 465 et
769 436 820 465 33.

127 484 212 515 libro
228 488 278 516 10.

168 538 188 565 6
211 534 471 575 Ly011rnbeo,23·c.]
487 535 644 566 Mordaci
655 540 690 566 ct
703 535 820 566 rabido

125 585 247 624 iambo,
280 586 371 626 quali
414 591 560 616 armatus
594 585 819 616 Archilochus

126 636 319 676 Lycamben
356 646 521 675 socerum,
545 635 633 677 quod
663 645 820 675 sponsam

126 687 189 717 sibi
213 693 371 727 negasset
397 686 512 726 filiam,
534 686 575 717 ad
603 686 819 726 suspendium

127 738 252 777 adegit.

168 790 187 818 8
213 788 275 823 Qui
292 787 411 826 PhoeIn',
426 786 492 827 eya]
516 787 596 818 Non
613 786 684 817 ausi
701 796 820 818 nomen

125 848 219 868 suum
239 837 395 877 prodere.

170 891 208 919 10
233 888 298 918 Per
323 887 450 925 genium
481 887 601 927 Famoe]
638 886 696 917 Me
728 886 821 917 inno-

126 948 223 969 cuum
252 947 326 969 esse
354 948 373 968 a
397 936 643 976 maledicentia,
664 937 744 976 juro
761 946 822 976 per

124 990 245 1020 famam
263 989 404 1019 nominis
421 989 498 1027 inei,
515 993 550 1018 et
567 997 628 1027 per
654 992 748 1017 tuum
773 985 823 1017 fa·

128 1051 257 1079 vorem,
274 1041 380 1071 lector
394 1039 548 1071 candide.
587 1038 717 1069 Genius
734 1038 822 1069 enim

123 1097 176 1122 est
210 1092 257 1122 rei
295 1091 524 1131 cujuscunque
552 1089 675 1129 gratia,
696 1089 824 1127 Venus,

123 1143 231 1182 lepos.
257 1142 475 1182 Epigramma
489 1143 539 1171 60.
557 1141 616 1170 lib.
633 1143 665 1171 6.
714 1141 820 1170 Casta-

123 1193 274 1232 lidumque
286 1191 428 1231 gregem]
461 1191 635 1221 Musarum
652 1190 801 1221 chorum.

165 1245 271 1274 Epm.
301 1252 383 1274 x111.
421 1241 509 1272 Vide
540 1250 721 1272 consonum
745 1241 822 1272 huic

125 1295 344 1335 Epigramma
354 1296 407 1325 62.
422 1293 508 1324 libro
520 1296 551 1324 4.

166 1350 183 1377 1
208 1346 382 1377 Tiburtinis
405 1345 553 1376 albescere
572 1344 710 1385 collibus]
732 1344 821 1376 Gru-

127 1403 221 1428 terus
236 1397 361 1434 solibus,
377 1405 395 1427 e
413 1396 479 1426 Ms-
490 1395 625 1436 quicum
636 1395 820 1434 consentit,

123 1457 221 1488 quem
238 1456 296 1477 nos
314 1447 485 1486 egregium
498 1446 709 1477 contulimus.
748 1445 819 1475 Nu—

123 1507 185 1537 per
224 1497 432 1527 reduxerunt
466 1496 651 1535 vulgatum,
686 1495 819 1526 scilicet

123 1547 230 1587 ignari
258 1549 266 1563 ‘
281 1547 370 1577 soles
384 1546 391 1557 ’
420 1545 488 1577 κατ’
501 1546 611 1584 ἐξοχὴν
627 1555 688 1586 pro
702 1545 819 1584 aprico

124 1602 159 1627 et
171 1597 317 1627 delicato
333 1597 402 1627 sole
419 1597 494 1627 dici.
538 1597 656 1626 Florus
669 1596 712 1626 de
729 1595 821 1625 Han-

123 1646 254 1677 nibale:
278 1647 467 1677 ‘Invictum
495 1646 651 1686 Alpibus,
677 1645 819 1676 indomi-

124 1703 193 1727 tum
226 1697 337 1735 armis,
366 1697 562 1737 Campaniae
593 1697 681 1727 soles
704 1700 739 1726 et
770 1701 820 1726 te-

124 1752 242 1788 pentes
273 1747 421 1778 t'ontibus
453 1748 546 1778 Baiae
589 1745 819 1786 subegerunt.’

125 1798 267 1829 Ovidius
291 1799 397 1838 primo
425 1799 518 1829 Fast.
555 1798 673 1828 ‘Tunc
704 1796 819 1828 blandi

124 1849 225 1888 soles,
247 1850 427 1889 ignotaque
446 1847 738 1888 prodithirundo.'
776 1848 819 1878 Et

128 1899 215 1929 libro
245 1902 274 1929 2.
310 1898 467 1929 ‘Solibus
495 1902 530 1928 et
552 1907 675 1938 campo
702 1907 820 1937 corpo-

124 1960 161 1980 ra
190 1949 279 1980 nuda
315 1949 466 1980 dabant!
518 1949 615 1979 Idem
647 1951 698 1980 13.
729 1949 818 1980 Met.

120 2003 129 2018 ‘
146 2001 278 2032 Solibus
297 2001 457 2040 hibernis,
473 2000 595 2031 aestiva
611 1999 738 2039 gratior
759 2009 818 2029 un-

123 2052 189 2083 da.'
215 2053 343 2084 Noster
355 2051 441 2081 libro
456 2054 488 2082 6.
504 2051 567 2090 Ep.
582 2053 634 2081 43.
673 2051 681 2066 ‘
696 2049 818 2080 Baiani

125 2104 238 2134 soles:
274 2103 319 2133 Et
347 2102 433 2133 libro
469 2105 519 2133 10.
550 2102 614 2141 Ep.
662 2103 716 2133 51.
761 2102 770 2118 ⁴
786 2101 817 2132 O

128 2154 233 2183 soles!
280 2163 299 2183 o
348 2152 500 2183 tunicata
544 2151 664 2193 quies?
735 2151 816 2181 Gro-

132 2212 199 2232 nov.

156 2254 174 2281 3
191 2251 273 2286 Quid
289 2251 412 2282 Tiburis
422 2252 479 2282 alti
490 2251 595 2292 Aura]
609 2251 709 2282 Silius
723 2251 818 2282 Itali-

123 2311 180 2332 cus
194 2301 251 2332 lib.
266 2304 317 2332 12.
336 2302 422 2332 Pun.
445 2306 452 2319 ‘
469 2302 576 2334 Quale
604 2302 710 2332 micat
736 2311 819 2332 sem-

124 2361 249 2392 perque
266 2361 386 2382 novum
401 2357 467 2390 est,
482 2352 572 2393 quod
583 2353 718 2383 Tiburis
736 2363 818 2383 aura

122 2402 239 2432 Pascit
256 2401 360 2433 ebur!
397 2403 581 2434 Gronovius.

165 2454 269 2484 Epic.
285 2462 362 2484 xrv.
386 2456 401 2484 1
418 2453 535 2493 Scelus,
547 2454 614 2494 εγω]
631 2455 817 2486 Parcarum

124 2504 254 2534 scilicet
283 2503 458 2543 malarum,
480 2509 517 2535 ut
553 2505 671 2546 Epigr.
702 2507 816 2537 6211-

124 2555 182 2586 bro
200 2558 230 2585 6.

164 2608 182 2635 3
208 2606 362 2644 Plorat-it,
391 2605 458 2645 fisa]
482 2606 594 2638 Carm.
609 2609 640 2638 2.
656 2612 691 2638 et
707 2609 737 2638 3.
754 2607 817 2638 Ca-

121 2656 208 2686 tulli.

164 2709 184 2736 4
205 2706 329 2747 Lesbia,
357 2705 426 2746 Esou]
459 2706 546 2738 Vide
577 2712 612 2739 et
641 2708 755 2748 Epigr.
784 2709 815 2737 8.

124 2757 205 2787 libro
222 2760 250 2787 l.
494 2760 499 2768 ¹

1459 178 1572 220 1279

913 288 930 314 5
958 284 1043 319 Quas
1062 284 1172 323 flevit]
1195 283 1275 315 Scil.
1293 282 1440 313 delitias.
1476 282 1570 314 Male

871 335 926 366 alii
953 336 1019 375 leg.
1036 346 1126 375 quam
1143 335 1236 374 flevit
1251 346 1262 365 .·
1286 343 1395 374 neque
1417 333 1505 364 enim
1524 343 1573 364 re-

870 383 953 415 ferri
970 390 1084 424 potest
1101 385 1142 415 ad
1171 387 1179 402 ‘
1196 382 1412 415 columbam?

912 438 932 466 6
959 435 1064 476 Elysio
1092 435 1197 473 nigra,
1222 434 1292 474 ἐτι]
1316 433 1478 464 Ροέἵὶοεε
1503 443 1572 464 om-

871 485 962 515 nium
976 485 1062 516 enim
1075 494 1184 515 rerum
1197 485 1331 515 umbras
1343 483 1431 524 apud
1445 482 1572 514 inferos

871 535 990 566 volunt
1005 544 1092 566 esse.

912 585 1018 616 Eme.
1036 594 1098 616 xv,
1123 587 1138 614 l
1160 584 1304 615 Puerhic
1320 584 1446 625 nitidis]
1473 583 1571 624 Argi-

871 647 931 667 nus
942 638 1083 669 scilicet.
1100 638 1236 669 Absistit
1250 638 1426 677 Ianthidos]
1438 638 1503 670 Qui
1515 637 1572 668 ab·

871 687 1058 729 stinct,qni
1088 688 1228 729 refugit.
1278 689 1393 729 Undis]
1416 689 1524 719 Fonte
1538 688 1572 718 in

871 738 1000 768 aedibus
1021 739 1153 770 Stellae.

912 791 932 819 2
958 790 999 819 Et
1015 789 1109 828 fugit
1134 791 1174 820 ud
1189 789 1345 820 dominam
1362 789 1484 829 Naida]
1509 789 1573 820 Ar-

872 840 941 878 giui
966 839 1112 880 effigiem
1136 840 1286 880 intellige
1303 841 1448 880 positam
1466 841 1499 870 in
1517 850 1573 870 ne-

871 899 965 920 more
983 896 1122 930 propter
1138 889 1280 931 fontem,
1292 900 1390 931 quem
1407 891 1516 921 Stella
1532 890 1573 921 ab

873 941 988 970 uxoris
1004 941 1211 971 Violantillae
1229 942 1362 972 nomine
1379 942 1575 981 appellave-

873 995 924 1020 rat
939 990 1118 1022 Ianthida:
1145 991 1203 1022 sed
1220 991 1269 1022 ita
1284 997 1439 1032 propter,
1457 996 1492 1022 ut
1505 1001 1574 1022 mo-

872 1040 983 1071 dicum
1008 1042 1222 1072 intervallum
1244 1041 1441 1073 interesset.
1489 1041 1573 1072 Ideo

871 1090 967 1130 fingit
1000 1091 1110 1122 Poe'ta
1138 1102 1277 1132 puerum
1322 1092 1369 1122 sic
1411 1093 1574 1131 locatum,

871 1141 966 1181 quasi
982 1147 1156 1172 vereretur
1179 1151 1293 1173 casum
1310 1142 1434 1182 Hylae3
1459 1152 1575 1183 quem,

871 1200 973 1231 quum
987 1192 1297 1233 appropinquasset
1310 1193 1447 1223 nimium
1463 1202 1574 1233 aquae,

872 1240 1031 1280 Nympha
1046 1242 1172 1280 rapuit.
1209 1242 1318 1282 quue
1346 1248 1416 1273 tum
1438 1251 1576 1282 expres-

871 1291 938 1321 sit:
974 1291 1043 1322 ‘Et
1076 1290 1203 1331 fugitat
1235 1292 1405 1322 dominam
1443 1292 1577 1324 Naida.'

871 1340 1034 1380 Fugitarc
1064 1342 1212 1381 videtur,
1234 1342 1311 1373 dum
1340 1342 1486 1382 absistit,
1508 1352 1573 1374 nec

869 1392 973 1422 audet
989 1392 1275 1434 adpropinquare.
1314 1393 1459 1424 Fontem
1471 1398 1572 1424 vocat

871 1442 986 1473 Naida
1005 1443 1186 1482 dominam,
1199 1443 1279 1484 quia
1292 1443 1435 1482 gerebat
1452 1452 1573 1473 nomen

872 1492 1018 1525 dominae
1060 1493 1192 1534 Argiui,
1222 1494 1338 1525 uxoris
1365 1494 1495 1533 Stellae,
1518 1495 1575 1535 qui

871 1544 943 1583 ejus
959 1544 1123 1574 dominus.
1166 1545 1354 1576 Gronovius.
1403 1545 1572 1576 Dominam

871 1593 1013 1633 Naiacla]
1053 1594 1159 1634 Cujus
1206 1595 1400 1635 Nympham
1437 1594 1572 1626 dixerat

872 1653 946 1674 esse
973 1644 1142 1684 Ianthida,
1170 1645 1377 1684 Epigramm.
1396 1648 1450 1675 50.
1467 1645 1523 1676 lib.
1541 1648 1573 1676 7.

873 1696 990 1736 Hylas]
1013 1695 1087 1726 Lib.
1116 1698 1146 1726 6.
1171 1696 1378 1735 Epigramm.
1403 1698 1456 1727 68.
1486 1705 1573 1727 vers.

874 1748 904 1776 ὃ.
921 1751 956 1776 et
970 1746 1088 1786 Epigr.
1103 1748 1156 1776 48.
1175 1745 1233 1775 lib.
1251 1750 1282 1776 5.
1301 1755 1387 1776 vers.
1412 1749 1443 1776 5.

915 1798 932 1826 3
959 1796 988 1826 Ο
1012 1795 1096 1834 bene,
1125 1795 1194 1835 aa]
1235 1795 1265 1825 Ο
1290 1795 1377 1826 bene
1411 1796 1474 1826 tibi
1505 1801 1571 1836 est,

872 1846 958 1886 quod
978 1846 1131 1886 proximo
1158 1855 1294 1876 nemore
1310 1846 1422 1876 cultus
1441 1845 1573 1877 Hercu-

872 1897 920 1927 les
949 1896 1012 1927 tibi
1042 1896 1200 1937 praesidio
1226 1900 1278 1927 est
1308 1901 1344 1927 et
1370 1897 1502 1935 tutelae,
1529 1906 1571 1928 ne

872 1950 1016 1990 rapiaris
1045 1959 1065 1979 a
1100 1949 1266 1990 Nymphis
1300 1953 1334 1979 te
1366 1948 1572 1980 amantibus.

872 2002 991 2041 Epigr.
1004 2003 1055 2031 50.
1073 1999 1174 2030 infra.
1199 2001 1207 2016 ‘
1220 1999 1250 2030 Ο
1271 1999 1358 2031 bene
1374 1999 1488 2040 quod‚’
1503 2000 1572 2030 usi-

873 2056 944 2082 tata
959 2049 1069 2090 φράσις
1091 2055 1127 2081 et
1150 2050 1296 2090 elegans.
1342 2049 1445 2081 Ovid.
1472 2050 1570 2090 Eleg.

872 2105 903 2133 2.
934 2101 992 2132 lib.
1018 2104 1047 2131 l.
1074 2100 1180 2131 Trist.
1204 2102 1212 2117 ‘
1229 2100 1260 2131 Ο
1284 2099 1486 2140 beue‚quod
1503 2109 1570 2130 nou

872 2161 944 2181 sum
960 2159 1089 2181 mecum
1105 2148 1336 2180 conscendere
1347 2148 1490 2190 passus.'
1512 2148 1571 2180 Sic

873 2202 1007 2233 Graecis
1020 2201 1059 2231 ὡς
1082 2200 1218 2238 εὐτυχῶς
1233 2198 1290 2231 ὅτι.

913 2256 931 2283 5
956 2252 1101 2290 Securus,
1131 2250 1201 2290 δμη]
1239 2250 1318 2280 Sine
1349 2254 1442 2279 metu
1471 2253 1569 2289 potes

869 2312 912 2333 ex
939 2303 1000 2333 hoc
1029 2301 1124 2332 fonte
1146 2301 1280 2331 haurire
1311 2309 1444 2340 aquam,
1468 2309 1569 2340 quam

870 2353 1051 2384 ministres.
1086 2351 1215 2382 Ianthis
1227 2349 1375 2390 nympha
1387 2349 1484 2389 hujus
1498 2349 1570 2380 fon-

870 2404 914 2435 tis
931 2413 996 2434 non
1012 2402 1125 2443 rapiat
1140 2408 1185 2441 te,
1199 2406 1237 2432 ut
1255 2401 1379 2441 Hylam
1402 2402 1570 2442 quondam

870 2453 1026 2494 nymphae
1055 2452 1088 2483 ss.
1119 2451 1269 2483 Ascanii.
1316 2451 1407 2482 Cave
1439 2451 1502 2482 tibi
1526 2451 1569 2482 ab

870 2505 957 2546 ipso,
973 2505 1092 2536 Stella.

912 2557 1018 2586 Epic.
1043 2564 1122 2585 ΧΠ.
1161 2553 1291 2585 Callida
1321 2553 1567 2586 emendicatio:

870 2606 947 2636 dum
972 2605 1094 2644 inopiae
1124 2614 1192 2634 suae
1219 2604 1351 2634 unicum
1382 2603 1568 2635 remedium

869 2657 952 2687 dicit
975 2665 1049 2686 esse
1066 2654 1294 2685 venditionem
1312 2663 1487 2685 munerum
1503 2654 1569 2686 sibi

870 2717 889 2737 a
906 2705 1036 2745 Regulo
1059 2705 1244 2744 missorum,
1263 2714 1336 2745 quae
1350 2709 1446 2735 norat
1461 2704 1567 2735 domi-

870 2766 948 2786 uum
979 2765 1043 2786 non
1070 2755 1335 2795 redempturum,
1365 2755 1567 2786 donaturum
