1866 3131
238 197 349 238 1:370
706 204 847 235 NOTAE

236 314 323 335 rere.
369 301 551 334 Distinctio
584 305 716 332 tantum
750 299 936 331 mutanda:

240 356 281 385 Et
296 355 395 395 pilata
414 353 493 383 rcdit
501 352 642 391 jamque,
658 350 808 390 subitque,
825 350 939 380 cohors.

236 405 388 436 Gronov.
444 404 544 442 Atque
570 401 684 442 pilatu]
712 402 764 432 lta
792 400 940 432 restituit

235 455 423 487 Scriverius
448 463 466 483 a
490 455 561 486 Jos.
580 453 754 493 Scaligero
772 453 939 482 monitus:

236 506 398 546 depilata,
416 505 520 543 volsa,
544 504 652 534 calva.
698 503 753 534 Sic
770 501 940 532 Martialis

237 557 295 587 lib.
315 559 364 586 12.
390 556 507 595 Epigr.
530 557 582 585 29.
605 557 615 570 ‘
630 554 779 594 Linigeri
806 552 942 593 fugiunt

237 606 539 646 calvisistrataque
553 604 675 636 turba)
711 603 758 635 H.
775 603 941 634 Salmutli.

238 658 280 688 ad
308 656 481 688 l'anciroli
498 666 572 696 cap.
595 656 638 687 de
665 655 787 695 Bysso,
806 654 886 685 Ecce
897 653 943 693 pi-

238 709 315 747 lata,
333 718 408 738 cum
436 712 534 739 antea
561 707 750 746 legeretur,
774 706 818 735 Et
830 705 944 744 pilatu,

239 761 539 798 exponereturque
558 757 649 796 pilis,
674 755 808 795 gladiis,
826 754 944 785 cultris

239 814 380 840 armata·
427 808 508 848 Alii,
534 809 577 838 Et
599 807 729 847 pilenta,
752 811 872 836 contra
899 804 946 834 le·

240 870 316 900 gem
334 859 469 900 pediam
483 858 594 889 metri.
633 857 723 888 Vide
740 856 947 896 Epigramm.

239 913 293 941 56.
311 910 370 941 lib.
386 913 420 940 6.
477 909 586 944 Redit,
611 907 681 948 δῖα]
705 906 759 937 Ad
784 906 947 946 templum

239 961 325 991 Deae
352 960 452 991 Isidis
479 960 512 990 in
535 968 655 998 campo
673 957 815 988 Martio.
859 957 946 987 Tum

240 1015 277 1041 et
292 1009 556 1047 observandum,
579 1007 664 1039 Isidi
685 1007 735 1038 bis
752 1007 785 1037 in
806 1006 860 1037 die
877 1006 947 1036 lau-

241 1061 301 1092 des
318 1061 360 1092 ab
376 1061 495 1092 Isiacis
519 1060 643 1090 dictas.
686 1058 801 1089 Prima
825 1066 947 1097 nempe

241 1114 335 1152 hora,
357 1122 423 1154 qua
439 1110 638 1143 sacerdotes
661 1109 761 1140 Isidis
782 1108 946 1147 templum

243 1163 444 1204 aperiebant
456 1162 574 1203 (idque
588 1160 735 1201 Apertio
744 1157 949 1197 vocabatur)

242 1220 278 1245 et
305 1214 416 1244 Deum
439 1212 645 1250 salutabant,
659 1209 747 1251 quod
769 1208 949 1239 Salutatio-

244 1275 320 1295 nem
351 1269 387 1294 et
424 1262 678 1294 Excitationem
714 1258 950 1300 appellabant.

245 1317 344 1354 Post,
360 1318 468 1345 totum
489 1313 578 1342 diem
605 1311 728 1350 stipem
758 1308 951 1340 emendica-

245 1367 338 1398 bant.
383 1364 470 1396 Inde
492 1364 534 1394 ad
549 1368 705 1393 octavam
724 1360 894 1398 redibant,
917 1364 952 1390 et

247 1418 359 1448 Deam
405 1413 670 1455 componebant,
715 1417 750 1442 et
787 1411 951 1450 templum

247 1469 463 1502 claudebant.
509 1467 582 1497 Has
602 1465 753 1505 geminas
771 1463 870 1494 Isidis
885 1463 953 1493 lau-

247 1522 307 1552 des
320 1519 474 1551 Tibullus
486 1517 660 1556 intelligit,
677 1525 777 1556 quum
790 1515 838 1545 ita
851 1515 907 1545 lib.
925 1517 953 1545 1.

249 1571 364 1603 canit:
395 1569 548 1609 ‘Bisque
578 1567 633 1597 die
664 1566 811 1597 resoluta
841 1575 953 1596 comas

250 1622 314 1654 tibi
338 1621 454 1652 dicere
472 1619 589 1650 laudes
607 1617 755 1657 Insignis
773 1616 874 1647 turba
898 1616 954 1646 de-

252 1674 333 1704 beat
350 1672 383 1701 in
398 1668 546 1702 Pharia.¹
587 1668 720 1707 «Jamque
732 1665 886 1706 subitque]
902 1666 955 1696 An

255 1722 486 1759 scribendum,
516 1723 638 1759 statque
667 1718 805 1757 subitque
826 1715 957 1748 cohors!

251 1775 343 1806 Bam
369 1771 496 1805 reversi
523 1770 624 1802 Isiaci
642 1779 682 1800 ex
708 1768 958 1799 mendicatione

253 1827 361 1856 Deam
397 1829 528 1855 stantes
564 1822 762 1852 adorabant.
808 1820 959 1851 Martiab

253 1878 313 1908 lib.
332 1880 383 1907 1⁶2.
402 1876 522 1915 Epigr.
535 1877 589 1905 20.
634 1873 767 1903 Deinde
782 1881 960 1911 compone-

257 1927 353 1966 bant,
398 1926 530 1966 opinor,
567 1926 690 1962 Deam,
726 1923 959 1962 templumque

259 1977 477 2008 claudebant.
501 1976 586 2005 Rau.

300 2031 318 2058 3
343 2027 504 2066 Temperat
531 2024 608 2064 ltoec]
641 2023 734 2054 Hora
758 2032 805 2053 sc.
828 2027 960 2055 octava,

258 2077 357 2108 Prior
367 2075 532 2115 Ιιοι·α,ᾅ·ε.]
555 2074 718 2114 Septima,
732 2073 765 2104 id
775 2078 838 2112 est,
852 2073 962 2113 prima

262 2126 511 2168 pomeridiana,
524 2130 644 2156 octava
660 2124 762 2164 prior.

301 2182 321 2210 4
349 2175 572 2215 Ner-enecata]
599 2174 800 2206 Neronianis
812 2172 962 2205 thermis.

263 2230 381 2271 Epigr.
398 2231 451 2259 33.
468 2227 525 2258 lib.
543 2229 574 2257 7.

304 2285 322 2311 5
348 2280 462 2317 Stella,
488 2278 558 2318 ξω]
604 2276 711 2308 Amici
738 2280 773 2307 et
809 2276 962 2307 convivae

262 2333 397 2364 Poeta«.

305 2387 325 2414 6
351 2383 463 2421 Sigma
486 2379 584 2420 capit]
610 2380 734 2410 Lectus
753 2377 794 2408 ad
816 2386 962 2408 mensam

269 2432 556 2469 accommodatus,
572 2431 629 2471 qni
652 2429 825 2460 referebat
849 2427 962 2467 imagi-

268 2495 345 2516 nem
363 2484 559 2514 Graecorum
578 2484 614 2519 Σ,
631 2481 719 2521 quod
741 2480 819 2510 olim
843 2478 967 2510 forma-

270 2538 371 2568 batur
392 2541 429 2566 ut
453 2535 607 2565 Latinum
633 2534 669 2563 (J.
693 2532 779 2562 Vide
799 2532 897 2572 Epig.
912 2534 965 2561 87.

267 2589 326 2620 lib.
344 2590 394 2618 14.
441 2585 604 2616 Brodaeus
629 2593 778 2614 mensam
803 2583 966 2622 interpre-

268 2643 374 2675 tatur,
392 2636 445 2667 cui
461 2639 582 2666 contra
599 2634 746 2673 Lipsium
765 2633 967 2672 astipulatur

271 2689 396 2718 Savato
414 2685 454 2716 ad
478 2684 664 2721 Sidonium,
687 2683 744 2715 lib.
770 2686 802 2713 2.
826 2691 912 2713 νει-5.
937 2685 967 2716 5,

270 2740 335 2778 Ep.
357 2742 388 2768 2.
423 2736 509 2767 Vide
532 2741 565 2765 et
579 2735 756 2765 Stuckium
777 2734 968 2773 Antiquita-

277 2795 346 2820 tum
366 2787 505 2818 Conviv.
528 2785 587 2816 lib.
611 2788 641 2815 2.
660 2794 733 2824 cap.
751 2787 802 2815 34.
821 2789 854 2815 et
877 2784 969 2815 Rosi-

880 203 1143 234 VARIORUM
1179 202 1230 232 IN

989 307 1083 334 num,
1105 306 1185 336 cap.
1202 299 1255 328 38.
1273 295 1332 327 lib.
1350 300 1381 328 5.
1404 296 1502 327 Rom.
1520 294 1690 336 Antiquit.

990 349 1117 386 Sumus,
1131 349 1210 378 udde
1224 347 1359 388 Lupum]
1383 351 1391 364 ⁴
1409 347 1477 378 Sex
1493 347 1596 385 enim,
1614 357 1691 378 con·

991 400 1114 430 vivium
1137 401 1221 431 Cum
1249 409 1329 440 rege
1348 399 1501 440 justum,
1525 399 1551 428 si
1577 409 1692 439 snper,

992 450 1181 481 convicium
1199 455 1251 480 est
1264 449 1284 480 :’
1306 449 1434 480 Auson.
1460 449 1642 489 Epliemer.
1659 455 1694 480 et

992 501 1035 532 A.
1051 501 1182 532 Gellius
1197 501 1284 532 libro
1302 504 1354 532 13.
1373 510 1450 540 cap.
1470 504 1522 532 11.
1556 500 1643 530 Vide
1659 505 1694 531 et

992 553 1154 583 Rosinum
1182 552 1355 593 Antiquit.
1385 552 1527 582 Roman.
1552 551 1639 582 libro
1662 555 1694 582 5.

993 604 1107 643 capite
1130 605 1185 634 28.

1036 657 1053 685 7
1080 655 1327 689 Exoneraturas,
1339 651 1409 692 &cd
1424 653 1630 694 Epigramm.
1642 655 1695 682 88.

993 707 1083 738 libro
1101 710 1133 738 3.

1038 761 1058 789 9
1082 757 1213 797 Sedens]
1240 757 1394 788 Sessilis:
1422 756 1538 796 Epigr.
1564 757 1617 786 47.
1640 754 1698 785 lib.

996 811 1027 838 3.
1053 807 1095 838 de
1112 818 1179 849 qua
1201 808 1389 838 Athenaeus
1410 806 1467 838 lib.
1491 809 1521 836 2.
1547 815 1623 846 cap.
1647 807 1701 836 27.

997 858 1110 889 Sectile
1121 857 1264 898 porrum]
1298 858 1503 898 Epigramm.
1526 859 1578 887 47.
1593 855 1652 886 lib.
1668 858 1700 887 3.

998 919 1086 940 vers.
1108 912 1138 941 9.
1162 909 1248 941 Mss.
1263 909 1391 939 tonsile.-
1412 917 1501 938 vers.
1526 910 1578 937 15.
1624 906 1701 939 Quo

998 961 1074 991 loco
1088 960 1139 990 vir
1154 959 1416 998 eruditissimus,
1430 958 1516 989 bene
1539 957 1581 988 de
1598 956 1702 997 poeta

998 1011 1055 1042 illo
1079 1010 1232 1049 meritus,
1255 1014 1359 1049 negat
1384 1018 1420 1039 se
1442 1009 1529 1039 scire
1550 1007 1630 1048 quid
1658 1008 1704 1038 sit

996 1072 1124 1102 porrum
1140 1061 1260 1092 tonsile.
1286 1060 1377 1091 Hinc
1390 1059 1511 1090 discat.
1538 1058 1598 1088 Est
1613 1058 1702 1088 enim

1001 1112 1090 1153 quod
1128 1111 1244 1144 Graeci
1276 1109 1388 1151 καρτὸν
1415 1113 1551 1144 vocant,
1591 1108 1704 1138 Latini

1001 1163 1118 1192 sectile
1145 1167 1181 1192 et
1208 1162 1396 1198 sectivum3
1425 1159 1704 1200 distinguuntque

1002 1223 1020 1243 a
1035 1213 1200 1252 capitato.
1225 1212 1408 1242 Salmasius.

1045 1266 1084 1294 10
1110 1262 1285 1293 Ruclutrix
1300 1260 1440 1300 mentha]
1478 1261 1564 1292 Quae
1587 1264 1705 1290 ructus

1002 1314 1081 1344 ciet.
1093 1313 1148 1344 Al.
1165 1313 1343 1353 stuprulrix
1358 1311 1494 1342 mentha.
1519 1311 1574 1341 Al.
1590 1320 1644 1340 nec
1657 1311 1708 1340 ‹le-

1001 1364 1180 1403 stupratrz'x
1198 1363 1335 1401 mentha,
1361 1364 1413 1393 sed
1435 1362 1466 1392 h.
1490 1361 1525 1392 id
1550 1367 1613 1400 est,
1628 1361 1708 1391 οὐτι-

1004 1414 1090 1453 δανὴ,
1102 1413 1316 1453 frugiperda,
1331 1423 1406 1453 quae
1420 1421 1534 1443 semen
1549 1412 1708 1443 destruit.

1006 1465 1115 1496 Herba
1143 1463 1252 1503 sulam]
1288 1465 1411 1502 Eruca,
1435 1473 1500 1504 qua
1522 1463 1626 1493 salaci
1651 1473 1709 1503 ap-

1006 1517 1143 1557 pellata,
1153 1519 1187 1545 ul
1199 1519 1233 1545 et
1247 1513 1549 1554 bulbis‚interdicit
1561 1512 1706 1544 Ovidius

1004 1570 1036 1599 2.
1054 1566 1319 1598 Remediorum.·

1050 1621 1087 1649 11
1113 1617 1206 1648 Secta
1229 1626 1286 1647 ουα
1314 1614 1461 1654 lacertos]
1498 1614 1706 1655 Epigramm.

1007 1672 1059 1701 79.
1074 1669 1132 1699 lib.
1149 1672 1180 1700 5.
1195 1677 1280 1698 vers.
1293 1671 1323 1698 5.
1347 1667 1524 1703 Lacertus‚
1542 1665 1638 1705 Belg.
1656 1674 1710 1695 een

1009 1720 1196 1759 Hagedisse.
1259 1719 1422 1749 Lacertus
1458 1717 1547 1747 enim
1579 1716 1711 1756 reptilis

1010 1780 1126 1810 genus,
1143 1774 1284 1799 vocatus
1303 1770 1362 1806 ita,
1390 1767 1480 1808 quod
1503 1765 1641 1797 brachia
1656 1766 1713 1796 ha-

1010 1822 1100 1852 beat.
1145 1820 1283 1851 Genera
1309 1820 1511 1849 lacertorum
1539 1817 1647 1857 plura,
1674 1821 1712 1847 ut

1011 1871 1145 1909 botrax,
1179 1869 1406 1907 salamandra,
1444 1877 1554 1905 saura,
1586 1867 1710 1897 stellio.

1012 1923 1073 1952 Est
1087 1926 1122 1952 et
1140 1922 1291 1952 lacertus
1309 1920 1421 1960 piscis.
1449 1917 1597 1958 Rutulos]
1623 1918 1713 1948 Ruta

1012 1973 1180 2004 conditos.

1056 2027 1095 2054 12
1121 2025 1164 2054 Ec
1190 2023 1356 2060 madidum,
1379 2020 1446 2060 sm]
1481 2020 1623 2060 Papillae
1645 2020 1714 2050 suis

1012 2074 1222 2114 primiparae,
1245 2074 1332 2103 salso
1357 2072 1478 2112 thynni
1500 2072 1631 2112 liquore
1654 2071 1716 2102 im·

1012 2124 1118 2156 bntre.
1151 2125 1216 2163 Ep.
1232 2127 1285 2155 56.
1304 2122 1361 2153 lib.
1379 2125 1428 2153 13.

1057 2178 1095 2206 13
1122 2174 1240 2205 Gustus
1252 2175 1283 2204 in
1296 2173 1358 2213 his]
1383 2172 1524 2203 Gruteri
1537 2172 1715 2203 Palatinus

1013 2225 1377 2265 agnoscitscripturam
1389 2223 1517 2263 Gustus,
1525 2222 1614 2254 unde
1622 2223 1713 2253 Seri-

1013 2277 1123 2306 verius
1150 2275 1279 2315 optimo
1304 2284 1404 2305 sensu
1428 2280 1528 2316 atque
1544 2274 1621 2305 huie
1637 2275 1712 2305 loco

1013 2326 1187 2367 aptissimo
1209 2327 1357 2366 conjecit
1384 2326 1523 2356 Gustus:
1547 2324 1640 2365 quasi
1665 2324 1715 2354 di-

1014 2383 1088 2408 cat:
1115 2377 1235 2408 Priora
1253 2377 1309 2408 illa
1330 2376 1502 2407 dabuntur
1519 2376 1551 2406 in
1571 2375 1716 2416 promul-

1016 2427 1088 2459 side
1111 2433 1146 2458 et
1159 2433 1258 2466 gustu
1276 2438 1283 2457 z
1307 2427 1461 2467 sequitur
1477 2432 1579 2466 capnt
1595 2434 1714 2462 crenae‚

1015 2479 1144 2516 hoedus,
1160 2477 1283 2513 ofellae,
1299 2480 1363 2507 &cn
1388 2476 1476 2507 Vide
1492 2486 1564 2517 quae
1580 2475 1620 2506 ad
1634 2476 1716 2516 Epi·

1017 2539 1153 2570 gramm.
1170 2531 1223 2559 79.
1240 2528 1298 2559 lib.
1316 2532 1345 2559 5.
1362 2537 1451 2559 vers,
1468 2530 1499 2557 3.

1061 2583 1098 2610 14
1127 2578 1385 2618 Jrzlzn111a11t‚zs·c.]
1411 2579 1531 2614 Quem,
1549 2578 1627 2617 lupo
1639 2587 1715 2617 rap·

1017 2631 1081 2663 tori
1098 2630 1292 2668 obnoxium,
1306 2639 1366 2660 nos
1378 2634 1527 2659 nostrum
1540 2626 1718 2665 faciemus,

1017 2681 1191 2721 experturi
1206 2681 1420 2710 teneriorem.
1449 2679 1624 2710 Rationem
1638 2677 1715 2708 vide

1018 2732 1108 2772 apud
1138 2731 1311 2763 Plutarch.
1334 2731 1419 2762 libro
1450 2733 1477 2761 l.
1502 2730 1655 2770 Sympos.
1679 2732 1712 2759 9.

1018 2785 1146 2816 Qnaest.
