1866 3131
415 207 463 235 M.
499 207 604 236 vAr..

143 298 372 337 diuturnioris,
388 309 443 330 seu
466 300 595 340 mortis,
611 304 709 339 prout
726 299 830 330 serius

145 354 202 380 aut
219 359 320 389 ocyus
345 360 414 380 sors
440 351 572 381 exierit.
617 350 692 388 Vel,
719 349 831 380 electi-

144 399 213 429 onis
237 409 330 439 urna,
353 411 415 441 qua
439 401 518 431 lecti
543 400 764 431 mittebantur
791 399 832 430 ad

144 448 330 489 principem
348 450 461 489 legati.
498 450 677 489 Coruscum]
704 450 732 480 E
749 450 832 480 Ger-

143 500 266 538 mania,
278 510 350 541 quae
363 500 403 530 ad
414 499 566 540 Arctum,
579 504 614 531 et
626 499 677 531 cui
690 503 833 540 praeerat

143 550 316 590 Trajanus,
332 550 538 581 redeuntem.

185 604 205 631 2
228 601 360 640 Ducem]
383 601 573 641 Trajanum.

185 653 203 680 3
230 650 520 690 Quoc11n11111s,3sc.]
545 650 583 680 Iu
596 650 758 688 ὑποδοχαῖς
768 649 835 679 Iru-

144 705 338 739 peratorum
364 699 593 740 procedebant
619 700 752 730 ordines
779 700 835 730 ob-

144 750 246 781 viam:
277 761 338 790 per
367 760 500 790 campos
527 755 561 781 et
590 760 631 780 ex
663 750 836 781 arboribus

144 800 317 840 spectabat
331 799 637 841 populus,foeminae
651 810 691 830 ex
709 799 836 830 aedibus

144 854 177 880 et
190 849 346 881 fenestris
363 862 369 882 ε
387 850 550 889 tabernae,
566 850 736 889 senestrae,
748 850 837 881 fores

144 900 350 931 ornabantur
365 901 471 940 lauro,
483 900 616 940 fronde,
627 899 774 940 floribus,
788 901 836 931 lu-

144 950 252 981 cernis
272 951 438 990 appensis.

184 1002 203 1029 4
227 1000 370 1039 Lucebit]
402 1002 570 1031 Fenestrae
596 1001 695 1039 enim,
711 1001 838 1041 januae,

143 1051 207 1079 dcc.
224 1049 368 1080 lucernis
381 1050 597 1086 ornabantur,
613 1057 647 1080 et
667 1050 751 1090 ignis
768 1050 837 1080 ubi-

143 1109 208 1140 que
225 1100 439 1130 excitabatur
450 1101 482 1131 in
494 1101 749 1131 solennitatibus
760 1101 837 1132 illis.

147 1150 192 1180 Et
204 1160 269 1180 non
284 1151 389 1181 solum
401 1150 490 1182 fores
505 1152 648 1181 lucernis
657 1151 836 1188 ornabant3

143 1200 202 1230 sed
216 1206 250 1231 et
272 1201 335 1241 ipsi
350 1211 424 1232 cum
441 1203 585 1233 lucernis
598 1201 836 1232 occurrebant.

144 1251 238 1282 Latia
251 1252 343 1291 mir-11]
360 1253 519 1283 Freminae
533 1254 620 1283 enim
632 1253 837 1284 honestiores

143 1311 186 1333 ex
209 1302 336 1333 aedibus
369 1303 645 1344 prospectabant,
673 1313 755 1344 quas
784 1304 837 1334 hic

144 1353 198 1383 vel
216 1353 328 1383 Latias
345 1363 447 1384 nurus
465 1355 627 1394 appellat.

187 1407 206 1433 5
230 1404 332 1433 Morae
344 1405 457 1443 dulces,
471 1405 539 1445 aaz]
562 1405 837 1445 Ingredientisin

145 1451 263 1482 urbem
282 1453 500 1493 Imperatoris
514 1456 662 1485 incessus
678 1455 789 1486 lentus
802 1461 839 1487 et

147 1512 220 1533 cum
238 1513 372 1543 pompa,
385 1504 537 1535 omnibus
550 1511 677 1545 gratus.
715 1505 840 1546 Pulvis]

147 1552 186 1582 In
203 1553 255 1583 via
269 1554 449 1585 excitatus.

188 1607 208 1634 6
235 1604 364 1643 Totaque
380 1605 547 1643 Flaminia,
563 1605 630 1645 Sym]
655 1605 839 1636 Multitudo

146 1663 281 1694 egressa
300 1656 504 1694 gratulatum
519 1656 606 1686 Caes.
618 1657 651 1685 in
668 1655 721 1686 via
734 1656 839 1688 Flam.

146 1714 219 1745 quae
237 1704 454 1735 Germaniam
471 1710 615 1745 spectat.

190 1757 210 1784 7
234 1755 323 1785 Picti
343 1756 460 1793 tunica,
480 1755 549 1794 Esau]
594 1757 706 1786 Luxus
731 1756 841 1796 gratia

150 1805 300 1834 nonnulli
316 1805 450 1844 equites
469 1814 562 1835 more
578 1806 768 1844 Mazacum,
783 1806 839 1846 qui

148 1854 264 1894 Libyae
279 1864 360 1894 pop.
373 1858 462 1892 sunt,
475 1856 741 1895 pra‘currebant,
754 1856 841 1887 tuni-

148 1914 189 1935 ca
204 1915 264 1935 acu
283 1904 324 1935 ab
344 1904 513 1944 AEgyptiis
537 1905 709 1936 elaborata
725 1906 842 1937 induti.

149 1954 245 1986 Infra
259 1956 354 1995 Epig.
373 1958 422 1985 13.
441 1956 497 1985 lib.
516 1959 546 1986 6.
579 1955 773 1987 Utebantur
789 1966 841 1986 er-

149 2016 190 2046 go
203 2007 341 2037 Romani
355 2008 451 2036 luxus
465 2016 565 2037 causa
577 2008 699 2038 Mauro
714 2007 842 2048 equite.

148 2055 304 2086 Raderus
330 2066 409 2087 vero
435 2057 521 2087 alam
539 2058 774 2097 praetorianam
793 2056 841 2087 fu-

148 2106 212 2138 isse
228 2106 349 2138 credit.

192 2157 295 2187 Eme.
313 2166 378 2188 vu.
397 2159 413 2187 1
434 2156 556 2196 Rhene]
573 2157 624 2188 Fl.
640 2156 843 2197 Germaniae,

149 2206 237 2237 unde
253 2207 416 2247 Trajauus
434 2208 548 2247 Epigr.
565 2217 666 2247 supra
679 2215 766 2237 vers.
778 2210 810 2238 2.

192 2258 212 2286 2
238 2256 389 2296 Odrysias
406 2256 510 2286 bibunt
519 2256 663 2297 pruinas]
682 2257 797 2298 Epigr.
811 2260 843 2288 7.

151 2305 212 2337 lib.
229 2309 259 2337 7.
273 2316 361 2337 vers.
377 2309 407 2336 2.

194 2359 212 2386 3
241 2356 382 2395 Liquidis
401 2355 523 2393 fruaris
551 2355 654 2396 undis]
691 2357 769 2388 Non
800 2356 846 2387 hi-

152 2406 257 2436 berno
275 2406 350 2445 gelu
366 2406 572 2436 constrictis.

192 2458 213 2486 4
238 2456 306 2486 Nec
327 2458 357 2485 te
383 2454 520 2493 barbara,
536 2455 603 2494 Sym]
639 2456 760 2496 Neque
788 2466 845 2486 un-

154 2515 253 2547 quam
271 2506 347 2544 gelu
372 2504 508 2534 duratus
537 2509 674 2543 pontem
701 2510 846 2542 praestes

153 2555 401 2595 transitumque
426 2554 645 2584 barbarorum
661 2555 846 2586 Germano-

153 2615 226 2635 rum
244 2603 445 2635 incursibus.
491 2603 557 2633 Hic
570 2603 660 2634 locus
676 2604 847 2645 ingeni-ose

154 2655 344 2696 explicatus
356 2660 407 2684 est
418 2653 459 2683 ab
472 2653 546 2684 Elia
558 2654 693 2692 vineto,
707 2654 740 2683 in
752 2654 848 2685 Com-

156 2710 258 2736 ment.
278 2703 477 2734 Ausonianis
492 2701 534 2733 ad
551 2703 737 2733 Mosellam.

199 2758 219 2785 6
243 2752 407 2793 Cornibus]
437 2753 623 2794 Finguntur
648 2753 707 2784 Dii
737 2751 830 2784 (1υωί

639 205 909 236 MAR'rtALIS
944 208 1099 237 ffl’tGR.
1132 209 1224 237 [AB.
1257 209 1304 238 X.

1460 199 1476 238 ]
1486 198 1569 239 3ὖό

878 308 955 329 num
974 299 1133 339 praesides
1157 301 1299 339 cornuti,
1323 304 1464 341 propter
1481 301 1569 341 ripa-

880 358 950 379 rum
967 350 1203 391 alveorumque
1220 351 1433 382 curvitatem.
1459 351 1572 389 Magis

881 401 1017 439 proprie
1046 405 1159 430 tamen
1185 401 1317 431 cornuti
1344 400 1502 431 dicuntur
1523 400 1571 429 illi

880 449 985 489 fluvii,
1015 451 1071 491 qui
1099 460 1133 481 se
1163 450 1334 482 deducunt
1360 452 1392 481 in
1424 451 1572 491 geminos

880 499 1038 539 pluresve
1065 500 1200 538 alveos3
1235 502 1321 531 unde
1346 506 1426 532 nata
1450 500 1573 532 fabulae

882 550 1012 581 occasio
1029 550 1071 581 de
1088 550 1228 581 Acheloi
1244 561 1347 581 cornu
1364 551 1405 582 ab
1422 552 1573 582 Hercule

883 601 1013 632 avulso.
1059 601 1210 632 Rhenum
1237 601 1359 640 Virgil.
1383 605 1414 631 9.
1442 601 1574 632 AEneid.

884 651 970 682 dixit
1000 651 1171 683 bicornem
1204 656 1346 692 propter
1383 651 1449 682 duo
1477 652 1575 689 ostia,

884 701 1003 741 quibus
1020 702 1149 732 Drusus
1166 702 1301 732 tertium
1314 701 1458 737 addidit,
1473 701 1576 732 ducta

884 751 972 782 fossa
989 751 1148 782 adversus
1164 752 1332 783 incursum
1349 751 1576 784 barbarorum.

883 801 1017 841 Aureus]
1042 801 1096 832 An
1110 806 1248 842 propter
1261 803 1331 832 auri
1347 801 1478 833 fodinas
1492 803 1577 833 Ger-

885 851 1026 881 mauiae?
1050 861 1089 881 an
1108 856 1248 892 propter
1271 853 1361 893 ipsos
1389 852 1578 884 Germanos

885 900 1099 930 auricomos?
1155 900 1314 941 Receptis]
1338 902 1379 932 In
1405 911 1505 932 unum
1531 903 1577 931 al-

885 960 998 981 veum.

928 1004 946 1031 7
971 1001 1220 1042 Romanus,85·c.]
1243 1001 1407 1042 Subjecta
1422 1001 1581 1033 Romanis

886 1051 929 1082 sit
946 1051 1127 1082 Germania
1143 1053 1191 1082 cis
1206 1057 1362 1093 transque
1380 1051 1548 1082 Rhenum.

929 1103 949 1131 9
976 1101 1089 1140 Tibris,
1110 1101 1176 1140 ἑγὼ]
1201 1101 1365 1131 Dominus
1381 1100 1472 1131 orbis
1488 1099 1582 1130 fluvi-

888 1151 1068 1189 us,R0mae
1094 1151 1226 1181 scilicet
1251 1151 1372 1191 capitis
1401 1155 1435 1181 et
1455 1151 1580 1191 reginae

887 1200 1088 1240 triumphati
1105 1202 1194 1232 orbis
1220 1201 1339 1233 fluvius
1356 1207 1390 1233 te
1407 1207 1512 1243 rogat,
1528 1204 1581 1233 cui

887 1256 998 1281 tamen
1017 1252 1216 1292 imperiijus
1233 1258 1298 1283 est.
1332 1253 1502 1293 Remittas]
1520 1255 1584 1285 Ro-

890 1305 961 1340 gat,
980 1304 1016 1330 ut
1032 1300 1184 1331 remittas
1193 1302 1393 1342 Trajanum,
1405 1312 1511 1344 neque
1528 1312 1583 1333 no-

888 1363 928 1384 vo
946 1353 1056 1393 aliquo
1072 1358 1166 1384 motu
1182 1353 1347 1384 detineas.

931 1404 1034 1433 Epio.
1051 1412 1132 1435 vur.
1148 1406 1166 1434 2
1190 1404 1299 1443 Magis
1313 1408 1391 1435 esset
1407 1404 1497 1444 anus]
1521 1406 1583 1436 Ca-

888 1453 966 1492 pulo
980 1453 1091 1483 vicina
1107 1458 1141 1484 et
1159 1453 1254 1484 brevi
1271 1455 1460 1486 moritura:
1485 1459 1520 1486 et
1535 1455 1583 1485 sic

889 1503 958 1534 cito
974 1501 1046 1533 fieri
1058 1503 1154 1533 heres
1170 1513 1314 1542 possem.

932 1554 1038 1584 Eme.
1055 1562 1108 1583 lx.
1137 1552 1293 1584 Affirmat
1323 1554 1492 1585 Martialis
1521 1554 1583 1585 sibi

888 1601 1012 1633 famam
1029 1603 1156 1642 ingenii
1173 1607 1209 1633 et
1234 1604 1391 1633 carminis
1415 1613 1478 1634 non
1502 1604 1586 1634 invi-

888 1654 1033 1684 dendam
1049 1665 1057 1692 3
1092 1653 1180 1694 quod
1208 1654 1347 1685 eandem
1379 1655 1496 1695 adepti
1520 1657 1587 1686 sint

889 1705 992 1734 multo
1002 1713 1036 1733 se
1048 1702 1490 1744 inferioresetindigniores.
1504 1705 1587 1736 Rau.

933 1755 948 1782 1
978 1752 1126 1788 Undenis,
1149 1751 1217 1791 δῖα]
1262 1753 1583 1795 Hendecasyllabis:

889 1801 1070 1832 Phaleucio
1087 1801 1247 1832 carmine.

932 1854 950 1881 5
976 1851 1047 1881 Non
1062 1860 1126 1880 sum
1141 1851 1343 1882 Andraemone
1357 1853 1458 1883 notior
1475 1854 1585 1885 Cabal-

889 1900 932 1940 lo]
957 1901 1072 1931 Nolite
1099 1901 1178 1930 mihi
1208 1901 1333 1941 ingenii
1360 1903 1512 1935 invidere
1539 1905 1587 1936 fa-

891 1960 992 1989 mam,
1009 1960 1084 1981 cum
1101 1951 1220 1981 minori
1234 1952 1293 1981 sim
1311 1952 1342 1982 in
1359 1955 1469 1992 pretio
1486 1960 1520 1986 et
1537 1955 1585 1986 fa-

890 2010 944 2031 ma
960 2000 1047 2040 apud
1061 2000 1208 2031 scurrilis
1226 2001 1319 2041 hujus
1338 2003 1401 2033 aevi
1430 2005 1589 2043 cultores,

892 2059 989 2090 quam
1025 2049 1160 2080 Sextius
1191 2049 1395 2082 Andraemon
1431 2054 1588 2085 Caballus

892 2109 1020 2130 scurra.
1066 2098 1270 2138 Epigramm.
1286 2103 1338 2131 41.
1364 2102 1422 2133 lib.
1442 2105 1472 2133 l.
1498 2113 1586 2134 vers.

893 2154 944 2181 17.
980 2149 1048 2180 Alii
1064 2148 1291 2180 Andraemona
1307 2152 1423 2183 volunt
1438 2163 1510 2185 esse
1531 2164 1584 2185 no-

892 2210 968 2231 men
991 2199 1112 2230 nobilis
1126 2200 1204 2240 equi
1220 2200 1396 2233 Circensis.

935 2251 1039 2280 Erro.
1057 2257 1092 2279 x.
1130 2248 1261 2280 Divites
1288 2255 1323 2281 et
1354 2252 1462 2282 claros
1494 2262 1588 2295 aequc

893 2299 1032 2330 serviles
1062 2308 1134 2329 esse
1165 2304 1267 2339 atque
1299 2310 1476 2342 pauperes,
1519 2303 1585 2334 imo

887 2350 957 2390 jam
983 2354 1143 2390 patronos
1174 2349 1263 2388 ipsos
1293 2350 1465 2383 clientium
1495 2353 1589 2385 obire

895 2405 1007 2441 partes
1024 2399 1188 2440 queritur.

938 2454 954 2481 1
982 2451 1060 2480 Cum
1084 2448 1133 2487 tu]
1171 2447 1330 2487 Ejusdem
1359 2450 1482 2490 ingenii
1512 2453 1590 2494 Epi-

897 2510 1046 2542 gramma
1062 2498 1139 2529 vide
1155 2501 1204 2529 18.
1222 2498 1279 2530 lib.
1292 2501 1324 2530 2.
1342 2504 1377 2530 et
1394 2501 1450 2531 lib.
1463 2506 1494 2533 5.
1510 2503 1589 2543 Epi-

898 2561 1032 2592 gramm.
1049 2552 1101 2580 23.
1112 2554 1146 2580 et
1159 2549 1362 2580 Juven.Sat.
1378 2554 1405 2581 1.
1417 2561 1502 2584 vers.
1518 2556 1590 2585 117.

898 2601 1092 2640 Laurigeris,
1103 2599 1170 2639 8)·ε.]
1188 2599 1252 2632 Qui
1266 2601 1353 2640 geris
1367 2602 1592 2643 consulatum,

897 2662 994 2694 quem
1012 2651 1073 2681 tibi
1091 2650 1218 2680 ineunti
1234 2655 1269 2680 et
1285 2659 1406 2681 annum
1422 2654 1592 2692 aperienti

899 2700 1125 2743 praeferuntur
1140 2698 1247 2730 fasces
1271 2699 1426 2732 laureati.
1471 2703 1590 2744 lutras]

900 2751 1035 2792 Aperis,
1052 2750 1199 2782 inchoas.
1236 2749 1412 2783 claudian.
1428 2751 1589 2794 ‘Jamque
