<?xml version="1.0" encoding="UTF-8"?>
<!DOCTYPE html PUBLIC "-//W3C//DTD XHTML 1.0 Transitional//EN"
    "http://www.w3.org/TR/xhtml1/DTD/xhtml1-transitional.dtd">
<html xmlns="http://www.w3.org/1999/xhtml" xml:lang="en" lang="en">
 <head>
  <title>
</title>
<meta http-equiv="Content-Type" content="text/html;charset=utf-8" />
  <meta name='ocr-system' content='tesseract 3.04.00' />
  <meta name='ocr-capabilities' content='ocr_page ocr_carea ocr_par ocr_line ocrx_word'/>
</head>
<body>
  <div class='ocr_page' id='page_1' title='image "./epigrammataexedi03martuoft_0126.png"; bbox 0 0 1866 3131; ppageno 0'>
   <div class='ocr_carea' id='block_1_1' title="bbox 234 172 348 214">
    <p class='ocr_par' dir='ltr' id='par_1_1' title="bbox 234 172 348 214">
     <span class='ocr_line' id='line_1_1' title="bbox 234 172 348 214; baseline 0 0"><span class='ocrx_word' id='word_1_1' title='bbox 234 172 348 214; x_wconf 72' lang='lat'>1186</span> 
     </span>
    </p>
   </div>
   <div class='ocr_carea' id='block_1_2' title="bbox 219 279 939 2792">
    <p class='ocr_par' dir='ltr' id='par_1_2' title="bbox 234 279 937 322">
     <span class='ocr_line' id='line_1_2' title="bbox 234 279 937 322; baseline -0.004 -10"><span class='ocrx_word' id='word_1_2' title='bbox 234 279 368 322; x_wconf 79' lang='lat' dir='ltr'>siehore]</span> <span class='ocrx_word' id='word_1_3' title='bbox 391 279 490 311; x_wconf 86' lang='lat' dir='ltr'>Musa</span> <span class='ocrx_word' id='word_1_4' title='bbox 502 280 636 320; x_wconf 84' lang='lat' dir='ltr'>jocosa,</span> <span class='ocrx_word' id='word_1_5' title='bbox 649 279 760 310; x_wconf 84' lang='lat' dir='ltr'>choris</span> <span class='ocrx_word' id='word_1_6' title='bbox 775 279 937 319; x_wconf 83' lang='lat' dir='ltr'>gaudens.</span> 
     </span>
    </p>

    <p class='ocr_par' dir='ltr' id='par_1_3' title="bbox 234 330 939 920">
     <span class='ocr_line' id='line_1_3' title="bbox 279 330 939 371; baseline -0.003 -8"><span class='ocrx_word' id='word_1_7' title='bbox 279 335 298 363; x_wconf 90' lang='grc'><strong>7</strong></span> <span class='ocrx_word' id='word_1_8' title='bbox 323 331 500 370; x_wconf 79' lang='lat' dir='ltr'>Schemate,</span> <span class='ocrx_word' id='word_1_9' title='bbox 512 330 582 370; x_wconf 50' lang='grc' dir='ltr'>ξω]</span> <span class='ocrx_word' id='word_1_10' title='bbox 607 330 686 361; x_wconf 90' lang='lat' dir='ltr'>Non</span> <span class='ocrx_word' id='word_1_11' title='bbox 697 335 787 362; x_wconf 82' lang='lat' dir='ltr'>tecte</span> <span class='ocrx_word' id='word_1_12' title='bbox 804 335 839 362; x_wconf 88' lang='lat' dir='ltr'>et</span> <span class='ocrx_word' id='word_1_13' title='bbox 855 330 939 371; x_wconf 71' lang='lat' dir='ltr'>figu-</span> 
     </span>
     <span class='ocr_line' id='line_1_4' title="bbox 238 381 935 422; baseline -0.004 -8"><span class='ocrx_word' id='word_1_14' title='bbox 238 387 324 414; x_wconf 85' lang='lat' dir='ltr'>rate.</span> <span class='ocrx_word' id='word_1_15' title='bbox 370 381 476 421; x_wconf 80' lang='lat' dir='ltr'>Illam]</span> <span class='ocrx_word' id='word_1_16' title='bbox 514 381 600 414; x_wconf 81' lang='lat' dir='ltr'>Quae</span> <span class='ocrx_word' id='word_1_17' title='bbox 644 381 799 422; x_wconf 82' lang='lat' dir='ltr'><strong>sequenti</strong></span> <span class='ocrx_word' id='word_1_18' title='bbox 828 382 935 421; x_wconf 77' lang='lat' dir='ltr'>epigr.</span> 
     </span>
     <span class='ocr_line' id='line_1_5' title="bbox 236 432 937 472; baseline -0.003 -8"><span class='ocrx_word' id='word_1_19' title='bbox 236 433 431 464; x_wconf 89' lang='lat' dir='ltr'>nominatur</span> <span class='ocrx_word' id='word_1_20' title='bbox 446 441 537 463; x_wconf 85' lang='lat' dir='ltr'>vers.</span> <span class='ocrx_word' id='word_1_21' title='bbox 563 435 593 463; x_wconf 88' lang='lat' dir='ltr'>l.</span> <span class='ocrx_word' id='word_1_22' title='bbox 636 432 800 472; x_wconf 82' lang='lat' dir='ltr'>Priapum</span> <span class='ocrx_word' id='word_1_23' title='bbox 824 438 937 463; x_wconf 68' lang='lat' dir='ltr'>aute-m</span> 
     </span>
     <span class='ocr_line' id='line_1_6' title="bbox 236 482 938 524; baseline -0.004 -9"><span class='ocrx_word' id='word_1_24' title='bbox 236 488 400 515; x_wconf 84' lang='lat' dir='ltr'>matronae</span> <span class='ocrx_word' id='word_1_25' title='bbox 427 484 542 514; x_wconf 85' lang='lat' dir='ltr'>Romae</span> <span class='ocrx_word' id='word_1_26' title='bbox 580 482 664 524; x_wconf 91' lang='lat' dir='ltr'>(ritu</span> <span class='ocrx_word' id='word_1_27' title='bbox 697 483 739 514; x_wconf 89' lang='lat' dir='ltr'>ab</span> <span class='ocrx_word' id='word_1_28' title='bbox 769 482 938 523; x_wconf 77' lang='lat' dir='ltr'>AEgyptiis</span> 
     </span>
     <span class='ocr_line' id='line_1_7' title="bbox 237 533 936 575; baseline -0.004 -10"><span class='ocrx_word' id='word_1_29' title='bbox 237 534 353 573; x_wconf 89' lang='lat' dir='ltr'>ducto,</span> <span class='ocrx_word' id='word_1_30' title='bbox 369 533 426 575; x_wconf 88' lang='lat' dir='ltr'>qui</span> <span class='ocrx_word' id='word_1_31' title='bbox 451 533 550 565; x_wconf 85' lang='lat' dir='ltr'>Isidis</span> <span class='ocrx_word' id='word_1_32' title='bbox 571 534 666 574; x_wconf 88' lang='lat' dir='ltr'>jussu</span> <span class='ocrx_word' id='word_1_33' title='bbox 691 533 849 574; x_wconf 88' lang='lat' dir='ltr'>pudenda</span> <span class='ocrx_word' id='word_1_34' title='bbox 873 533 936 564; x_wconf 89' lang='lat' dir='ltr'>cir-</span> 
     </span>
     <span class='ocr_line' id='line_1_8' title="bbox 237 583 937 622; baseline -0.004 -6"><span class='ocrx_word' id='word_1_35' title='bbox 237 583 474 616; x_wconf 88' lang='lat' dir='ltr'>cumferebant</span> <span class='ocrx_word' id='word_1_36' title='bbox 498 585 531 615; x_wconf 92' lang='lat' dir='ltr'>in</span> <span class='ocrx_word' id='word_1_37' title='bbox 548 585 676 615; x_wconf 86' lang='lat' dir='ltr'>cultum</span> <span class='ocrx_word' id='word_1_38' title='bbox 694 584 852 622; x_wconf 80' lang='lat' dir='ltr'>Osiridis,</span> <span class='ocrx_word' id='word_1_39' title='bbox 882 584 937 614; x_wconf 87' lang='lat' dir='ltr'>cui</span> 
     </span>
     <span class='ocr_line' id='line_1_9' title="bbox 234 633 936 674; baseline -0.004 -7"><span class='ocrx_word' id='word_1_40' title='bbox 234 636 375 667; x_wconf 87' lang='lat' dir='ltr'>invento</span> <span class='ocrx_word' id='word_1_41' title='bbox 391 635 501 666; x_wconf 87' lang='lat' dir='ltr'>virilia</span> <span class='ocrx_word' id='word_1_42' title='bbox 516 634 712 674; x_wconf 86' lang='lat' dir='ltr'>defuerunt)</span> <span class='ocrx_word' id='word_1_43' title='bbox 725 638 756 665; x_wconf 86' lang='lat'>7.</span> <span class='ocrx_word' id='word_1_44' title='bbox 772 635 851 665; x_wconf 85' lang='lat' dir='ltr'>Kal.</span> <span class='ocrx_word' id='word_1_45' title='bbox 868 633 936 664; x_wconf 88' lang='lat' dir='ltr'>Au-</span> 
     </span>
     <span class='ocr_line' id='line_1_10' title="bbox 236 686 935 728; baseline -0.006 -10"><span class='ocrx_word' id='word_1_46' title='bbox 236 687 327 728; x_wconf 84' lang='lat' dir='ltr'>gusti</span> <span class='ocrx_word' id='word_1_47' title='bbox 350 691 450 718; x_wconf 85' lang='lat' dir='ltr'>extra</span> <span class='ocrx_word' id='word_1_48' title='bbox 485 691 617 726; x_wconf 91' lang='lat' dir='ltr'>portam</span> <span class='ocrx_word' id='word_1_49' title='bbox 655 686 820 716; x_wconf 82' lang='lat' dir='ltr'>Collinam</span> <span class='ocrx_word' id='word_1_50' title='bbox 859 694 935 715; x_wconf 91' lang='lat' dir='ltr'>cum</span> 
     </span>
     <span class='ocr_line' id='line_1_11' title="bbox 236 734 934 777; baseline -0.006 -9"><span class='ocrx_word' id='word_1_51' title='bbox 236 747 360 777; x_wconf 86' lang='lat' dir='ltr'>pompa</span> <span class='ocrx_word' id='word_1_52' title='bbox 390 736 431 767; x_wconf 92' lang='lat' dir='ltr'>ad</span> <span class='ocrx_word' id='word_1_53' title='bbox 459 736 599 767; x_wconf 87' lang='lat' dir='ltr'>Veueris</span> <span class='ocrx_word' id='word_1_54' title='bbox 627 736 739 766; x_wconf 84' lang='lat' dir='ltr'>fanum</span> <span class='ocrx_word' id='word_1_55' title='bbox 765 734 934 772; x_wconf 83' lang='lat' dir='ltr'>ferebam,</span> 
     </span>
     <span class='ocr_line' id='line_1_12' title="bbox 234 785 936 829; baseline -0.006 -11"><span class='ocrx_word' id='word_1_56' title='bbox 234 787 336 829; x_wconf 92' lang='lat' dir='ltr'>iuque</span> <span class='ocrx_word' id='word_1_57' title='bbox 361 788 446 818; x_wconf 75' lang='lat' dir='ltr'>Deae</span> <span class='ocrx_word' id='word_1_58' title='bbox 471 787 544 817; x_wconf 89' lang='lat' dir='ltr'>sinu</span> <span class='ocrx_word' id='word_1_59' title='bbox 571 786 765 826; x_wconf 77' lang='lat' dir='ltr'>ponebant;</span> <span class='ocrx_word' id='word_1_60' title='bbox 799 785 876 815; x_wconf 83' lang='lat' dir='ltr'>vide</span> <span class='ocrx_word' id='word_1_61' title='bbox 900 789 936 815; x_wconf 90' lang='lat' dir='ltr'>et</span> 
     </span>
     <span class='ocr_line' id='line_1_13' title="bbox 237 836 934 878; baseline -0.006 -9"><span class='ocrx_word' id='word_1_62' title='bbox 237 837 363 869; x_wconf 87' lang='lat' dir='ltr'>Annot.</span> <span class='ocrx_word' id='word_1_63' title='bbox 397 842 525 878; x_wconf 90' lang='lat' dir='ltr'>poster.</span> <span class='ocrx_word' id='word_1_64' title='bbox 560 837 730 877; x_wconf 67' lang='lat' dir='ltr'>Baptistae</span> <span class='ocrx_word' id='word_1_65' title='bbox 772 836 827 866; x_wconf 91' lang='lat' dir='ltr'>Pii</span> <span class='ocrx_word' id='word_1_66' title='bbox 858 845 934 875; x_wconf 89' lang='lat' dir='ltr'>cap.</span> 
     </span>
     <span class='ocr_line' id='line_1_14' title="bbox 234 890 306 920; baseline 0.014 -1"><span class='ocrx_word' id='word_1_67' title='bbox 234 890 306 920; x_wconf 78' lang='lat'>146.</span> 
     </span>
    </p>

    <p class='ocr_par' dir='ltr' id='par_1_4' title="bbox 235 936 935 1020">
     <span class='ocr_line' id='line_1_15' title="bbox 276 936 935 978; baseline -0.003 -9"><span class='ocrx_word' id='word_1_68' title='bbox 276 942 296 969; x_wconf 90' lang='grc'>9</span> <span class='ocrx_word' id='word_1_69' title='bbox 322 939 498 977; x_wconf 77' lang='lat' dir='ltr'><em>Custodem,</em></span> <span class='ocrx_word' id='word_1_70' title='bbox 529 937 597 978; x_wconf 55' lang='lat' dir='ltr'>Sym]</span> <span class='ocrx_word' id='word_1_71' title='bbox 637 937 756 978; x_wconf 87' lang='lat' dir='ltr'>Epigr.</span> <span class='ocrx_word' id='word_1_72' title='bbox 778 939 832 967; x_wconf 85' lang='lat'>36.</span> <span class='ocrx_word' id='word_1_73' title='bbox 864 936 888 967; x_wconf 89' lang='lat' dir='ltr'>l.</span> <span class='ocrx_word' id='word_1_74' title='bbox 906 939 935 967; x_wconf 92' lang='lat'>1.</span> 
     </span>
     <span class='ocr_line' id='line_1_16' title="bbox 235 992 389 1020; baseline -0.006 -1"><span class='ocrx_word' id='word_1_75' title='bbox 235 997 323 1020; x_wconf 78' lang='lat' dir='ltr'>vers.</span> <span class='ocrx_word' id='word_1_76' title='bbox 339 992 389 1019; x_wconf 84' lang='lat'>15.</span> 
     </span>
    </p>

    <p class='ocr_par' dir='ltr' id='par_1_5' title="bbox 233 1036 933 1120">
     <span class='ocr_line' id='line_1_17' title="bbox 279 1036 933 1079; baseline 0 -9"><span class='ocrx_word' id='word_1_77' title='bbox 279 1042 316 1069; x_wconf 96' lang='grc'>11</span> <span class='ocrx_word' id='word_1_78' title='bbox 342 1039 379 1070; x_wconf 80' lang='lat' dir='ltr'>Si</span> <span class='ocrx_word' id='word_1_79' title='bbox 396 1039 466 1069; x_wconf 86' lang='lat' dir='ltr'>bene</span> <span class='ocrx_word' id='word_1_80' title='bbox 481 1041 511 1070; x_wconf 78' lang='lat' dir='ltr'>te</span> <span class='ocrx_word' id='word_1_81' title='bbox 523 1038 606 1078; x_wconf 74' lang='lat' dir='ltr'>not-i,</span> <span class='ocrx_word' id='word_1_82' title='bbox 623 1037 691 1078; x_wconf 59' lang='lat' dir='ltr'>Sym]</span> <span class='ocrx_word' id='word_1_83' title='bbox 715 1036 810 1068; x_wconf 86' lang='lat' dir='ltr'>Infra</span> <span class='ocrx_word' id='word_1_84' title='bbox 827 1038 933 1079; x_wconf 82' lang='lat' dir='ltr'>epigr.</span> 
     </span>
     <span class='ocr_line' id='line_1_18' title="bbox 233 1092 286 1120; baseline -0.019 0"><span class='ocrx_word' id='word_1_85' title='bbox 233 1092 286 1120; x_wconf 80' lang='lat'>85.</span> 
     </span>
    </p>

    <p class='ocr_par' dir='ltr' id='par_1_6' title="bbox 229 1139 932 1774">
     <span class='ocr_line' id='line_1_19' title="bbox 275 1139 931 1180; baseline -0.002 -10"><span class='ocrx_word' id='word_1_86' title='bbox 275 1140 377 1170; x_wconf 69' lang='lat' dir='ltr'>Eme.</span> <span class='ocrx_word' id='word_1_87' title='bbox 388 1147 489 1170; x_wconf 79' lang='lat' dir='ltr'><strong>Lxlx.</strong></span> <span class='ocrx_word' id='word_1_88' title='bbox 502 1139 553 1170; x_wconf 86' lang='lat' dir='ltr'>Ad</span> <span class='ocrx_word' id='word_1_89' title='bbox 568 1139 763 1180; x_wconf 75' lang='lat' dir='ltr'>Cosconium]</span> <span class='ocrx_word' id='word_1_90' title='bbox 778 1139 931 1171; x_wconf 85' lang='lat' dir='ltr'>Eundem</span> 
     </span>
     <span class='ocr_line' id='line_1_20' title="bbox 233 1190 932 1231; baseline 0.001 -10"><span class='ocrx_word' id='word_1_91' title='bbox 233 1190 450 1229; x_wconf 85' lang='lat' dir='ltr'>Cosconium,</span> <span class='ocrx_word' id='word_1_92' title='bbox 479 1201 578 1231; x_wconf 90' lang='lat' dir='ltr'>quem</span> <span class='ocrx_word' id='word_1_93' title='bbox 606 1201 707 1231; x_wconf 87' lang='lat' dir='ltr'>supra</span> <span class='ocrx_word' id='word_1_94' title='bbox 725 1192 744 1222; x_wconf 93' lang='lat' dir='ltr'>l.</span> <span class='ocrx_word' id='word_1_95' title='bbox 769 1193 800 1222; x_wconf 83' lang='lat'>2.</span> <span class='ocrx_word' id='word_1_96' title='bbox 823 1191 932 1231; x_wconf 81' lang='lat' dir='ltr'>epigr.</span> 
     </span>
     <span class='ocr_line' id='line_1_21' title="bbox 232 1241 932 1282; baseline 0.001 -11"><span class='ocrx_word' id='word_1_97' title='bbox 232 1243 284 1271; x_wconf 77' lang='lat'>77,</span> <span class='ocrx_word' id='word_1_98' title='bbox 301 1246 458 1281; x_wconf 86' lang='lat' dir='ltr'>tanquam</span> <span class='ocrx_word' id='word_1_99' title='bbox 476 1241 636 1272; x_wconf 88' lang='lat' dir='ltr'>stolidum</span> <span class='ocrx_word' id='word_1_100' title='bbox 655 1242 932 1282; x_wconf 83' lang='lat' dir='ltr'>reprehenderat,</span> 
     </span>
     <span class='ocr_line' id='line_1_22' title="bbox 231 1290 932 1333; baseline 0.006 -13"><span class='ocrx_word' id='word_1_101' title='bbox 231 1290 319 1330; x_wconf 85' lang='lat' dir='ltr'>quod</span> <span class='ocrx_word' id='word_1_102' title='bbox 351 1291 595 1331; x_wconf 84' lang='lat' dir='ltr'>epigrammata</span> <span class='ocrx_word' id='word_1_103' title='bbox 623 1292 695 1332; x_wconf 76' lang='lat' dir='ltr'>ejus</span> <span class='ocrx_word' id='word_1_104' title='bbox 730 1293 831 1333; x_wconf 80' lang='lat' dir='ltr'>longa</span> <span class='ocrx_word' id='word_1_105' title='bbox 857 1302 932 1324; x_wconf 88' lang='lat' dir='ltr'>esse</span> 
     </span>
     <span class='ocr_line' id='line_1_23' title="bbox 231 1341 931 1384; baseline 0.004 -13"><span class='ocrx_word' id='word_1_106' title='bbox 231 1341 388 1380; x_wconf 86' lang='lat' dir='ltr'>dicebat;</span> <span class='ocrx_word' id='word_1_107' title='bbox 412 1342 475 1372; x_wconf 86' lang='lat' dir='ltr'>hoc</span> <span class='ocrx_word' id='word_1_108' title='bbox 503 1342 746 1382; x_wconf 75' lang='lat' dir='ltr'>epigrammate</span> <span class='ocrx_word' id='word_1_109' title='bbox 773 1348 931 1384; x_wconf 82' lang='lat' dir='ltr'>tanquam</span> 
     </span>
     <span class='ocr_line' id='line_1_24' title="bbox 229 1390 930 1424; baseline 0.006 -4"><span class='ocrx_word' id='word_1_110' title='bbox 229 1390 390 1421; x_wconf 86' lang='lat' dir='ltr'>insulsum</span> <span class='ocrx_word' id='word_1_111' title='bbox 404 1396 439 1421; x_wconf 91' lang='lat' dir='ltr'>et</span> <span class='ocrx_word' id='word_1_112' title='bbox 452 1391 625 1422; x_wconf 85' lang='lat' dir='ltr'>indoctum</span> <span class='ocrx_word' id='word_1_113' title='bbox 634 1392 778 1424; x_wconf 83' lang='lat' dir='ltr'>Poe&#39;tam</span> <span class='ocrx_word' id='word_1_114' title='bbox 790 1393 908 1424; x_wconf 88' lang='lat' dir='ltr'>irridet</span> <span class='ocrx_word' id='word_1_115' title='bbox 922 1404 930 1424; x_wconf 91' lang='lat'>:</span> 
     </span>
     <span class='ocr_line' id='line_1_25' title="bbox 231 1442 931 1483; baseline 0.004 -13"><span class='ocrx_word' id='word_1_116' title='bbox 231 1445 352 1480; x_wconf 84' lang='lat' dir='ltr'>estque</span> <span class='ocrx_word' id='word_1_117' title='bbox 371 1445 475 1471; x_wconf 87' lang='lat' dir='ltr'>totum</span> <span class='ocrx_word' id='word_1_118' title='bbox 496 1442 702 1481; x_wconf 80' lang='lat' dir='ltr'>epigramma</span> <span class='ocrx_word' id='word_1_119' title='bbox 727 1447 931 1483; x_wconf 88' lang='lat' dir='ltr'>conceptum</span> 
     </span>
     <span class='ocr_line' id='line_1_26' title="bbox 230 1489 931 1524; baseline 0.007 -5"><span class='ocrx_word' id='word_1_120' title='bbox 230 1489 390 1521; x_wconf 81' lang='lat' dir='ltr'>ironicws.</span> <span class='ocrx_word' id='word_1_121' title='bbox 416 1491 527 1521; x_wconf 76' lang='lat' dir='ltr'>Vocat</span> <span class='ocrx_word' id='word_1_122' title='bbox 537 1493 628 1522; x_wconf 84' lang='lat' dir='ltr'>enim</span> <span class='ocrx_word' id='word_1_123' title='bbox 644 1493 833 1524; x_wconf 84' lang='lat' dir='ltr'>castissima</span> <span class='ocrx_word' id='word_1_124' title='bbox 851 1494 931 1524; x_wconf 92' lang='lat' dir='ltr'>Cos-</span> 
     </span>
     <span class='ocr_line' id='line_1_27' title="bbox 229 1541 929 1583; baseline 0.007 -13"><span class='ocrx_word' id='word_1_125' title='bbox 229 1541 318 1571; x_wconf 88' lang='lat' dir='ltr'>conii</span> <span class='ocrx_word' id='word_1_126' title='bbox 357 1542 613 1582; x_wconf 85' lang='lat' dir='ltr'>epigrammata,</span> <span class='ocrx_word' id='word_1_127' title='bbox 653 1553 727 1583; x_wconf 78' lang='lat' dir='ltr'>quae</span> <span class='ocrx_word' id='word_1_128' title='bbox 758 1544 929 1575; x_wconf 84' lang='lat' dir='ltr'>castitatis</span> 
     </span>
     <span class='ocr_line' id='line_1_28' title="bbox 230 1591 929 1633; baseline 0.004 -12"><span class='ocrx_word' id='word_1_129' title='bbox 230 1591 345 1631; x_wconf 87' lang='lat' dir='ltr'>specie</span> <span class='ocrx_word' id='word_1_130' title='bbox 373 1592 505 1631; x_wconf 82' lang='lat' dir='ltr'>irridet,</span> <span class='ocrx_word' id='word_1_131' title='bbox 528 1598 687 1633; x_wconf 80' lang='lat' dir='ltr'>tanquam</span> <span class='ocrx_word' id='word_1_132' title='bbox 719 1593 869 1631; x_wconf 84' lang='lat' dir='ltr'>indocta,</span> <span class='ocrx_word' id='word_1_133' title='bbox 892 1598 929 1625; x_wconf 84' lang='lat' dir='ltr'>et</span> 
     </span>
     <span class='ocr_line' id='line_1_29' title="bbox 230 1641 928 1684; baseline 0.004 -13"><span class='ocrx_word' id='word_1_134' title='bbox 230 1641 374 1681; x_wconf 83' lang='lat' dir='ltr'>legenda</span> <span class='ocrx_word' id='word_1_135' title='bbox 399 1648 531 1673; x_wconf 87' lang='lat' dir='ltr'>tantum</span> <span class='ocrx_word' id='word_1_136' title='bbox 556 1643 764 1683; x_wconf 83' lang='lat' dir='ltr'>simplicibus</span> <span class='ocrx_word' id='word_1_137' title='bbox 780 1649 816 1674; x_wconf 85' lang='lat' dir='ltr'>et</span> <span class='ocrx_word' id='word_1_138' title='bbox 832 1644 928 1684; x_wconf 80' lang='lat' dir='ltr'>igna-</span> 
     </span>
     <span class='ocr_line' id='line_1_30' title="bbox 230 1692 929 1735; baseline 0.007 -14"><span class='ocrx_word' id='word_1_139' title='bbox 230 1692 286 1731; x_wconf 70' lang='lat' dir='ltr'>ris,</span> <span class='ocrx_word' id='word_1_140' title='bbox 301 1693 416 1733; x_wconf 88' lang='lat' dir='ltr'>quales</span> <span class='ocrx_word' id='word_1_141' title='bbox 428 1698 505 1724; x_wconf 89' lang='lat' dir='ltr'>suut</span> <span class='ocrx_word' id='word_1_142' title='bbox 520 1694 616 1734; x_wconf 73' lang='lat' dir='ltr'>pueri</span> <span class='ocrx_word' id='word_1_143' title='bbox 632 1699 667 1725; x_wconf 92' lang='lat' dir='ltr'>et</span> <span class='ocrx_word' id='word_1_144' title='bbox 678 1694 838 1735; x_wconf 84' lang='lat' dir='ltr'>virgines.</span> <span class='ocrx_word' id='word_1_145' title='bbox 864 1696 929 1726; x_wconf 76' lang='lat' dir='ltr'>Ra-</span> 
     </span>
     <span class='ocr_line' id='line_1_31' title="bbox 230 1743 334 1774; baseline 0.01 -2"><span class='ocrx_word' id='word_1_146' title='bbox 230 1743 334 1774; x_wconf 83' lang='lat' dir='ltr'>mires.</span> 
     </span>
    </p>

    <p class='ocr_par' dir='ltr' id='par_1_7' title="bbox 228 1793 927 1934">
     <span class='ocr_line' id='line_1_32' title="bbox 271 1793 926 1836; baseline 0.005 -12"><span class='ocrx_word' id='word_1_147' title='bbox 271 1796 291 1824; x_wconf 84' lang='lat'>2</span> <span class='ocrx_word' id='word_1_148' title='bbox 310 1794 453 1825; x_wconf 74' lang='lat' dir='ltr'>Mentula</span> <span class='ocrx_word' id='word_1_149' title='bbox 469 1795 670 1836; x_wconf 72' lang='lat' dir='ltr'>carminibus]</span> <span class='ocrx_word' id='word_1_150' title='bbox 696 1793 775 1827; x_wconf 84' lang='lat' dir='ltr'>Sine</span> <span class='ocrx_word' id='word_1_151' title='bbox 793 1806 860 1836; x_wconf 81' lang='lat' dir='ltr'>qua</span> <span class='ocrx_word' id='word_1_152' title='bbox 877 1800 926 1827; x_wconf 85' lang='lat' dir='ltr'>ta-</span> 
     </span>
     <span class='ocr_line' id='line_1_33' title="bbox 229 1846 927 1886; baseline 0.006 -13"><span class='ocrx_word' id='word_1_153' title='bbox 229 1853 305 1874; x_wconf 88' lang='lat' dir='ltr'>men</span> <span class='ocrx_word' id='word_1_154' title='bbox 336 1853 401 1874; x_wconf 92' lang='lat' dir='ltr'>non</span> <span class='ocrx_word' id='word_1_155' title='bbox 428 1851 568 1884; x_wconf 83' lang='lat' dir='ltr'>possunt</span> <span class='ocrx_word' id='word_1_156' title='bbox 603 1846 750 1886; x_wconf 90' lang='lat' dir='ltr'>placere,</span> <span class='ocrx_word' id='word_1_157' title='bbox 784 1850 847 1877; x_wconf 64' lang='grc' dir='ltr'>ἀρ.</span> <span class='ocrx_word' id='word_1_158' title='bbox 888 1851 927 1878; x_wconf 91' lang='lat' dir='ltr'>ut</span> 
     </span>
     <span class='ocr_line' id='line_1_34' title="bbox 228 1894 493 1934; baseline 0.004 -10"><span class='ocrx_word' id='word_1_159' title='bbox 228 1894 332 1934; x_wconf 85' lang='lat' dir='ltr'>epigr.</span> <span class='ocrx_word' id='word_1_160' title='bbox 349 1897 402 1925; x_wconf 85' lang='lat'>36.</span> <span class='ocrx_word' id='word_1_161' title='bbox 427 1895 449 1925; x_wconf 91' lang='lat'>1.</span> <span class='ocrx_word' id='word_1_162' title='bbox 465 1897 493 1925; x_wconf 90' lang='lat'>1.</span> 
     </span>
    </p>

    <p class='ocr_par' dir='ltr' id='par_1_8' title="bbox 271 1944 678 1985">
     <span class='ocr_line' id='line_1_35' title="bbox 271 1944 678 1985; baseline 0.002 -10"><span class='ocrx_word' id='word_1_163' title='bbox 271 1947 289 1975; x_wconf 84' lang='lat'>3</span> <span class='ocrx_word' id='word_1_164' title='bbox 313 1944 432 1985; x_wconf 78' lang='lat' dir='ltr'>Laudo,</span> <span class='ocrx_word' id='word_1_165' title='bbox 446 1945 511 1985; x_wconf 55' lang='grc' dir='ltr'>ἐγω]</span> <span class='ocrx_word' id='word_1_166' title='bbox 533 1945 678 1976; x_wconf 86' lang='lat' dir='ltr'>Ironiee.</span> 
     </span>
    </p>

    <p class='ocr_par' dir='ltr' id='par_1_9' title="bbox 223 1995 926 2230">
     <span class='ocr_line' id='line_1_36' title="bbox 270 1995 926 2037; baseline 0.003 -11"><span class='ocrx_word' id='word_1_167' title='bbox 270 1995 376 2026; x_wconf 75' lang='lat' dir='ltr'>Epio.</span> <span class='ocrx_word' id='word_1_168' title='bbox 394 2005 483 2027; x_wconf 69' lang='lat' dir='ltr'><strong>Lxx.</strong></span> <span class='ocrx_word' id='word_1_169' title='bbox 514 1998 528 2026; x_wconf 88' lang='lat'>1</span> <span class='ocrx_word' id='word_1_170' title='bbox 557 1996 697 2027; x_wconf 82' lang='lat' dir='ltr'>Moechus</span> <span class='ocrx_word' id='word_1_171' title='bbox 720 2007 751 2027; x_wconf 87' lang='lat' dir='ltr'>es</span> <span class='ocrx_word' id='word_1_172' title='bbox 776 1996 926 2037; x_wconf 60' lang='lat' dir='ltr'>Aufidiae,</span> 
     </span>
     <span class='ocr_line' id='line_1_37' title="bbox 226 2045 925 2087; baseline 0.001 -11"><span class='ocrx_word' id='word_1_173' title='bbox 226 2045 295 2085; x_wconf 52' lang='lat' dir='ltr'>gu]</span> <span class='ocrx_word' id='word_1_174' title='bbox 318 2046 491 2077; x_wconf 79' lang='lat' dir='ltr'>Seaevinus</span> <span class='ocrx_word' id='word_1_175' title='bbox 514 2056 654 2077; x_wconf 87' lang='lat' dir='ltr'>uxorem</span> <span class='ocrx_word' id='word_1_176' title='bbox 677 2045 847 2077; x_wconf 82' lang='lat' dir='ltr'>Aufidiam</span> <span class='ocrx_word' id='word_1_177' title='bbox 865 2057 925 2087; x_wconf 88' lang='lat' dir='ltr'>per</span> 
     </span>
     <span class='ocr_line' id='line_1_38' title="bbox 225 2096 923 2138; baseline 0.001 -11"><span class='ocrx_word' id='word_1_178' title='bbox 225 2096 397 2128; x_wconf 81' lang='lat' dir='ltr'>fastidium</span> <span class='ocrx_word' id='word_1_179' title='bbox 414 2097 666 2137; x_wconf 87' lang='lat' dir='ltr'>repudiaverat,</span> <span class='ocrx_word' id='word_1_180' title='bbox 691 2102 830 2137; x_wconf 85' lang='lat' dir='ltr'>nuptam</span> <span class='ocrx_word' id='word_1_181' title='bbox 848 2107 923 2138; x_wconf 87' lang='lat' dir='ltr'>pos-</span> 
     </span>
     <span class='ocr_line' id='line_1_39' title="bbox 223 2146 923 2189; baseline 0 -11"><span class='ocrx_word' id='word_1_182' title='bbox 223 2151 280 2178; x_wconf 82' lang='lat' dir='ltr'>tea</span> <span class='ocrx_word' id='word_1_183' title='bbox 292 2147 352 2187; x_wconf 89' lang='lat' dir='ltr'>illi,</span> <span class='ocrx_word' id='word_1_184' title='bbox 368 2148 425 2189; x_wconf 90' lang='lat' dir='ltr'>qui</span> <span class='ocrx_word' id='word_1_185' title='bbox 442 2147 553 2179; x_wconf 73' lang='lat' dir='ltr'>fuerat</span> <span class='ocrx_word' id='word_1_186' title='bbox 562 2149 636 2189; x_wconf 86' lang='lat' dir='ltr'>ejus</span> <span class='ocrx_word' id='word_1_187' title='bbox 648 2146 808 2187; x_wconf 85' lang='lat' dir='ltr'>moechus,</span> <span class='ocrx_word' id='word_1_188' title='bbox 821 2147 923 2188; x_wconf 83' lang='lat' dir='ltr'>depe-</span> 
     </span>
     <span class='ocr_line' id='line_1_40' title="bbox 223 2197 325 2230; baseline 0.02 -2"><span class='ocrx_word' id='word_1_189' title='bbox 223 2197 325 2230; x_wconf 88' lang='lat' dir='ltr'>ribat.</span> 
     </span>
    </p>

    <p class='ocr_par' dir='ltr' id='par_1_10' title="bbox 225 2247 921 2340">
     <span class='ocr_line' id='line_1_41' title="bbox 269 2247 921 2289; baseline -0.002 -10"><span class='ocrx_word' id='word_1_190' title='bbox 269 2251 287 2278; x_wconf 83' lang='lat'><strong>3</strong></span> <span class='ocrx_word' id='word_1_191' title='bbox 323 2249 398 2288; x_wconf 86' lang='lat' dir='ltr'>Cur,</span> <span class='ocrx_word' id='word_1_192' title='bbox 411 2249 481 2289; x_wconf 60' lang='lat' dir='ltr'>ssa]</span> <span class='ocrx_word' id='word_1_193' title='bbox 503 2248 626 2280; x_wconf 83' lang='lat' dir='ltr'>Aliena</span> <span class='ocrx_word' id='word_1_194' title='bbox 655 2249 727 2279; x_wconf 87' lang='lat' dir='ltr'>scil.</span> <span class='ocrx_word' id='word_1_195' title='bbox 756 2253 792 2279; x_wconf 89' lang='lat' dir='ltr'>et</span> <span class='ocrx_word' id='word_1_196' title='bbox 815 2247 921 2279; x_wconf 84' lang='lat' dir='ltr'>vetita</span> 
     </span>
     <span class='ocr_line' id='line_1_42' title="bbox 225 2299 919 2340; baseline 0.003 -11"><span class='ocrx_word' id='word_1_197' title='bbox 225 2299 385 2340; x_wconf 84' lang='lat' dir='ltr'>placent:</span> <span class='ocrx_word' id='word_1_198' title='bbox 401 2300 536 2340; x_wconf 90' lang='lat' dir='ltr'>propria</span> <span class='ocrx_word' id='word_1_199' title='bbox 547 2304 581 2331; x_wconf 90' lang='lat' dir='ltr'>et</span> <span class='ocrx_word' id='word_1_200' title='bbox 595 2300 687 2331; x_wconf 87' lang='lat' dir='ltr'>licita</span> <span class='ocrx_word' id='word_1_201' title='bbox 701 2305 919 2340; x_wconf 86' lang='lat' dir='ltr'>spernuntur.</span> 
     </span>
    </p>

    <p class='ocr_par' dir='ltr' id='par_1_11' title="bbox 219 2351 922 2691">
     <span class='ocr_line' id='line_1_43' title="bbox 266 2351 920 2391; baseline -0.002 -10"><span class='ocrx_word' id='word_1_202' title='bbox 266 2353 286 2381; x_wconf 85' lang='grc'>4</span> <span class='ocrx_word' id='word_1_203' title='bbox 312 2351 471 2390; x_wconf 78' lang='lat' dir='ltr'>Numquid</span> <span class='ocrx_word' id='word_1_204' title='bbox 485 2351 622 2391; x_wconf 82' lang='lat' dir='ltr'>securus]</span> <span class='ocrx_word' id='word_1_205' title='bbox 647 2351 793 2390; x_wconf 76' lang='lat' dir='ltr'>Elegans</span> <span class='ocrx_word' id='word_1_206' title='bbox 813 2359 920 2391; x_wconf 82' lang='lat' dir='ltr'>quaes-</span> 
     </span>
     <span class='ocr_line' id='line_1_44' title="bbox 223 2400 919 2441; baseline -0.001 -10"><span class='ocrx_word' id='word_1_207' title='bbox 223 2400 323 2431; x_wconf 91' lang='lat' dir='ltr'>tionis</span> <span class='ocrx_word' id='word_1_208' title='bbox 340 2401 523 2441; x_wconf 85' lang='lat' dir='ltr'>propositae</span> <span class='ocrx_word' id='word_1_209' title='bbox 541 2410 602 2441; x_wconf 90' lang='lat' dir='ltr'>per</span> <span class='ocrx_word' id='word_1_210' title='bbox 618 2400 919 2440; x_wconf 83' lang='lat' dir='ltr'>interrogationem</span> 
     </span>
     <span class='ocr_line' id='line_1_45' title="bbox 221 2451 920 2482; baseline -0.001 -1"><span class='ocrx_word' id='word_1_211' title='bbox 221 2451 356 2482; x_wconf 86' lang='lat' dir='ltr'>solutio.</span> <span class='ocrx_word' id='word_1_212' title='bbox 403 2451 512 2482; x_wconf 82' lang='lat' dir='ltr'>Causa</span> <span class='ocrx_word' id='word_1_213' title='bbox 538 2452 626 2482; x_wconf 88' lang='lat' dir='ltr'>euim</span> <span class='ocrx_word' id='word_1_214' title='bbox 657 2461 717 2482; x_wconf 86' lang='lat' dir='ltr'>cur</span> <span class='ocrx_word' id='word_1_215' title='bbox 747 2451 920 2482; x_wconf 87' lang='lat' dir='ltr'>Scaeviuus</span> 
     </span>
     <span class='ocr_line' id='line_1_46' title="bbox 219 2501 922 2542; baseline 0.001 -11"><span class='ocrx_word' id='word_1_216' title='bbox 219 2501 284 2532; x_wconf 80' lang='lat' dir='ltr'>iste</span> <span class='ocrx_word' id='word_1_217' title='bbox 297 2501 509 2542; x_wconf 83' lang='lat' dir='ltr'>repudiatam</span> <span class='ocrx_word' id='word_1_218' title='bbox 525 2511 664 2533; x_wconf 82' lang='lat' dir='ltr'>uxorem</span> <span class='ocrx_word' id='word_1_219' title='bbox 681 2508 715 2532; x_wconf 91' lang='lat' dir='ltr'>et</span> <span class='ocrx_word' id='word_1_220' title='bbox 728 2502 922 2542; x_wconf 84' lang='lat' dir='ltr'>alterinup-</span> 
     </span>
     <span class='ocr_line' id='line_1_47' title="bbox 223 2551 921 2593; baseline 0.003 -12"><span class='ocrx_word' id='word_1_221' title='bbox 223 2556 290 2582; x_wconf 89' lang='lat' dir='ltr'>tam</span> <span class='ocrx_word' id='word_1_222' title='bbox 333 2551 480 2591; x_wconf 88' lang='lat' dir='ltr'>amabat,</span> <span class='ocrx_word' id='word_1_223' title='bbox 519 2558 592 2583; x_wconf 86' lang='lat' dir='ltr'>erat</span> <span class='ocrx_word' id='word_1_224' title='bbox 631 2552 719 2593; x_wconf 88' lang='lat' dir='ltr'>quod</span> <span class='ocrx_word' id='word_1_225' title='bbox 750 2551 921 2583; x_wconf 82' lang='lat' dir='ltr'>foeminam</span> 
     </span>
     <span class='ocr_line' id='line_1_48' title="bbox 222 2603 921 2644; baseline 0.001 -12"><span class='ocrx_word' id='word_1_226' title='bbox 222 2612 320 2642; x_wconf 85' lang='lat' dir='ltr'>quam</span> <span class='ocrx_word' id='word_1_227' title='bbox 331 2612 448 2633; x_wconf 83' lang='lat' dir='ltr'>secure</span> <span class='ocrx_word' id='word_1_228' title='bbox 461 2603 668 2643; x_wconf 85' lang='lat' dir='ltr'>possidebat,</span> <span class='ocrx_word' id='word_1_229' title='bbox 680 2609 843 2644; x_wconf 85' lang='lat' dir='ltr'>appetere</span> <span class='ocrx_word' id='word_1_230' title='bbox 855 2612 921 2634; x_wconf 89' lang='lat' dir='ltr'>non</span> 
     </span>
     <span class='ocr_line' id='line_1_49' title="bbox 222 2652 568 2691; baseline 0.003 -10"><span class='ocrx_word' id='word_1_231' title='bbox 222 2656 368 2691; x_wconf 86' lang='lat' dir='ltr'>poterat.</span> <span class='ocrx_word' id='word_1_232' title='bbox 413 2652 568 2683; x_wconf 79' lang='lat' dir='ltr'>Rumires.</span> 
     </span>
    </p>

    <p class='ocr_par' dir='ltr' id='par_1_12' title="bbox 225 2701 922 2792">
     <span class='ocr_line' id='line_1_50' title="bbox 268 2701 922 2743; baseline 0.003 -11"><span class='ocrx_word' id='word_1_233' title='bbox 268 2703 372 2733; x_wconf 69' lang='lat' dir='ltr'>Erro.</span> <span class='ocrx_word' id='word_1_234' title='bbox 390 2710 508 2733; x_wconf 74' lang='lat' dir='ltr'>Lxxu.</span> <span class='ocrx_word' id='word_1_235' title='bbox 534 2706 549 2733; x_wconf 89' lang='grc'>1</span> <span class='ocrx_word' id='word_1_236' title='bbox 571 2703 636 2733; x_wconf 70' lang='lat' dir='ltr'>Nec</span> <span class='ocrx_word' id='word_1_237' title='bbox 653 2702 698 2733; x_wconf 74' lang='lat' dir='ltr'>vis</span> <span class='ocrx_word' id='word_1_238' title='bbox 711 2712 839 2743; x_wconf 80' lang='lat' dir='ltr'>mecum,</span> <span class='ocrx_word' id='word_1_239' title='bbox 852 2701 922 2742; x_wconf 56' lang='lat' dir='ltr'>Sym]</span> 
     </span>
     <span class='ocr_line' id='line_1_51' title="bbox 225 2751 525 2792; baseline 0.007 -11"><span class='ocrx_word' id='word_1_240' title='bbox 225 2751 334 2792; x_wconf 78' lang='lat' dir='ltr'>Supra</span> <span class='ocrx_word' id='word_1_241' title='bbox 352 2753 458 2792; x_wconf 80' lang='lat' dir='ltr'>epigr.</span> <span class='ocrx_word' id='word_1_242' title='bbox 472 2756 525 2783; x_wconf 87' lang='lat'>50.</span> 
     </span>
    </p>
   </div>
   <div class='ocr_carea' id='block_1_3' title="bbox 705 181 1229 213">
    <p class='ocr_par' dir='ltr' id='par_1_13' title="bbox 705 181 1229 213">
     <span class='ocr_line' id='line_1_52' title="bbox 705 181 1229 213; baseline -0.002 -1"><span class='ocrx_word' id='word_1_243' title='bbox 705 182 844 212; x_wconf 82' lang='lat' dir='ltr'><strong>NOTAE</strong></span> <span class='ocrx_word' id='word_1_244' title='bbox 879 181 1101 213; x_wconf 76' lang='lat' dir='ltr'>VARIORU</span> <span class='ocrx_word' id='word_1_245' title='bbox 1113 183 1143 211; x_wconf 82' lang='lat' dir='ltr'><strong>M</strong></span> <span class='ocrx_word' id='word_1_246' title='bbox 1180 182 1229 212; x_wconf 86' lang='lat' dir='ltr'>IN</span> 
     </span>
    </p>
   </div>
   <div class='ocr_carea' id='block_1_4' title="bbox 963 277 1695 2787">
    <p class='ocr_par' dir='ltr' id='par_1_14' title="bbox 987 277 1693 369">
     <span class='ocr_line' id='line_1_53' title="bbox 1031 277 1693 319; baseline 0 -9"><span class='ocrx_word' id='word_1_247' title='bbox 1031 282 1049 309; x_wconf 86' lang='lat'><strong>3</strong></span> <span class='ocrx_word' id='word_1_248' title='bbox 1075 279 1231 310; x_wconf 76' lang='lat' dir='ltr'>Pannosoe</span> <span class='ocrx_word' id='word_1_249' title='bbox 1241 279 1386 318; x_wconf 82' lang='lat' dir='ltr'>pendent,</span> <span class='ocrx_word' id='word_1_250' title='bbox 1401 277 1468 318; x_wconf 56' lang='lat' dir='ltr'>Cyon]</span> <span class='ocrx_word' id='word_1_251' title='bbox 1484 278 1693 319; x_wconf 85' lang='lat' dir='ltr'>Pannuceae,</span> 
     </span>
     <span class='ocr_line' id='line_1_54' title="bbox 987 330 1245 369; baseline 0 -9"><span class='ocrx_word' id='word_1_252' title='bbox 987 330 1245 369; x_wconf 71' lang='lat' dir='ltr'>1axae‚rugosae.</span> 
     </span>
    </p>

    <p class='ocr_par' dir='ltr' id='par_1_15' title="bbox 988 378 1694 471">
     <span class='ocr_line' id='line_1_55' title="bbox 1030 378 1694 419; baseline 0 -9"><span class='ocrx_word' id='word_1_253' title='bbox 1030 384 1047 410; x_wconf 90' lang='lat'><strong><em>5</em></strong></span> <span class='ocrx_word' id='word_1_254' title='bbox 1071 380 1190 419; x_wconf 82' lang='lat' dir='ltr'>Inguen</span> <span class='ocrx_word' id='word_1_255' title='bbox 1214 378 1317 419; x_wconf 79' lang='lat' dir='ltr'>hiatu]</span> <span class='ocrx_word' id='word_1_256' title='bbox 1350 378 1545 419; x_wconf 85' lang='lat' dir='ltr'>Nympham</span> <span class='ocrx_word' id='word_1_257' title='bbox 1571 383 1607 410; x_wconf 89' lang='lat' dir='ltr'>et</span> <span class='ocrx_word' id='word_1_258' title='bbox 1636 388 1694 410; x_wconf 89' lang='lat' dir='ltr'>eu·</span> 
     </span>
     <span class='ocr_line' id='line_1_56' title="bbox 988 432 1232 471; baseline -0.004 -10"><span class='ocrx_word' id='word_1_259' title='bbox 988 432 1077 471; x_wconf 79' lang='lat' dir='ltr'>gium</span> <span class='ocrx_word' id='word_1_260' title='bbox 1097 438 1232 461; x_wconf 88' lang='lat' dir='ltr'>vocant.</span> 
     </span>
    </p>

    <p class='ocr_par' dir='ltr' id='par_1_16' title="bbox 988 478 1694 570">
     <span class='ocr_line' id='line_1_57' title="bbox 1030 478 1694 520; baseline -0.002 -9"><span class='ocrx_word' id='word_1_261' title='bbox 1030 484 1048 511; x_wconf 88' lang='grc'>7</span> <span class='ocrx_word' id='word_1_262' title='bbox 1073 480 1136 511; x_wconf 86' lang='lat' dir='ltr'>Sed</span> <span class='ocrx_word' id='word_1_263' title='bbox 1151 480 1243 518; x_wconf 81' lang='lat' dir='ltr'>nihil,</span> <span class='ocrx_word' id='word_1_264' title='bbox 1257 479 1326 520; x_wconf 61' lang='lat' dir='ltr'>Esau]</span> <span class='ocrx_word' id='word_1_265' title='bbox 1351 478 1449 512; x_wconf 81' lang='lat' dir='ltr'>Quod</span> <span class='ocrx_word' id='word_1_266' title='bbox 1478 479 1504 509; x_wconf 91' lang='lat' dir='ltr'>si</span> <span class='ocrx_word' id='word_1_267' title='bbox 1530 479 1612 510; x_wconf 83' lang='lat' dir='ltr'>nihil</span> <span class='ocrx_word' id='word_1_268' title='bbox 1634 480 1694 510; x_wconf 88' lang='lat' dir='ltr'>ho-</span> 
     </span>
     <span class='ocr_line' id='line_1_58' title="bbox 988 530 1647 570; baseline 0.002 -9"><span class='ocrx_word' id='word_1_269' title='bbox 988 541 1060 562; x_wconf 85' lang='lat' dir='ltr'>rum</span> <span class='ocrx_word' id='word_1_270' title='bbox 1078 531 1134 570; x_wconf 91' lang='lat' dir='ltr'>sit,</span> <span class='ocrx_word' id='word_1_271' title='bbox 1150 531 1209 562; x_wconf 89' lang='lat' dir='ltr'>sed</span> <span class='ocrx_word' id='word_1_272' title='bbox 1228 531 1330 569; x_wconf 82' lang='lat' dir='ltr'>nuda,</span> <span class='ocrx_word' id='word_1_273' title='bbox 1349 530 1492 570; x_wconf 86' lang='lat' dir='ltr'>pulchra</span> <span class='ocrx_word' id='word_1_274' title='bbox 1510 530 1568 568; x_wconf 85' lang='lat' dir='ltr'>sis,</span> <span class='ocrx_word' id='word_1_275' title='bbox 1584 532 1647 562; x_wconf 73' lang='grc' dir='ltr'>διε.</span> 
     </span>
    </p>

    <p class='ocr_par' dir='ltr' id='par_1_17' title="bbox 986 580 1688 662">
     <span class='ocr_line' id='line_1_59' title="bbox 1030 580 1688 622; baseline 0.002 -10"><span class='ocrx_word' id='word_1_276' title='bbox 1030 582 1284 612; x_wconf 67' lang='lat' dir='ltr'>EP15.1,xX111.</span> <span class='ocrx_word' id='word_1_277' title='bbox 1308 583 1325 611; x_wconf 93' lang='grc'>1</span> <span class='ocrx_word' id='word_1_278' title='bbox 1350 580 1491 621; x_wconf 74' lang='lat' dir='ltr'>Dormis,</span> <span class='ocrx_word' id='word_1_279' title='bbox 1516 580 1586 621; x_wconf 61' lang='grc' dir='ltr'>εμπ]</span> <span class='ocrx_word' id='word_1_280' title='bbox 1621 582 1688 622; x_wconf 88' lang='lat' dir='ltr'>Ep.</span> 
     </span>
     <span class='ocr_line' id='line_1_60' title="bbox 986 632 1175 662; baseline 0.005 -1"><span class='ocrx_word' id='word_1_281' title='bbox 986 634 1040 662; x_wconf 72' lang='lat'>24.</span> <span class='ocrx_word' id='word_1_282' title='bbox 1066 632 1126 662; x_wconf 84' lang='lat' dir='ltr'>lib.</span> <span class='ocrx_word' id='word_1_283' title='bbox 1146 634 1175 662; x_wconf 91' lang='lat'>1.</span> 
     </span>
    </p>

    <p class='ocr_par' dir='ltr' id='par_1_18' title="bbox 985 680 1692 872">
     <span class='ocr_line' id='line_1_61' title="bbox 1029 680 1692 720; baseline 0.003 -9"><span class='ocrx_word' id='word_1_284' title='bbox 1029 685 1047 711; x_wconf 87' lang='grc'><strong><em>5</em></strong></span> <span class='ocrx_word' id='word_1_285' title='bbox 1074 681 1194 712; x_wconf 78' lang='lat' dir='ltr'>Rumor</span> <span class='ocrx_word' id='word_1_286' title='bbox 1223 683 1318 719; x_wconf 80' lang='lat' dir='ltr'>negat</span> <span class='ocrx_word' id='word_1_287' title='bbox 1348 680 1427 720; x_wconf 83' lang='lat' dir='ltr'>esse]</span> <span class='ocrx_word' id='word_1_288' title='bbox 1447 680 1600 712; x_wconf 90' lang='lat' dir='ltr'>Verbum</span> <span class='ocrx_word' id='word_1_289' title='bbox 1628 681 1692 713; x_wconf 87' lang='lat' dir='ltr'>hoc</span> 
     </span>
     <span class='ocr_line' id='line_1_62' title="bbox 985 731 1692 763; baseline 0.003 -2"><span class='ocrx_word' id='word_1_290' title='bbox 985 732 1073 762; x_wconf 87' lang='lat' dir='ltr'>male</span> <span class='ocrx_word' id='word_1_291' title='bbox 1093 732 1163 762; x_wconf 89' lang='lat' dir='ltr'>olet</span> <span class='ocrx_word' id='word_1_292' title='bbox 1193 732 1472 762; x_wconf 87' lang='lat' dir='ltr'>Paronomasiam</span> <span class='ocrx_word' id='word_1_293' title='bbox 1498 731 1692 763; x_wconf 83' lang='lat' dir='ltr'>obscoenam</span> 
     </span>
     <span class='ocr_line' id='line_1_63' title="bbox 987 781 1692 822; baseline 0.003 -11"><span class='ocrx_word' id='word_1_294' title='bbox 987 781 1096 821; x_wconf 84' lang='lat' dir='ltr'>epigr.</span> <span class='ocrx_word' id='word_1_295' title='bbox 1118 784 1174 812; x_wconf 85' lang='lat'>72.</span> <span class='ocrx_word' id='word_1_296' title='bbox 1210 782 1231 813; x_wconf 89' lang='lat'>1.</span> <span class='ocrx_word' id='word_1_297' title='bbox 1248 785 1280 813; x_wconf 85' lang='lat'>2.</span> <span class='ocrx_word' id='word_1_298' title='bbox 1318 791 1405 812; x_wconf 85' lang='lat' dir='ltr'>vers.</span> <span class='ocrx_word' id='word_1_299' title='bbox 1430 785 1459 813; x_wconf 91' lang='lat'>1.</span> <span class='ocrx_word' id='word_1_300' title='bbox 1514 783 1692 822; x_wconf 78' lang='lat' dir='ltr'>Cinoeclum]</span> 
     </span>
     <span class='ocr_line' id='line_1_64' title="bbox 985 831 1628 872; baseline 0.003 -11"><span class='ocrx_word' id='word_1_301' title='bbox 985 831 1165 862; x_wconf 80' lang='lat' dir='ltr'>Pathicum</span> <span class='ocrx_word' id='word_1_302' title='bbox 1189 833 1317 871; x_wconf 86' lang='lat' dir='ltr'>potins,</span> <span class='ocrx_word' id='word_1_303' title='bbox 1333 833 1387 862; x_wconf 85' lang='lat' dir='ltr'>vel</span> <span class='ocrx_word' id='word_1_304' title='bbox 1404 831 1628 872; x_wconf 77' lang='grc' dir='ltr'>φοινικίζοντα.</span> 
     </span>
    </p>

    <p class='ocr_par' dir='ltr' id='par_1_19' title="bbox 975 882 1695 2041">
     <span class='ocr_line' id='line_1_65' title="bbox 1028 882 1693 923; baseline 0.005 -12"><span class='ocrx_word' id='word_1_305' title='bbox 1028 882 1134 912; x_wconf 72' lang='lat' dir='ltr'>Eme.</span> <span class='ocrx_word' id='word_1_306' title='bbox 1152 890 1277 913; x_wconf 77' lang='lat' dir='ltr'>Lxxw.</span> <span class='ocrx_word' id='word_1_307' title='bbox 1320 885 1337 912; x_wconf 93' lang='grc'>1</span> <span class='ocrx_word' id='word_1_308' title='bbox 1364 883 1534 922; x_wconf 72' lang='grc' dir='ltr'><em>ΡείἱοτΙινο,</em></span> <span class='ocrx_word' id='word_1_309' title='bbox 1564 884 1693 923; x_wconf 80' lang='lat' dir='ltr'>dropace</span> 
     </span>
     <span class='ocr_line' id='line_1_66' title="bbox 985 930 1695 973; baseline 0.004 -12"><span class='ocrx_word' id='word_1_310' title='bbox 985 930 1118 970; x_wconf 74' lang='lat' dir='ltr'>calvam]</span> <span class='ocrx_word' id='word_1_311' title='bbox 1143 931 1323 970; x_wconf 85' lang='lat' dir='ltr'>Ingeniose</span> <span class='ocrx_word' id='word_1_312' title='bbox 1340 931 1529 963; x_wconf 87' lang='lat' dir='ltr'>fellatorem</span> <span class='ocrx_word' id='word_1_313' title='bbox 1548 932 1695 973; x_wconf 87' lang='lat' dir='ltr'>Gargili-</span> 
     </span>
     <span class='ocr_line' id='line_1_67' title="bbox 984 981 1691 1022; baseline 0.004 -11"><span class='ocrx_word' id='word_1_314' title='bbox 984 991 1083 1012; x_wconf 84' lang='lat' dir='ltr'>anum</span> <span class='ocrx_word' id='word_1_315' title='bbox 1101 981 1312 1021; x_wconf 83' lang='lat' dir='ltr'>perstringit,</span> <span class='ocrx_word' id='word_1_316' title='bbox 1328 982 1417 1022; x_wconf 89' lang='lat' dir='ltr'>quod</span> <span class='ocrx_word' id='word_1_317' title='bbox 1435 981 1558 1013; x_wconf 89' lang='lat' dir='ltr'>faciem</span> <span class='ocrx_word' id='word_1_318' title='bbox 1574 988 1610 1014; x_wconf 90' lang='lat' dir='ltr'>et</span> <span class='ocrx_word' id='word_1_319' title='bbox 1625 983 1691 1014; x_wconf 89' lang='lat' dir='ltr'>cal-</span> 
     </span>
     <span class='ocr_line' id='line_1_68' title="bbox 985 1031 1692 1073; baseline 0.004 -12"><span class='ocrx_word' id='word_1_320' title='bbox 985 1041 1062 1062; x_wconf 87' lang='lat' dir='ltr'>vam</span> <span class='ocrx_word' id='word_1_321' title='bbox 1104 1031 1226 1062; x_wconf 85' lang='lat' dir='ltr'>resinis</span> <span class='ocrx_word' id='word_1_322' title='bbox 1263 1031 1466 1072; x_wconf 87' lang='lat' dir='ltr'>quibusdam</span> <span class='ocrx_word' id='word_1_323' title='bbox 1507 1032 1692 1073; x_wconf 88' lang='lat' dir='ltr'>depilaret.</span> 
     </span>
     <span class='ocr_line' id='line_1_69' title="bbox 984 1081 1692 1123; baseline 0.001 -10"><span class='ocrx_word' id='word_1_324' title='bbox 984 1083 1182 1114; x_wconf 79' lang='lat' dir='ltr'>Psilothrum</span> <span class='ocrx_word' id='word_1_325' title='bbox 1210 1088 1245 1113; x_wconf 91' lang='lat' dir='ltr'>et</span> <span class='ocrx_word' id='word_1_326' title='bbox 1273 1083 1406 1123; x_wconf 73' lang='lat' dir='ltr'>dropax,</span> <span class='ocrx_word' id='word_1_327' title='bbox 1440 1081 1692 1114; x_wconf 89' lang='lat' dir='ltr'>medicamenta</span> 
     </span>
     <span class='ocr_line' id='line_1_70' title="bbox 985 1132 1692 1173; baseline 0.001 -10"><span class='ocrx_word' id='word_1_328' title='bbox 985 1138 1065 1163; x_wconf 89' lang='lat' dir='ltr'>sunt</span> <span class='ocrx_word' id='word_1_329' title='bbox 1098 1132 1340 1173; x_wconf 82' lang='lat' dir='ltr'>deglubatoria</span> <span class='ocrx_word' id='word_1_330' title='bbox 1365 1132 1436 1164; x_wconf 84' lang='lat' dir='ltr'>sive</span> <span class='ocrx_word' id='word_1_331' title='bbox 1471 1133 1692 1173; x_wconf 90' lang='lat' dir='ltr'>depilatoria,</span> 
     </span>
     <span class='ocr_line' id='line_1_71' title="bbox 984 1183 1690 1225; baseline 0.001 -11"><span class='ocrx_word' id='word_1_332' title='bbox 984 1184 1105 1225; x_wconf 88' lang='lat' dir='ltr'>quibus</span> <span class='ocrx_word' id='word_1_333' title='bbox 1120 1184 1230 1224; x_wconf 88' lang='lat' dir='ltr'>pilosa</span> <span class='ocrx_word' id='word_1_334' title='bbox 1247 1184 1322 1214; x_wconf 84' lang='lat' dir='ltr'>loca</span> <span class='ocrx_word' id='word_1_335' title='bbox 1333 1183 1374 1214; x_wconf 88' lang='lat' dir='ltr'>ad</span> <span class='ocrx_word' id='word_1_336' title='bbox 1390 1187 1525 1224; x_wconf 84' lang='lat' dir='ltr'>tempus</span> <span class='ocrx_word' id='word_1_337' title='bbox 1537 1184 1636 1215; x_wconf 84' lang='lat' dir='ltr'>laevia</span> <span class='ocrx_word' id='word_1_338' title='bbox 1650 1193 1690 1215; x_wconf 91' lang='lat' dir='ltr'>ac</span> 
     </span>
     <span class='ocr_line' id='line_1_72' title="bbox 983 1235 1692 1278; baseline 0.001 -12"><span class='ocrx_word' id='word_1_339' title='bbox 983 1236 1100 1276; x_wconf 85' lang='lat' dir='ltr'>glabra</span> <span class='ocrx_word' id='word_1_340' title='bbox 1115 1235 1361 1267; x_wconf 83' lang='lat' dir='ltr'>reddebantur.</span> <span class='ocrx_word' id='word_1_341' title='bbox 1384 1236 1468 1267; x_wconf 89' lang='lat' dir='ltr'>Tum</span> <span class='ocrx_word' id='word_1_342' title='bbox 1484 1241 1586 1267; x_wconf 86' lang='lat' dir='ltr'>antea</span> <span class='ocrx_word' id='word_1_343' title='bbox 1599 1237 1692 1278; x_wconf 85' lang='lat' dir='ltr'>lege—</span> 
     </span>
     <span class='ocr_line' id='line_1_73' title="bbox 985 1287 1690 1328; baseline 0.003 -11"><span class='ocrx_word' id='word_1_344' title='bbox 985 1287 1096 1325; x_wconf 84' lang='lat' dir='ltr'>batur,</span> <span class='ocrx_word' id='word_1_345' title='bbox 1120 1287 1305 1327; x_wconf 81' lang='lat' dir='ltr'>Faciemque</span> <span class='ocrx_word' id='word_1_346' title='bbox 1321 1288 1419 1318; x_wconf 82' lang='lat' dir='ltr'>laraS.</span> <span class='ocrx_word' id='word_1_347' title='bbox 1466 1287 1571 1318; x_wconf 85' lang='lat' dir='ltr'>Certe</span> <span class='ocrx_word' id='word_1_348' title='bbox 1588 1288 1690 1328; x_wconf 86' lang='lat' dir='ltr'>psilo-</span> 
     </span>
     <span class='ocr_line' id='line_1_74' title="bbox 984 1338 1691 1379; baseline 0.003 -11"><span class='ocrx_word' id='word_1_349' title='bbox 984 1338 1059 1369; x_wconf 83' lang='lat' dir='ltr'>thro</span> <span class='ocrx_word' id='word_1_350' title='bbox 1086 1348 1152 1370; x_wconf 91' lang='lat' dir='ltr'>non</span> <span class='ocrx_word' id='word_1_351' title='bbox 1180 1338 1359 1369; x_wconf 85' lang='lat' dir='ltr'>lavabatur</span> <span class='ocrx_word' id='word_1_352' title='bbox 1385 1338 1503 1379; x_wconf 78' lang='lat' dir='ltr'>facies,</span> <span class='ocrx_word' id='word_1_353' title='bbox 1522 1338 1582 1370; x_wconf 84' lang='lat' dir='ltr'>sed</span> <span class='ocrx_word' id='word_1_354' title='bbox 1600 1340 1691 1370; x_wconf 89' lang='lat' dir='ltr'>leva·</span> 
     </span>
     <span class='ocr_line' id='line_1_75' title="bbox 985 1388 1691 1430; baseline 0.003 -11"><span class='ocrx_word' id='word_1_355' title='bbox 985 1388 1097 1428; x_wconf 87' lang='lat' dir='ltr'>batur,</span> <span class='ocrx_word' id='word_1_356' title='bbox 1126 1389 1161 1420; x_wconf 95' lang='lat' dir='ltr'>id</span> <span class='ocrx_word' id='word_1_357' title='bbox 1194 1394 1260 1428; x_wconf 85' lang='lat' dir='ltr'>est,</span> <span class='ocrx_word' id='word_1_358' title='bbox 1295 1389 1522 1430; x_wconf 86' lang='lat' dir='ltr'>levigabatur.</span> <span class='ocrx_word' id='word_1_359' title='bbox 1566 1389 1621 1421; x_wconf 84' lang='lat' dir='ltr'>Ita</span> <span class='ocrx_word' id='word_1_360' title='bbox 1651 1395 1691 1421; x_wconf 90' lang='lat' dir='ltr'>ut</span> 
     </span>
     <span class='ocr_line' id='line_1_76' title="bbox 983 1440 1691 1481; baseline 0.001 -11"><span class='ocrx_word' id='word_1_361' title='bbox 983 1440 1155 1470; x_wconf 89' lang='lat' dir='ltr'>Ausonius</span> <span class='ocrx_word' id='word_1_362' title='bbox 1182 1440 1225 1471; x_wconf 89' lang='lat' dir='ltr'>ad</span> <span class='ocrx_word' id='word_1_363' title='bbox 1255 1441 1343 1471; x_wconf 89' lang='lat' dir='ltr'>hunc</span> <span class='ocrx_word' id='word_1_364' title='bbox 1364 1441 1476 1472; x_wconf 88' lang='lat' dir='ltr'>locum</span> <span class='ocrx_word' id='word_1_365' title='bbox 1494 1441 1612 1481; x_wconf 89' lang='lat' dir='ltr'>procul</span> <span class='ocrx_word' id='word_1_366' title='bbox 1629 1440 1691 1472; x_wconf 92' lang='lat' dir='ltr'>du-</span> 
     </span>
     <span class='ocr_line' id='line_1_77' title="bbox 983 1490 1691 1532; baseline 0.001 -11"><span class='ocrx_word' id='word_1_367' title='bbox 983 1490 1038 1521; x_wconf 90' lang='lat' dir='ltr'>bio</span> <span class='ocrx_word' id='word_1_368' title='bbox 1066 1491 1273 1532; x_wconf 83' lang='lat' dir='ltr'>respexerit,</span> <span class='ocrx_word' id='word_1_369' title='bbox 1308 1491 1416 1531; x_wconf 83' lang='lat' dir='ltr'>epigr.</span> <span class='ocrx_word' id='word_1_370' title='bbox 1435 1499 1569 1522; x_wconf 79' lang='lat' dir='ltr'>cxxu1.</span> <span class='ocrx_word' id='word_1_371' title='bbox 1607 1492 1616 1508; x_wconf 92' lang='lat'>‘</span> <span class='ocrx_word' id='word_1_372' title='bbox 1634 1492 1691 1522; x_wconf 90' lang='lat' dir='ltr'>In-</span> 
     </span>
     <span class='ocr_line' id='line_1_78' title="bbox 981 1543 1689 1584; baseline 0.003 -11"><span class='ocrx_word' id='word_1_373' title='bbox 981 1543 1083 1583; x_wconf 85' lang='lat' dir='ltr'>guina</span> <span class='ocrx_word' id='word_1_374' title='bbox 1101 1543 1189 1584; x_wconf 89' lang='lat' dir='ltr'>quod</span> <span class='ocrx_word' id='word_1_375' title='bbox 1207 1544 1318 1575; x_wconf 86' lang='lat' dir='ltr'>calido</span> <span class='ocrx_word' id='word_1_376' title='bbox 1336 1545 1430 1575; x_wconf 86' lang='lat' dir='ltr'>levas</span> <span class='ocrx_word' id='word_1_377' title='bbox 1446 1543 1509 1575; x_wconf 85' lang='lat' dir='ltr'>tibi</span> <span class='ocrx_word' id='word_1_378' title='bbox 1526 1544 1689 1584; x_wconf 87' lang='lat' dir='ltr'>dropace,</span> 
     </span>
     <span class='ocr_line' id='line_1_79' title="bbox 982 1593 1689 1624; baseline 0.001 -1"><span class='ocrx_word' id='word_1_379' title='bbox 982 1602 1084 1623; x_wconf 87' lang='lat' dir='ltr'>causa</span> <span class='ocrx_word' id='word_1_380' title='bbox 1098 1598 1167 1624; x_wconf 87' lang='lat' dir='ltr'>est:</span> <span class='ocrx_word' id='word_1_381' title='bbox 1193 1593 1338 1624; x_wconf 88' lang='lat' dir='ltr'>Irritant</span> <span class='ocrx_word' id='word_1_382' title='bbox 1354 1594 1464 1624; x_wconf 84' lang='lat' dir='ltr'>volsas</span> <span class='ocrx_word' id='word_1_383' title='bbox 1480 1593 1568 1624; x_wconf 84' lang='lat' dir='ltr'>levia</span> <span class='ocrx_word' id='word_1_384' title='bbox 1584 1603 1689 1624; x_wconf 84' lang='lat' dir='ltr'>mem·</span> 
     </span>
     <span class='ocr_line' id='line_1_80' title="bbox 981 1643 1689 1685; baseline 0.001 -11"><span class='ocrx_word' id='word_1_385' title='bbox 981 1643 1039 1674; x_wconf 80' lang='lat' dir='ltr'>bra</span> <span class='ocrx_word' id='word_1_386' title='bbox 1055 1643 1174 1684; x_wconf 80' lang='lat' dir='ltr'>lupas.&#39;</span> <span class='ocrx_word' id='word_1_387' title='bbox 1220 1644 1381 1675; x_wconf 86' lang='lat' dir='ltr'>Mulieres</span> <span class='ocrx_word' id='word_1_388' title='bbox 1398 1644 1430 1674; x_wconf 91' lang='lat' dir='ltr'>in</span> <span class='ocrx_word' id='word_1_389' title='bbox 1453 1644 1585 1675; x_wconf 89' lang='lat' dir='ltr'>balneis</span> <span class='ocrx_word' id='word_1_390' title='bbox 1603 1654 1689 1685; x_wconf 74' lang='lat' dir='ltr'>prae-</span> 
     </span>
     <span class='ocr_line' id='line_1_81' title="bbox 980 1693 1682 1734; baseline 0.003 -11"><span class='ocrx_word' id='word_1_391' title='bbox 980 1693 1081 1734; x_wconf 87' lang='lat' dir='ltr'>cipue</span> <span class='ocrx_word' id='word_1_392' title='bbox 1095 1694 1260 1734; x_wconf 84' lang='lat' dir='ltr'>psilothro</span> <span class='ocrx_word' id='word_1_393' title='bbox 1277 1694 1496 1726; x_wconf 83' lang='lat' dir='ltr'>curabantur.</span> <span class='ocrx_word' id='word_1_394' title='bbox 1533 1695 1603 1726; x_wconf 91' lang='lat' dir='ltr'>Per</span> <span class='ocrx_word' id='word_1_395' title='bbox 1619 1696 1682 1726; x_wconf 81' lang='lat' dir='ltr'>cal-</span> 
     </span>
     <span class='ocr_line' id='line_1_82' title="bbox 978 1745 1680 1786; baseline 0.001 -12"><span class='ocrx_word' id='word_1_396' title='bbox 978 1754 1047 1775; x_wconf 76' lang='lat' dir='ltr'>tam</span> <span class='ocrx_word' id='word_1_397' title='bbox 1062 1746 1222 1786; x_wconf 86' lang='lat' dir='ltr'>intelligit</span> <span class='ocrx_word' id='word_1_398' title='bbox 1237 1745 1420 1776; x_wconf 86' lang='lat' dir='ltr'>calvariam</span> <span class='ocrx_word' id='word_1_399' title='bbox 1433 1754 1491 1775; x_wconf 88' lang='lat' dir='ltr'>seu</span> <span class='ocrx_word' id='word_1_400' title='bbox 1505 1745 1657 1776; x_wconf 90' lang='lat' dir='ltr'>cranium</span> <span class='ocrx_word' id='word_1_401' title='bbox 1671 1756 1680 1776; x_wconf 73' lang='grc' dir='ltr'>ε</span> 
     </span>
     <span class='ocr_line' id='line_1_83' title="bbox 978 1797 1684 1838; baseline 0 -10"><span class='ocrx_word' id='word_1_402' title='bbox 978 1806 1104 1836; x_wconf 84' lang='lat' dir='ltr'>paucos</span> <span class='ocrx_word' id='word_1_403' title='bbox 1121 1798 1212 1828; x_wconf 89' lang='lat' dir='ltr'>enim</span> <span class='ocrx_word' id='word_1_404' title='bbox 1229 1798 1315 1838; x_wconf 90' lang='lat' dir='ltr'>pilos</span> <span class='ocrx_word' id='word_1_405' title='bbox 1332 1797 1537 1838; x_wconf 84' lang='lat' dir='ltr'>superstites</span> <span class='ocrx_word' id='word_1_406' title='bbox 1554 1797 1599 1828; x_wconf 91' lang='lat' dir='ltr'>ibi</span> <span class='ocrx_word' id='word_1_407' title='bbox 1617 1807 1684 1828; x_wconf 86' lang='lat' dir='ltr'>non</span> 
     </span>
     <span class='ocr_line' id='line_1_84' title="bbox 977 1847 1685 1890; baseline 0.003 -12"><span class='ocrx_word' id='word_1_408' title='bbox 977 1847 1109 1880; x_wconf 86' lang='lat' dir='ltr'>ferebat</span> <span class='ocrx_word' id='word_1_409' title='bbox 1133 1849 1369 1889; x_wconf 83' lang='lat' dir='ltr'>Gargilianus;</span> <span class='ocrx_word' id='word_1_410' title='bbox 1406 1849 1611 1890; x_wconf 84' lang='lat' dir='ltr'>volebatque</span> <span class='ocrx_word' id='word_1_411' title='bbox 1637 1851 1685 1880; x_wconf 88' lang='lat' dir='ltr'>ni-</span> 
     </span>
     <span class='ocr_line' id='line_1_85' title="bbox 977 1898 1682 1937; baseline 0.004 -9"><span class='ocrx_word' id='word_1_412' title='bbox 977 1898 1082 1928; x_wconf 86' lang='lat' dir='ltr'>tidam</span> <span class='ocrx_word' id='word_1_413' title='bbox 1099 1898 1235 1930; x_wconf 88' lang='lat' dir='ltr'>omnino</span> <span class='ocrx_word' id='word_1_414' title='bbox 1248 1907 1323 1929; x_wconf 87' lang='lat' dir='ltr'>esse</span> <span class='ocrx_word' id='word_1_415' title='bbox 1340 1899 1483 1937; x_wconf 89' lang='lat' dir='ltr'>calvam,</span> <span class='ocrx_word' id='word_1_416' title='bbox 1509 1899 1588 1930; x_wconf 87' lang='lat' dir='ltr'>ideo</span> <span class='ocrx_word' id='word_1_417' title='bbox 1605 1900 1682 1931; x_wconf 90' lang='lat' dir='ltr'>dro-</span> 
     </span>
     <span class='ocr_line' id='line_1_86' title="bbox 976 1948 1677 1990; baseline 0.003 -12"><span class='ocrx_word' id='word_1_418' title='bbox 976 1957 1061 1988; x_wconf 87' lang='lat' dir='ltr'>pace</span> <span class='ocrx_word' id='word_1_419' title='bbox 1079 1949 1249 1980; x_wconf 86' lang='lat' dir='ltr'>utebatur.</span> <span class='ocrx_word' id='word_1_420' title='bbox 1273 1949 1407 1980; x_wconf 81' lang='lat' dir='ltr'>Herald.</span> <span class='ocrx_word' id='word_1_421' title='bbox 1452 1948 1569 1990; x_wconf 87' lang='lat' dir='ltr'>Epigr.</span> <span class='ocrx_word' id='word_1_422' title='bbox 1583 1952 1637 1982; x_wconf 84' lang='lat'>29.</span> <span class='ocrx_word' id='word_1_423' title='bbox 1654 1951 1677 1981; x_wconf 92' lang='lat' dir='ltr'>l.</span> 
     </span>
     <span class='ocr_line' id='line_1_87' title="bbox 975 2000 1511 2041; baseline 0.002 -11"><span class='ocrx_word' id='word_1_424' title='bbox 975 2001 1008 2031; x_wconf 86' lang='lat'>2.</span> <span class='ocrx_word' id='word_1_425' title='bbox 1030 2009 1116 2030; x_wconf 87' lang='lat' dir='ltr'>vers.</span> <span class='ocrx_word' id='word_1_426' title='bbox 1139 2003 1169 2031; x_wconf 85' lang='lat'>6.</span> <span class='ocrx_word' id='word_1_427' title='bbox 1210 2000 1329 2040; x_wconf 81' lang='lat' dir='ltr'>Levas]</span> <span class='ocrx_word' id='word_1_428' title='bbox 1354 2000 1511 2041; x_wconf 84' lang='lat' dir='ltr'>Levigas.</span> 
     </span>
    </p>

    <p class='ocr_par' dir='ltr' id='par_1_20' title="bbox 973 2050 1684 2243">
     <span class='ocr_line' id='line_1_88' title="bbox 1018 2050 1682 2092; baseline 0.002 -11"><span class='ocrx_word' id='word_1_429' title='bbox 1018 2052 1038 2081; x_wconf 82' lang='lat'>2</span> <span class='ocrx_word' id='word_1_430' title='bbox 1073 2051 1244 2091; x_wconf 79' lang='lat' dir='ltr'>Numquid,</span> <span class='ocrx_word' id='word_1_431' title='bbox 1264 2050 1335 2090; x_wconf 60' lang='lat' dir='ltr'>Cyon]</span> <span class='ocrx_word' id='word_1_432' title='bbox 1360 2051 1533 2092; x_wconf 84' lang='lat' dir='ltr'>Scoptiee.</span> <span class='ocrx_word' id='word_1_433' title='bbox 1567 2050 1618 2082; x_wconf 87' lang='lat' dir='ltr'>An</span> <span class='ocrx_word' id='word_1_434' title='bbox 1648 2057 1682 2083; x_wconf 87' lang='lat' dir='ltr'>tu</span> 
     </span>
     <span class='ocr_line' id='line_1_89' title="bbox 975 2099 1684 2143; baseline 0.003 -12"><span class='ocrx_word' id='word_1_435' title='bbox 975 2099 1066 2132; x_wconf 87' lang='lat' dir='ltr'>forte</span> <span class='ocrx_word' id='word_1_436' title='bbox 1098 2107 1269 2133; x_wconf 88' lang='lat' dir='ltr'>tonsorem</span> <span class='ocrx_word' id='word_1_437' title='bbox 1300 2101 1436 2141; x_wconf 80' lang='lat' dir='ltr'>metuis,</span> <span class='ocrx_word' id='word_1_438' title='bbox 1470 2101 1560 2143; x_wconf 91' lang='lat' dir='ltr'>quod</span> <span class='ocrx_word' id='word_1_439' title='bbox 1596 2101 1684 2134; x_wconf 89' lang='lat' dir='ltr'>fecit</span> 
     </span>
     <span class='ocr_line' id='line_1_90' title="bbox 975 2150 1683 2193; baseline 0.001 -11"><span class='ocrx_word' id='word_1_440' title='bbox 975 2151 1159 2193; x_wconf 86' lang='lat' dir='ltr'>Dionysius</span> <span class='ocrx_word' id='word_1_441' title='bbox 1185 2152 1372 2192; x_wconf 85' lang='lat' dir='ltr'>tyrannus?</span> <span class='ocrx_word' id='word_1_442' title='bbox 1398 2150 1570 2183; x_wconf 83' lang='lat' dir='ltr'>referente</span> <span class='ocrx_word' id='word_1_443' title='bbox 1585 2152 1683 2184; x_wconf 87' lang='lat' dir='ltr'>Cice—</span> 
     </span>
     <span class='ocr_line' id='line_1_91' title="bbox 973 2201 1582 2243; baseline 0.003 -11"><span class='ocrx_word' id='word_1_444' title='bbox 973 2211 1057 2233; x_wconf 87' lang='lat' dir='ltr'>rone</span> <span class='ocrx_word' id='word_1_445' title='bbox 1072 2205 1103 2234; x_wconf 80' lang='lat'>2.</span> <span class='ocrx_word' id='word_1_446' title='bbox 1128 2201 1229 2234; x_wconf 87' lang='lat' dir='ltr'><strong>Offic.</strong></span> <span class='ocrx_word' id='word_1_447' title='bbox 1248 2207 1284 2233; x_wconf 88' lang='lat' dir='ltr'>et</span> <span class='ocrx_word' id='word_1_448' title='bbox 1296 2203 1393 2233; x_wconf 85' lang='lat' dir='ltr'>Tusc.</span> <span class='ocrx_word' id='word_1_449' title='bbox 1411 2206 1531 2243; x_wconf 76' lang='lat' dir='ltr'>quoest.</span> <span class='ocrx_word' id='word_1_450' title='bbox 1549 2206 1582 2234; x_wconf 90' lang='grc'>5.</span> 
     </span>
    </p>

    <p class='ocr_par' dir='ltr' id='par_1_21' title="bbox 963 2252 1683 2496">
     <span class='ocr_line' id='line_1_92' title="bbox 1021 2252 1683 2293; baseline 0 -11"><span class='ocrx_word' id='word_1_451' title='bbox 1021 2254 1040 2282; x_wconf 87' lang='grc'><strong>3</strong></span> <span class='ocrx_word' id='word_1_452' title='bbox 1088 2253 1173 2288; x_wconf 83' lang='lat' dir='ltr'>Quid</span> <span class='ocrx_word' id='word_1_453' title='bbox 1204 2252 1322 2290; x_wconf 74' lang='lat' dir='ltr'>faciem</span> <span class='ocrx_word' id='word_1_454' title='bbox 1359 2253 1490 2293; x_wconf 79' lang='lat' dir='ltr'>tinguis,</span> <span class='ocrx_word' id='word_1_455' title='bbox 1507 2252 1578 2293; x_wconf 49' lang='lat' dir='ltr'>Qu]</span> <span class='ocrx_word' id='word_1_456' title='bbox 1616 2253 1683 2284; x_wconf 88' lang='lat' dir='ltr'>Re.</span> 
     </span>
     <span class='ocr_line' id='line_1_93' title="bbox 971 2303 1677 2345; baseline 0.004 -11"><span class='ocrx_word' id='word_1_457' title='bbox 971 2303 1101 2335; x_wconf 86' lang='lat' dir='ltr'>scribe:</span> <span class='ocrx_word' id='word_1_458' title='bbox 1137 2304 1223 2339; x_wconf 83' lang='lat' dir='ltr'>Quid</span> <span class='ocrx_word' id='word_1_459' title='bbox 1244 2304 1365 2343; x_wconf 79' lang='lat' dir='ltr'>facient</span> <span class='ocrx_word' id='word_1_460' title='bbox 1391 2314 1521 2344; x_wconf 74' lang='lat' dir='ltr'>ungues,</span> <span class='ocrx_word' id='word_1_461' title='bbox 1541 2306 1592 2345; x_wconf 66' lang='grc' dir='ltr'>ὅγε.</span> <span class='ocrx_word' id='word_1_462' title='bbox 1630 2306 1677 2337; x_wconf 91' lang='lat' dir='ltr'>Et</span> 
     </span>
     <span class='ocr_line' id='line_1_94' title="bbox 970 2354 1676 2395; baseline 0.003 -11"><span class='ocrx_word' id='word_1_463' title='bbox 970 2358 1124 2385; x_wconf 87' lang='lat' dir='ltr'>veterum</span> <span class='ocrx_word' id='word_1_464' title='bbox 1150 2364 1244 2385; x_wconf 89' lang='lat' dir='ltr'>more</span> <span class='ocrx_word' id='word_1_465' title='bbox 1263 2354 1442 2395; x_wconf 86' lang='lat' dir='ltr'>praebendi</span> <span class='ocrx_word' id='word_1_466' title='bbox 1458 2365 1586 2395; x_wconf 85' lang='lat' dir='ltr'>ungues</span> <span class='ocrx_word' id='word_1_467' title='bbox 1602 2360 1676 2386; x_wconf 89' lang='lat' dir='ltr'>ton-</span> 
     </span>
     <span class='ocr_line' id='line_1_95' title="bbox 969 2404 1679 2445; baseline 0.003 -11"><span class='ocrx_word' id='word_1_468' title='bbox 969 2404 1036 2435; x_wconf 85' lang='lat' dir='ltr'>sori</span> <span class='ocrx_word' id='word_1_469' title='bbox 1048 2404 1263 2436; x_wconf 63' lang='lat' dir='ltr'>resecandos</span> <span class='ocrx_word' id='word_1_470' title='bbox 1283 2404 1374 2435; x_wconf 88' lang='lat' dir='ltr'>Ante</span> <span class='ocrx_word' id='word_1_471' title='bbox 1387 2404 1582 2445; x_wconf 87' lang='lat' dir='ltr'>legebatur,</span> <span class='ocrx_word' id='word_1_472' title='bbox 1594 2405 1679 2441; x_wconf 72' lang='lat' dir='ltr'>Quid</span> 
     </span>
     <span class='ocr_line' id='line_1_96' title="bbox 963 2452 1454 2496; baseline 0.004 -12"><span class='ocrx_word' id='word_1_473' title='bbox 963 2452 1082 2492; x_wconf 84' lang='lat' dir='ltr'>faciem</span> <span class='ocrx_word' id='word_1_474' title='bbox 1099 2452 1224 2493; x_wconf 73' lang='lat' dir='ltr'>tingis?</span> <span class='ocrx_word' id='word_1_475' title='bbox 1248 2454 1307 2485; x_wconf 87' lang='lat' dir='ltr'>sed</span> <span class='ocrx_word' id='word_1_476' title='bbox 1325 2455 1454 2496; x_wconf 87' lang='lat' dir='ltr'>inepte.</span> 
     </span>
    </p>

    <p class='ocr_par' dir='ltr' id='par_1_22' title="bbox 970 2504 1677 2695">
     <span class='ocr_line' id='line_1_97' title="bbox 1011 2504 1677 2545; baseline 0.005 -12"><span class='ocrx_word' id='word_1_477' title='bbox 1011 2505 1031 2534; x_wconf 89' lang='grc'>4</span> <span class='ocrx_word' id='word_1_478' title='bbox 1055 2504 1186 2544; x_wconf 73' lang='lat' dir='ltr'>Resina]</span> <span class='ocrx_word' id='word_1_479' title='bbox 1227 2504 1387 2545; x_wconf 84' lang='lat' dir='ltr'>Dropace</span> <span class='ocrx_word' id='word_1_480' title='bbox 1420 2505 1474 2535; x_wconf 87' lang='lat' dir='ltr'>vel</span> <span class='ocrx_word' id='word_1_481' title='bbox 1503 2504 1677 2536; x_wconf 81' lang='lat' dir='ltr'>Psilothro</span> 
     </span>
     <span class='ocr_line' id='line_1_98' title="bbox 970 2553 1674 2595; baseline 0.003 -11"><span class='ocrx_word' id='word_1_482' title='bbox 970 2553 1012 2584; x_wconf 91' lang='lat' dir='ltr'>ad</span> <span class='ocrx_word' id='word_1_483' title='bbox 1028 2553 1246 2594; x_wconf 87' lang='lat' dir='ltr'>depilandum</span> <span class='ocrx_word' id='word_1_484' title='bbox 1259 2564 1300 2585; x_wconf 79' lang='lat' dir='ltr'>ex</span> <span class='ocrx_word' id='word_1_485' title='bbox 1311 2554 1433 2586; x_wconf 86' lang='lat' dir='ltr'>resina.</span> <span class='ocrx_word' id='word_1_486' title='bbox 1461 2554 1587 2593; x_wconf 84' lang='lat' dir='ltr'>Veneto,</span> <span class='ocrx_word' id='word_1_487' title='bbox 1604 2554 1674 2595; x_wconf 55' lang='lat' dir='ltr'>Esca]</span> 
     </span>
     <span class='ocr_line' id='line_1_99' title="bbox 971 2604 1672 2637; baseline 0 0"><span class='ocrx_word' id='word_1_488' title='bbox 971 2604 1070 2637; x_wconf 83' lang='lat' dir='ltr'>Quod</span> <span class='ocrx_word' id='word_1_489' title='bbox 1098 2610 1195 2636; x_wconf 87' lang='lat' dir='ltr'>aceto</span> <span class='ocrx_word' id='word_1_490' title='bbox 1221 2606 1360 2637; x_wconf 87' lang='lat' dir='ltr'>mistum</span> <span class='ocrx_word' id='word_1_491' title='bbox 1376 2605 1602 2637; x_wconf 82' lang='lat' dir='ltr'>adhibebatur</span> <span class='ocrx_word' id='word_1_492' title='bbox 1628 2607 1672 2637; x_wconf 87' lang='lat' dir='ltr'>ad</span> 
     </span>
     <span class='ocr_line' id='line_1_100' title="bbox 972 2655 1183 2695; baseline 0.005 -10"><span class='ocrx_word' id='word_1_493' title='bbox 972 2655 1183 2695; x_wconf 85' lang='lat' dir='ltr'>psilothrum.</span> 
     </span>
    </p>

    <p class='ocr_par' dir='ltr' id='par_1_23' title="bbox 970 2705 1674 2787">
     <span class='ocr_line' id='line_1_101' title="bbox 1013 2705 1673 2745; baseline -0.002 -9"><span class='ocrx_word' id='word_1_494' title='bbox 1013 2710 1030 2736; x_wconf 89' lang='lat'>5</span> <span class='ocrx_word' id='word_1_495' title='bbox 1067 2706 1237 2736; x_wconf 72' lang='lat' dir='ltr'>Traducere</span> <span class='ocrx_word' id='word_1_496' title='bbox 1268 2705 1402 2745; x_wconf 76' lang='lat' dir='ltr'>calvam]</span> <span class='ocrx_word' id='word_1_497' title='bbox 1428 2705 1587 2737; x_wconf 89' lang='lat' dir='ltr'>Reddere</span> <span class='ocrx_word' id='word_1_498' title='bbox 1626 2707 1673 2736; x_wconf 85' lang='lat' dir='ltr'>iu-</span> 
     </span>
     <span class='ocr_line' id='line_1_102' title="bbox 970 2754 1674 2787; baseline 0 -1"><span class='ocrx_word' id='word_1_499' title='bbox 970 2754 1093 2787; x_wconf 88' lang='lat' dir='ltr'>famem</span> <span class='ocrx_word' id='word_1_500' title='bbox 1105 2762 1139 2787; x_wconf 86' lang='lat' dir='ltr'>et</span> <span class='ocrx_word' id='word_1_501' title='bbox 1153 2757 1238 2787; x_wconf 86' lang='lat' dir='ltr'>malo</span> <span class='ocrx_word' id='word_1_502' title='bbox 1249 2757 1363 2787; x_wconf 80' lang='lat' dir='ltr'>rumori</span> <span class='ocrx_word' id='word_1_503' title='bbox 1377 2756 1556 2787; x_wconf 79' lang='lat' dir='ltr'>obnoxiam</span> <span class='ocrx_word' id='word_1_504' title='bbox 1570 2767 1577 2786; x_wconf 77' lang='grc' dir='ltr'><strong><em>ε</em></strong></span> <span class='ocrx_word' id='word_1_505' title='bbox 1598 2756 1674 2787; x_wconf 76' lang='lat' dir='ltr'>vide</span> 
     </span>
    </p>
   </div>
  </div>
 </body>
</html>
