<?xml version="1.0" encoding="UTF-8"?>
<!DOCTYPE html PUBLIC "-//W3C//DTD XHTML 1.0 Transitional//EN"
    "http://www.w3.org/TR/xhtml1/DTD/xhtml1-transitional.dtd">
<html xmlns="http://www.w3.org/1999/xhtml" xml:lang="en" lang="en">
 <head>
  <title>
</title>
<meta http-equiv="Content-Type" content="text/html;charset=utf-8" />
  <meta name='ocr-system' content='tesseract 3.04.00' />
  <meta name='ocr-capabilities' content='ocr_page ocr_carea ocr_par ocr_line ocrx_word'/>
</head>
<body>
  <div class='ocr_page' id='page_1' title='image "./epigrammataexedi03martuoft_0052.png"; bbox 0 0 1866 3131; ppageno 0'>
   <div class='ocr_carea' id='block_1_1' title="bbox 239 177 348 217">
    <p class='ocr_par' dir='ltr' id='par_1_1' title="bbox 239 177 348 217">
     <span class='ocr_line' id='line_1_1' title="bbox 239 177 348 217; baseline 0 0"><span class='ocrx_word' id='word_1_1' title='bbox 239 177 348 217; x_wconf 66' lang='lat'>1112</span> 
     </span>
    </p>
   </div>
   <div class='ocr_carea' id='block_1_2' title="bbox 234 273 949 2778">
    <p class='ocr_par' dir='ltr' id='par_1_2' title="bbox 234 273 940 865">
     <span class='ocr_line' id='line_1_2' title="bbox 280 273 939 316; baseline -0.014 -4"><span class='ocrx_word' id='word_1_2' title='bbox 280 284 300 312; x_wconf 82' lang='grc' dir='ltr'><strong>ὃ</strong></span> <span class='ocrx_word' id='word_1_3' title='bbox 325 280 367 310; x_wconf 77' lang='lat' dir='ltr'>Ee</span> <span class='ocrx_word' id='word_1_4' title='bbox 385 287 451 309; x_wconf 83' lang='lat' dir='ltr'>cum</span> <span class='ocrx_word' id='word_1_5' title='bbox 474 287 518 315; x_wconf 78' lang='lat' dir='ltr'>se,</span> <span class='ocrx_word' id='word_1_6' title='bbox 540 276 610 316; x_wconf 61' lang='lat' dir='ltr'>Sym]</span> <span class='ocrx_word' id='word_1_7' title='bbox 648 275 767 306; x_wconf 80' lang='lat' dir='ltr'>Manet</span> <span class='ocrx_word' id='word_1_8' title='bbox 790 275 822 305; x_wconf 90' lang='lat' dir='ltr'>in</span> <span class='ocrx_word' id='word_1_9' title='bbox 848 273 939 304; x_wconf 77' lang='lat' dir='ltr'>Alle-</span> 
     </span>
     <span class='ocr_line' id='line_1_3' title="bbox 235 326 936 370; baseline -0.014 -7"><span class='ocrx_word' id='word_1_10' title='bbox 235 330 344 370; x_wconf 66' lang='lat' dir='ltr'>2goria.</span> <span class='ocrx_word' id='word_1_11' title='bbox 388 329 503 369; x_wconf 85' lang='lat' dir='ltr'><strong>Atque</strong></span> <span class='ocrx_word' id='word_1_12' title='bbox 517 326 572 357; x_wconf 89' lang='lat' dir='ltr'>ubi</span> <span class='ocrx_word' id='word_1_13' title='bbox 590 327 771 357; x_wconf 81' lang='lat' dir='ltr'><strong>carminum</strong></span> <span class='ocrx_word' id='word_1_14' title='bbox 789 334 936 355; x_wconf 85' lang='lat' dir='ltr'>meorum</span> 
     </span>
     <span class='ocr_line' id='line_1_4' title="bbox 239 376 937 421; baseline -0.01 -10"><span class='ocrx_word' id='word_1_15' title='bbox 239 380 295 411; x_wconf 88' lang='lat' dir='ltr'>ille</span> <span class='ocrx_word' id='word_1_16' title='bbox 313 379 502 421; x_wconf 81' lang='lat' dir='ltr'>plagiarius,</span> <span class='ocrx_word' id='word_1_17' title='bbox 519 387 633 408; x_wconf 89' lang='lat' dir='ltr'>versus</span> <span class='ocrx_word' id='word_1_18' title='bbox 657 387 738 417; x_wconf 88' lang='lat' dir='ltr'>quos</span> <span class='ocrx_word' id='word_1_19' title='bbox 755 386 816 415; x_wconf 72' lang='lat' dir='ltr'>ego</span> <span class='ocrx_word' id='word_1_20' title='bbox 833 376 937 409; x_wconf 75' lang='lat' dir='ltr'>edidi,</span> 
     </span>
     <span class='ocr_line' id='line_1_5' title="bbox 239 428 937 469; baseline -0.009 -8"><span class='ocrx_word' id='word_1_21' title='bbox 239 430 426 469; x_wconf 88' lang='lat' dir='ltr'>manumisi,</span> <span class='ocrx_word' id='word_1_22' title='bbox 441 434 477 459; x_wconf 91' lang='lat' dir='ltr'>et</span> <span class='ocrx_word' id='word_1_23' title='bbox 494 428 544 458; x_wconf 87' lang='lat' dir='ltr'>sui</span> <span class='ocrx_word' id='word_1_24' title='bbox 561 429 649 468; x_wconf 83' lang='lat' dir='ltr'>juris</span> <span class='ocrx_word' id='word_1_25' title='bbox 665 437 739 458; x_wconf 84' lang='lat' dir='ltr'>esse</span> <span class='ocrx_word' id='word_1_26' title='bbox 756 436 937 467; x_wconf 83' lang='lat' dir='ltr'>pronunci-</span> 
     </span>
     <span class='ocr_line' id='line_1_6' title="bbox 240 476 938 519; baseline -0.007 -9"><span class='ocrx_word' id='word_1_27' title='bbox 240 480 305 519; x_wconf 84' lang='lat' dir='ltr'>avi,</span> <span class='ocrx_word' id='word_1_28' title='bbox 320 480 354 510; x_wconf 90' lang='lat' dir='ltr'>in</span> <span class='ocrx_word' id='word_1_29' title='bbox 371 479 571 510; x_wconf 84' lang='lat' dir='ltr'>servitutem</span> <span class='ocrx_word' id='word_1_30' title='bbox 587 488 678 509; x_wconf 87' lang='lat' dir='ltr'>suam</span> <span class='ocrx_word' id='word_1_31' title='bbox 692 477 845 515; x_wconf 68' lang='lat' dir='ltr'>redigere</span> <span class='ocrx_word' id='word_1_32' title='bbox 863 476 938 506; x_wconf 90' lang='lat' dir='ltr'>dolo</span> 
     </span>
     <span class='ocr_line' id='line_1_7' title="bbox 240 528 938 569; baseline -0.006 -9"><span class='ocrx_word' id='word_1_33' title='bbox 240 530 328 560; x_wconf 89' lang='lat' dir='ltr'>malo</span> <span class='ocrx_word' id='word_1_34' title='bbox 344 534 497 569; x_wconf 87' lang='lat' dir='ltr'>conatur,</span> <span class='ocrx_word' id='word_1_35' title='bbox 517 533 552 560; x_wconf 88' lang='lat' dir='ltr'>et</span> <span class='ocrx_word' id='word_1_36' title='bbox 567 538 603 559; x_wconf 86' lang='lat' dir='ltr'>se</span> <span class='ocrx_word' id='word_1_37' title='bbox 620 534 793 559; x_wconf 76' lang='lat' dir='ltr'>auctorem</span> <span class='ocrx_word' id='word_1_38' title='bbox 810 528 938 558; x_wconf 84' lang='lat' dir='ltr'>illorum</span> 
     </span>
     <span class='ocr_line' id='line_1_8' title="bbox 234 577 940 620; baseline -0.007 -9"><span class='ocrx_word' id='word_1_39' title='bbox 234 580 434 620; x_wconf 88' lang='lat' dir='ltr'>jactaverit,</span> <span class='ocrx_word' id='word_1_40' title='bbox 451 584 487 610; x_wconf 85' lang='lat' dir='ltr'>tu</span> <span class='ocrx_word' id='word_1_41' title='bbox 511 583 656 610; x_wconf 83' lang='lat' dir='ltr'>assertor</span> <span class='ocrx_word' id='word_1_42' title='bbox 671 580 816 616; x_wconf 87' lang='lat' dir='ltr'>illorum,</span> <span class='ocrx_word' id='word_1_43' title='bbox 839 578 864 608; x_wconf 81' lang='lat' dir='ltr'>si</span> <span class='ocrx_word' id='word_1_44' title='bbox 890 577 940 607; x_wconf 69' lang='lat' dir='ltr'>bis</span> 
     </span>
     <span class='ocr_line' id='line_1_9' title="bbox 240 629 939 670; baseline -0.007 -8"><span class='ocrx_word' id='word_1_45' title='bbox 240 638 337 663; x_wconf 80' lang='lat' dir='ltr'>terve</span> <span class='ocrx_word' id='word_1_46' title='bbox 349 641 422 662; x_wconf 89' lang='lat' dir='ltr'>cum</span> <span class='ocrx_word' id='word_1_47' title='bbox 433 631 490 661; x_wconf 90' lang='lat' dir='ltr'>illo</span> <span class='ocrx_word' id='word_1_48' title='bbox 504 631 579 669; x_wconf 82' lang='lat' dir='ltr'>lege</span> <span class='ocrx_word' id='word_1_49' title='bbox 592 640 671 670; x_wconf 85' lang='lat' dir='ltr'>agas</span> <span class='ocrx_word' id='word_1_50' title='bbox 682 629 855 670; x_wconf 74' lang='lat' dir='ltr'>plagiaria,</span> <span class='ocrx_word' id='word_1_51' title='bbox 869 637 939 667; x_wconf 89' lang='lat' dir='ltr'>per-</span> 
     </span>
     <span class='ocr_line' id='line_1_10' title="bbox 240 679 940 720; baseline -0.007 -8"><span class='ocrx_word' id='word_1_52' title='bbox 240 681 352 713; x_wconf 72' lang='lat' dir='ltr'>frictae</span> <span class='ocrx_word' id='word_1_53' title='bbox 369 679 488 711; x_wconf 77' lang='lat' dir='ltr'>frontis</span> <span class='ocrx_word' id='word_1_54' title='bbox 505 680 715 720; x_wconf 69' lang='lat' dir='ltr'>poetastrum</span> <span class='ocrx_word' id='word_1_55' title='bbox 732 680 764 709; x_wconf 84' lang='lat' dir='ltr'>in</span> <span class='ocrx_word' id='word_1_56' title='bbox 782 679 940 708; x_wconf 85' lang='lat' dir='ltr'>ruborem</span> 
     </span>
     <span class='ocr_line' id='line_1_11' title="bbox 241 729 940 773; baseline -0.009 -9"><span class='ocrx_word' id='word_1_57' title='bbox 241 742 353 773; x_wconf 83' lang='lat' dir='ltr'>coges.</span> <span class='ocrx_word' id='word_1_58' title='bbox 411 733 466 763; x_wconf 85' lang='lat' dir='ltr'>De</span> <span class='ocrx_word' id='word_1_59' title='bbox 498 732 572 771; x_wconf 83' lang='lat' dir='ltr'>lege</span> <span class='ocrx_word' id='word_1_60' title='bbox 603 730 771 770; x_wconf 82' lang='lat' dir='ltr'>plagiaria</span> <span class='ocrx_word' id='word_1_61' title='bbox 805 729 940 759; x_wconf 67' lang='lat' dir='ltr'>consule</span> 
     </span>
     <span class='ocr_line' id='line_1_12' title="bbox 244 780 939 824; baseline -0.007 -10"><span class='ocrx_word' id='word_1_62' title='bbox 244 784 427 824; x_wconf 82' lang='lat' dir='ltr'><strong>Ulpianum</strong></span> <span class='ocrx_word' id='word_1_63' title='bbox 455 787 491 813; x_wconf 86' lang='lat' dir='ltr'>et</span> <span class='ocrx_word' id='word_1_64' title='bbox 515 782 712 820; x_wconf 82' lang='lat' dir='ltr'>Bisciolam‚</span> <span class='ocrx_word' id='word_1_65' title='bbox 743 780 800 811; x_wconf 91' lang='lat' dir='ltr'>lib.</span> <span class='ocrx_word' id='word_1_66' title='bbox 818 783 846 810; x_wconf 84' lang='lat'>8.</span> <span class='ocrx_word' id='word_1_67' title='bbox 863 789 939 819; x_wconf 85' lang='lat' dir='ltr'>cap.</span> 
     </span>
     <span class='ocr_line' id='line_1_13' title="bbox 251 837 304 865; baseline 0 0"><span class='ocrx_word' id='word_1_68' title='bbox 251 837 304 865; x_wconf 83' lang='lat'>13.</span> 
     </span>
    </p>

    <p class='ocr_par' dir='ltr' id='par_1_3' title="bbox 241 880 942 1175">
     <span class='ocr_line' id='line_1_14' title="bbox 285 880 941 921; baseline -0.011 -5"><span class='ocrx_word' id='word_1_69' title='bbox 285 889 304 916; x_wconf 85' lang='grc'><strong>7</strong></span> <span class='ocrx_word' id='word_1_70' title='bbox 329 885 426 916; x_wconf 84' lang='lat' dir='ltr'><em>Dicas</em></span> <span class='ocrx_word' id='word_1_71' title='bbox 440 893 504 914; x_wconf 83' lang='lat' dir='ltr'>esse</span> <span class='ocrx_word' id='word_1_72' title='bbox 518 882 612 921; x_wconf 83' lang='lat' dir='ltr'>meos]</span> <span class='ocrx_word' id='word_1_73' title='bbox 638 881 829 912; x_wconf 85' lang='lat' dir='ltr'>Formulam</span> <span class='ocrx_word' id='word_1_74' title='bbox 849 880 941 920; x_wconf 85' lang='lat' dir='ltr'>judi-</span> 
     </span>
     <span class='ocr_line' id='line_1_15' title="bbox 244 929 941 965; baseline -0.009 0"><span class='ocrx_word' id='word_1_75' title='bbox 244 935 286 965; x_wconf 87' lang='lat' dir='ltr'>cii</span> <span class='ocrx_word' id='word_1_76' title='bbox 313 934 533 964; x_wconf 81' lang='lat' dir='ltr'>vindiciarum</span> <span class='ocrx_word' id='word_1_77' title='bbox 562 932 719 961; x_wconf 83' lang='lat' dir='ltr'>insinuat.</span> <span class='ocrx_word' id='word_1_78' title='bbox 765 931 819 960; x_wconf 81' lang='lat' dir='ltr'>Sic</span> <span class='ocrx_word' id='word_1_79' title='bbox 838 929 941 960; x_wconf 85' lang='lat' dir='ltr'>Ovid.</span> 
     </span>
     <span class='ocr_line' id='line_1_16' title="bbox 244 981 940 1016; baseline -0.007 -1"><span class='ocrx_word' id='word_1_80' title='bbox 244 985 303 1015; x_wconf 90' lang='lat' dir='ltr'>lib.</span> <span class='ocrx_word' id='word_1_81' title='bbox 320 987 351 1015; x_wconf 81' lang='lat'>2.</span> <span class='ocrx_word' id='word_1_82' title='bbox 369 984 485 1014; x_wconf 84' lang='lat' dir='ltr'>Amor.</span> <span class='ocrx_word' id='word_1_83' title='bbox 533 983 541 998; x_wconf 90' lang='lat'>‘</span> <span class='ocrx_word' id='word_1_84' title='bbox 560 982 605 1011; x_wconf 80' lang='lat' dir='ltr'>Et</span> <span class='ocrx_word' id='word_1_85' title='bbox 621 981 731 1011; x_wconf 89' lang='lat' dir='ltr'>dicam</span> <span class='ocrx_word' id='word_1_86' title='bbox 750 989 824 1010; x_wconf 82' lang='lat' dir='ltr'>mea</span> <span class='ocrx_word' id='word_1_87' title='bbox 842 985 940 1016; x_wconf 82' lang='lat' dir='ltr'>suut;</span> 
     </span>
     <span class='ocr_line' id='line_1_17' title="bbox 241 1031 940 1074; baseline -0.009 -10"><span class='ocrx_word' id='word_1_88' title='bbox 241 1034 459 1074; x_wconf 83' lang='lat' dir='ltr'>injiciamque</span> <span class='ocrx_word' id='word_1_89' title='bbox 500 1031 640 1064; x_wconf 57' lang='lat' dir='ltr'>manus?</span> <span class='ocrx_word' id='word_1_90' title='bbox 699 1032 748 1061; x_wconf 77' lang='lat' dir='ltr'>Ex</span> <span class='ocrx_word' id='word_1_91' title='bbox 784 1039 940 1060; x_wconf 90' lang='lat' dir='ltr'>manuum</span> 
     </span>
     <span class='ocr_line' id='line_1_18' title="bbox 243 1081 942 1124; baseline -0.007 -10"><span class='ocrx_word' id='word_1_92' title='bbox 243 1085 331 1114; x_wconf 89' lang='lat' dir='ltr'>enim</span> <span class='ocrx_word' id='word_1_93' title='bbox 357 1083 543 1124; x_wconf 84' lang='lat' dir='ltr'>injectione</span> <span class='ocrx_word' id='word_1_94' title='bbox 575 1091 667 1112; x_wconf 91' lang='lat' dir='ltr'>suum</span> <span class='ocrx_word' id='word_1_95' title='bbox 697 1090 769 1111; x_wconf 76' lang='lat' dir='ltr'>esse</span> <span class='ocrx_word' id='word_1_96' title='bbox 788 1081 942 1120; x_wconf 78' lang='lat' dir='ltr'>designa-</span> 
     </span>
     <span class='ocr_line' id='line_1_19' title="bbox 243 1135 774 1175; baseline -0.006 -10"><span class='ocrx_word' id='word_1_97' title='bbox 243 1135 325 1165; x_wconf 87' lang='lat' dir='ltr'>bant</span> <span class='ocrx_word' id='word_1_98' title='bbox 340 1135 541 1175; x_wconf 82' lang='lat' dir='ltr'>mancipium</span> <span class='ocrx_word' id='word_1_99' title='bbox 556 1139 613 1164; x_wconf 91' lang='lat' dir='ltr'>aut</span> <span class='ocrx_word' id='word_1_100' title='bbox 630 1143 774 1164; x_wconf 86' lang='lat' dir='ltr'>servum.</span> 
     </span>
    </p>

    <p class='ocr_par' dir='ltr' id='par_1_4' title="bbox 245 1180 947 1474">
     <span class='ocr_line' id='line_1_20' title="bbox 286 1180 943 1224; baseline -0.005 -9"><span class='ocrx_word' id='word_1_101' title='bbox 286 1188 306 1215; x_wconf 84' lang='lat'><strong>9</strong></span> <span class='ocrx_word' id='word_1_102' title='bbox 330 1185 470 1224; x_wconf 83' lang='lat' dir='ltr'>Impones</span> <span class='ocrx_word' id='word_1_103' title='bbox 480 1182 804 1224; x_wconf 62' lang='lat' dir='ltr'>plag-iuriopudorem]</span> <span class='ocrx_word' id='word_1_104' title='bbox 831 1180 943 1212; x_wconf 79' lang='lat' dir='ltr'>Affec-</span> 
     </span>
     <span class='ocr_line' id='line_1_21' title="bbox 245 1232 944 1275; baseline -0.006 -10"><span class='ocrx_word' id='word_1_105' title='bbox 245 1240 316 1265; x_wconf 83' lang='lat' dir='ltr'>tuin</span> <span class='ocrx_word' id='word_1_106' title='bbox 338 1234 468 1275; x_wconf 87' lang='lat' dir='ltr'>pudore</span> <span class='ocrx_word' id='word_1_107' title='bbox 495 1233 668 1264; x_wconf 72' lang='lat' dir='ltr'>coercebis</span> <span class='ocrx_word' id='word_1_108' title='bbox 685 1232 804 1263; x_wconf 83' lang='lat' dir='ltr'>furem.</span> <span class='ocrx_word' id='word_1_109' title='bbox 838 1234 846 1249; x_wconf 94' lang='lat'>‘</span> <span class='ocrx_word' id='word_1_110' title='bbox 867 1233 944 1262; x_wconf 85' lang='lat' dir='ltr'>Pla-</span> 
     </span>
     <span class='ocr_line' id='line_1_22' title="bbox 246 1283 944 1325; baseline -0.003 -11"><span class='ocrx_word' id='word_1_111' title='bbox 246 1284 390 1325; x_wconf 73' lang='lat' dir='ltr'>giarius’</span> <span class='ocrx_word' id='word_1_112' title='bbox 409 1294 487 1314; x_wconf 85' lang='lat' dir='ltr'>vero</span> <span class='ocrx_word' id='word_1_113' title='bbox 503 1285 529 1313; x_wconf 69' lang='lat' dir='ltr'>is</span> <span class='ocrx_word' id='word_1_114' title='bbox 545 1284 683 1322; x_wconf 78' lang='lat' dir='ltr'>dicitnr,</span> <span class='ocrx_word' id='word_1_115' title='bbox 695 1283 751 1324; x_wconf 90' lang='lat' dir='ltr'>qui</span> <span class='ocrx_word' id='word_1_116' title='bbox 764 1283 866 1323; x_wconf 80' lang='lat' dir='ltr'>plagii</span> <span class='ocrx_word' id='word_1_117' title='bbox 882 1284 944 1313; x_wconf 89' lang='lat' dir='ltr'>cri-</span> 
     </span>
     <span class='ocr_line' id='line_1_23' title="bbox 245 1332 945 1373; baseline -0.006 -7"><span class='ocrx_word' id='word_1_118' title='bbox 245 1345 322 1366; x_wconf 88' lang='lat' dir='ltr'>men</span> <span class='ocrx_word' id='word_1_119' title='bbox 339 1335 519 1372; x_wconf 78' lang='lat' dir='ltr'>commisit,</span> <span class='ocrx_word' id='word_1_120' title='bbox 533 1333 565 1363; x_wconf 76' lang='lat' dir='ltr'>id</span> <span class='ocrx_word' id='word_1_121' title='bbox 583 1338 649 1371; x_wconf 81' lang='lat' dir='ltr'>est,</span> <span class='ocrx_word' id='word_1_122' title='bbox 673 1334 727 1373; x_wconf 86' lang='lat' dir='ltr'>qui</span> <span class='ocrx_word' id='word_1_123' title='bbox 749 1332 870 1363; x_wconf 71' lang='lat' dir='ltr'>liberos</span> <span class='ocrx_word' id='word_1_124' title='bbox 885 1342 945 1362; x_wconf 90' lang='lat' dir='ltr'>seu</span> 
     </span>
     <span class='ocr_line' id='line_1_24' title="bbox 247 1382 947 1424; baseline -0.004 -9"><span class='ocrx_word' id='word_1_125' title='bbox 247 1385 429 1424; x_wconf 87' lang='lat' dir='ltr'>mancipia,</span> <span class='ocrx_word' id='word_1_126' title='bbox 447 1384 530 1414; x_wconf 86' lang='lat' dir='ltr'>emit</span> <span class='ocrx_word' id='word_1_127' title='bbox 553 1388 611 1413; x_wconf 89' lang='lat' dir='ltr'>aut</span> <span class='ocrx_word' id='word_1_128' title='bbox 637 1383 755 1413; x_wconf 83' lang='lat' dir='ltr'>vendit</span> <span class='ocrx_word' id='word_1_129' title='bbox 782 1392 841 1423; x_wconf 87' lang='lat' dir='ltr'>pro</span> <span class='ocrx_word' id='word_1_130' title='bbox 870 1382 947 1420; x_wconf 87' lang='lat' dir='ltr'>suis,</span> 
     </span>
     <span class='ocr_line' id='line_1_25' title="bbox 250 1431 678 1474; baseline -0.005 -9"><span class='ocrx_word' id='word_1_131' title='bbox 250 1439 308 1465; x_wconf 82' lang='lat' dir='ltr'>aut</span> <span class='ocrx_word' id='word_1_132' title='bbox 325 1434 519 1474; x_wconf 85' lang='lat' dir='ltr'>supprimit,</span> <span class='ocrx_word' id='word_1_133' title='bbox 536 1431 678 1463; x_wconf 85' lang='lat' dir='ltr'>furatur.</span> 
     </span>
    </p>

    <p class='ocr_par' dir='ltr' id='par_1_5' title="bbox 244 1482 949 1724">
     <span class='ocr_line' id='line_1_26' title="bbox 288 1482 949 1522; baseline -0.005 -7"><span class='ocrx_word' id='word_1_134' title='bbox 288 1485 391 1515; x_wconf 76' lang='lat' dir='ltr'>Eme.</span> <span class='ocrx_word' id='word_1_135' title='bbox 421 1493 489 1515; x_wconf 81' lang='lat' dir='ltr'>uv.</span> <span class='ocrx_word' id='word_1_136' title='bbox 547 1484 599 1514; x_wconf 81' lang='lat' dir='ltr'>Ad</span> <span class='ocrx_word' id='word_1_137' title='bbox 631 1482 846 1522; x_wconf 72' lang='lat' dir='ltr'>fidentium]</span> <span class='ocrx_word' id='word_1_138' title='bbox 895 1482 949 1512; x_wconf 83' lang='lat' dir='ltr'>Fi-</span> 
     </span>
     <span class='ocr_line' id='line_1_27' title="bbox 247 1533 947 1574; baseline -0.006 -9"><span class='ocrx_word' id='word_1_139' title='bbox 247 1535 424 1566; x_wconf 89' lang='lat' dir='ltr'>dentinum</span> <span class='ocrx_word' id='word_1_140' title='bbox 453 1534 653 1574; x_wconf 82' lang='lat' dir='ltr'>plagiarium</span> <span class='ocrx_word' id='word_1_141' title='bbox 680 1533 785 1571; x_wconf 88' lang='lat' dir='ltr'>illum,</span> <span class='ocrx_word' id='word_1_142' title='bbox 815 1533 861 1562; x_wconf 83' lang='lat' dir='ltr'>ait</span> <span class='ocrx_word' id='word_1_143' title='bbox 881 1538 947 1562; x_wconf 89' lang='lat' dir='ltr'>tam</span> 
     </span>
     <span class='ocr_line' id='line_1_28' title="bbox 244 1583 947 1625; baseline -0.006 -9"><span class='ocrx_word' id='word_1_144' title='bbox 244 1586 370 1616; x_wconf 83' lang='lat' dir='ltr'>malum</span> <span class='ocrx_word' id='word_1_145' title='bbox 389 1585 536 1625; x_wconf 73' lang='lat' dir='ltr'>poetam,</span> <span class='ocrx_word' id='word_1_146' title='bbox 564 1589 600 1614; x_wconf 92' lang='lat' dir='ltr'>ut</span> <span class='ocrx_word' id='word_1_147' title='bbox 626 1584 759 1614; x_wconf 87' lang='lat' dir='ltr'>secerni</span> <span class='ocrx_word' id='word_1_148' title='bbox 785 1583 859 1622; x_wconf 82' lang='lat' dir='ltr'>ejus</span> <span class='ocrx_word' id='word_1_149' title='bbox 876 1592 947 1613; x_wconf 86' lang='lat' dir='ltr'>car-</span> 
     </span>
     <span class='ocr_line' id='line_1_29' title="bbox 245 1633 948 1674; baseline -0.004 -9"><span class='ocrx_word' id='word_1_150' title='bbox 245 1636 336 1665; x_wconf 81' lang='lat' dir='ltr'>mina</span> <span class='ocrx_word' id='word_1_151' title='bbox 350 1645 368 1665; x_wconf 92' lang='lat' dir='ltr'>a</span> <span class='ocrx_word' id='word_1_152' title='bbox 384 1635 462 1673; x_wconf 80' lang='lat' dir='ltr'>suis,</span> <span class='ocrx_word' id='word_1_153' title='bbox 481 1644 499 1664; x_wconf 89' lang='lat' dir='ltr'>a</span> <span class='ocrx_word' id='word_1_154' title='bbox 517 1633 633 1674; x_wconf 84' lang='lat' dir='ltr'>quovis</span> <span class='ocrx_word' id='word_1_155' title='bbox 652 1633 795 1674; x_wconf 85' lang='lat' dir='ltr'>possint,</span> <span class='ocrx_word' id='word_1_156' title='bbox 818 1642 881 1662; x_wconf 86' lang='lat' dir='ltr'>non</span> <span class='ocrx_word' id='word_1_157' title='bbox 899 1642 948 1662; x_wconf 87' lang='lat' dir='ltr'>se-</span> 
     </span>
     <span class='ocr_line' id='line_1_30' title="bbox 247 1684 651 1724; baseline -0.002 -9"><span class='ocrx_word' id='word_1_158' title='bbox 247 1695 305 1715; x_wconf 92' lang='lat' dir='ltr'>cus</span> <span class='ocrx_word' id='word_1_159' title='bbox 323 1694 361 1715; x_wconf 89' lang='lat' dir='ltr'>ac</span> <span class='ocrx_word' id='word_1_160' title='bbox 377 1685 468 1715; x_wconf 88' lang='lat' dir='ltr'>corvi</span> <span class='ocrx_word' id='word_1_161' title='bbox 487 1695 505 1714; x_wconf 90' lang='lat' dir='ltr'>a</span> <span class='ocrx_word' id='word_1_162' title='bbox 521 1684 651 1724; x_wconf 75' lang='lat' dir='ltr'>cygnis.</span> 
     </span>
    </p>

    <p class='ocr_par' dir='ltr' id='par_1_6' title="bbox 245 1734 948 1876">
     <span class='ocr_line' id='line_1_31' title="bbox 288 1734 948 1775; baseline -0.003 -9"><span class='ocrx_word' id='word_1_163' title='bbox 288 1739 308 1766; x_wconf 83' lang='lat'>2</span> <span class='ocrx_word' id='word_1_164' title='bbox 331 1735 481 1775; x_wconf 81' lang='lat' dir='ltr'>Signata]</span> <span class='ocrx_word' id='word_1_165' title='bbox 505 1735 655 1774; x_wconf 82' lang='lat' dir='ltr'>Illaipsa</span> <span class='ocrx_word' id='word_1_166' title='bbox 676 1739 709 1765; x_wconf 89' lang='lat' dir='ltr'>et</span> <span class='ocrx_word' id='word_1_167' title='bbox 730 1735 802 1765; x_wconf 85' lang='lat' dir='ltr'>sola</span> <span class='ocrx_word' id='word_1_168' title='bbox 817 1734 874 1764; x_wconf 90' lang='lat' dir='ltr'>illa</span> <span class='ocrx_word' id='word_1_169' title='bbox 891 1743 948 1774; x_wconf 84' lang='lat' dir='ltr'>pa-</span> 
     </span>
     <span class='ocr_line' id='line_1_32' title="bbox 245 1783 947 1824; baseline -0.004 -8"><span class='ocrx_word' id='word_1_170' title='bbox 245 1785 322 1824; x_wconf 75' lang='lat' dir='ltr'>gina</span> <span class='ocrx_word' id='word_1_171' title='bbox 339 1786 457 1824; x_wconf 87' lang='lat' dir='ltr'>inepta</span> <span class='ocrx_word' id='word_1_172' title='bbox 473 1789 506 1815; x_wconf 90' lang='lat' dir='ltr'>et</span> <span class='ocrx_word' id='word_1_173' title='bbox 532 1783 669 1814; x_wconf 79' lang='lat' dir='ltr'>inficeta</span> <span class='ocrx_word' id='word_1_174' title='bbox 693 1783 858 1822; x_wconf 81' lang='lat' dir='ltr'>declarat,</span> <span class='ocrx_word' id='word_1_175' title='bbox 873 1784 947 1824; x_wconf 89' lang='lat' dir='ltr'>quis</span> 
     </span>
     <span class='ocr_line' id='line_1_33' title="bbox 247 1834 755 1876; baseline 0 -12"><span class='ocrx_word' id='word_1_176' title='bbox 247 1837 321 1876; x_wconf 83' lang='lat' dir='ltr'>ejus</span> <span class='ocrx_word' id='word_1_177' title='bbox 340 1836 497 1866; x_wconf 87' lang='lat' dir='ltr'>dominus</span> <span class='ocrx_word' id='word_1_178' title='bbox 515 1841 548 1865; x_wconf 85' lang='lat' dir='ltr'>et</span> <span class='ocrx_word' id='word_1_179' title='bbox 567 1840 688 1864; x_wconf 86' lang='lat' dir='ltr'>auctor</span> <span class='ocrx_word' id='word_1_180' title='bbox 701 1834 755 1864; x_wconf 86' lang='lat' dir='ltr'>sit.</span> 
     </span>
    </p>

    <p class='ocr_par' dir='ltr' id='par_1_7' title="bbox 246 1883 948 2077">
     <span class='ocr_line' id='line_1_34' title="bbox 290 1883 946 1923; baseline -0.005 -8"><span class='ocrx_word' id='word_1_181' title='bbox 290 1888 308 1915; x_wconf 81' lang='lat'><strong>3</strong></span> <span class='ocrx_word' id='word_1_182' title='bbox 335 1884 499 1923; x_wconf 78' lang='lat' dir='ltr'>Traducz&#39;t]</span> <span class='ocrx_word' id='word_1_183' title='bbox 538 1884 673 1919; x_wconf 84' lang='lat' dir='ltr'>Prodit,</span> <span class='ocrx_word' id='word_1_184' title='bbox 705 1883 816 1923; x_wconf 87' lang='lat' dir='ltr'>arguit</span> <span class='ocrx_word' id='word_1_185' title='bbox 842 1883 946 1913; x_wconf 88' lang='lat' dir='ltr'>mani—</span> 
     </span>
     <span class='ocr_line' id='line_1_35' title="bbox 247 1934 948 1976; baseline -0.004 -10"><span class='ocrx_word' id='word_1_186' title='bbox 247 1935 326 1966; x_wconf 85' lang='lat' dir='ltr'>festi</span> <span class='ocrx_word' id='word_1_187' title='bbox 344 1935 445 1966; x_wconf 83' lang='lat' dir='ltr'>furti:</span> <span class='ocrx_word' id='word_1_188' title='bbox 471 1940 506 1966; x_wconf 92' lang='lat' dir='ltr'>et</span> <span class='ocrx_word' id='word_1_189' title='bbox 521 1945 595 1976; x_wconf 82' lang='lat' dir='ltr'>quae</span> <span class='ocrx_word' id='word_1_190' title='bbox 612 1935 738 1975; x_wconf 86' lang='lat' dir='ltr'>pagina</span> <span class='ocrx_word' id='word_1_191' title='bbox 754 1938 874 1974; x_wconf 85' lang='lat' dir='ltr'>aperte</span> <span class='ocrx_word' id='word_1_192' title='bbox 891 1934 948 1964; x_wconf 87' lang='lat' dir='ltr'>do.</span> 
     </span>
     <span class='ocr_line' id='line_1_36' title="bbox 247 1987 946 2019; baseline -0.004 -1"><span class='ocrx_word' id='word_1_193' title='bbox 247 1993 355 2019; x_wconf 85' lang='lat' dir='ltr'>cette</span> <span class='ocrx_word' id='word_1_194' title='bbox 372 1987 478 2018; x_wconf 79' lang='lat' dir='ltr'>furem</span> <span class='ocrx_word' id='word_1_195' title='bbox 503 1997 586 2018; x_wconf 83' lang='lat' dir='ltr'>esse.</span> <span class='ocrx_word' id='word_1_196' title='bbox 632 1987 720 2017; x_wconf 83' lang='lat' dir='ltr'>Vide</span> <span class='ocrx_word' id='word_1_197' title='bbox 747 1996 832 2017; x_wconf 85' lang='lat' dir='ltr'>vers.</span> <span class='ocrx_word' id='word_1_198' title='bbox 856 1990 885 2017; x_wconf 81' lang='lat'>2.</span> <span class='ocrx_word' id='word_1_199' title='bbox 914 1987 946 2016; x_wconf 89' lang='lat' dir='ltr'>in</span> 
     </span>
     <span class='ocr_line' id='line_1_37' title="bbox 246 2037 784 2077; baseline -0.006 -8"><span class='ocrx_word' id='word_1_200' title='bbox 246 2042 276 2069; x_wconf 86' lang='grc'>4.</span> <span class='ocrx_word' id='word_1_201' title='bbox 293 2038 401 2077; x_wconf 81' lang='lat' dir='ltr'>epigr.</span> <span class='ocrx_word' id='word_1_202' title='bbox 418 2037 493 2067; x_wconf 84' lang='lat' dir='ltr'>libri</span> <span class='ocrx_word' id='word_1_203' title='bbox 507 2037 548 2067; x_wconf 88' lang='lat' dir='ltr'>de</span> <span class='ocrx_word' id='word_1_204' title='bbox 565 2037 784 2077; x_wconf 82' lang='lat' dir='ltr'>spectaculis.</span> 
     </span>
    </p>

    <p class='ocr_par' dir='ltr' id='par_1_8' title="bbox 243 2086 947 2778">
     <span class='ocr_line' id='line_1_38' title="bbox 287 2086 947 2128; baseline -0.005 -9"><span class='ocrx_word' id='word_1_205' title='bbox 287 2091 306 2119; x_wconf 84' lang='grc'>4</span> <span class='ocrx_word' id='word_1_206' title='bbox 332 2088 537 2128; x_wconf 78' lang='lat' dir='ltr'>Interpositus</span> <span class='ocrx_word' id='word_1_207' title='bbox 552 2087 628 2117; x_wconf 69' lang='lat' dir='ltr'>vitio</span> <span class='ocrx_word' id='word_1_208' title='bbox 650 2091 754 2126; x_wconf 80' lang='lat' dir='ltr'>uncto,</span> <span class='ocrx_word' id='word_1_209' title='bbox 769 2086 840 2126; x_wconf 50' lang='lat' dir='ltr'>bra]</span> <span class='ocrx_word' id='word_1_210' title='bbox 878 2087 947 2117; x_wconf 85' lang='lat' dir='ltr'>Tua</span> 
     </span>
     <span class='ocr_line' id='line_1_39' title="bbox 248 2136 947 2177; baseline -0.001 -10"><span class='ocrx_word' id='word_1_211' title='bbox 248 2138 370 2177; x_wconf 82' lang='lat' dir='ltr'>pagina</span> <span class='ocrx_word' id='word_1_212' title='bbox 387 2137 468 2167; x_wconf 82' lang='lat' dir='ltr'>meis</span> <span class='ocrx_word' id='word_1_213' title='bbox 485 2136 606 2167; x_wconf 89' lang='lat' dir='ltr'>libellis</span> <span class='ocrx_word' id='word_1_214' title='bbox 620 2137 747 2166; x_wconf 83' lang='lat' dir='ltr'>inserta</span> <span class='ocrx_word' id='word_1_215' title='bbox 760 2146 824 2166; x_wconf 90' lang='lat' dir='ltr'>nou</span> <span class='ocrx_word' id='word_1_216' title='bbox 842 2137 947 2166; x_wconf 87' lang='lat' dir='ltr'>minus</span> 
     </span>
     <span class='ocr_line' id='line_1_40' title="bbox 247 2185 946 2226; baseline -0.001 -9"><span class='ocrx_word' id='word_1_217' title='bbox 247 2187 383 2217; x_wconf 80' lang='lat' dir='ltr'>sordere</span> <span class='ocrx_word' id='word_1_218' title='bbox 398 2191 552 2226; x_wconf 87' lang='lat' dir='ltr'>apparet,</span> <span class='ocrx_word' id='word_1_219' title='bbox 569 2195 666 2226; x_wconf 83' lang='lat' dir='ltr'>quarn</span> <span class='ocrx_word' id='word_1_220' title='bbox 683 2185 946 2216; x_wconf 86' lang='lat' dir='ltr'>bardocucullus</span> 
     </span>
     <span class='ocr_line' id='line_1_41' title="bbox 246 2236 945 2278; baseline -0.001 -11"><span class='ocrx_word' id='word_1_221' title='bbox 246 2237 328 2267; x_wconf 85' lang='lat' dir='ltr'>vitio</span> <span class='ocrx_word' id='word_1_222' title='bbox 351 2236 425 2278; x_wconf 88' lang='lat' dir='ltr'>(alii</span> <span class='ocrx_word' id='word_1_223' title='bbox 453 2237 571 2275; x_wconf 83' lang='lat' dir='ltr'>legunt</span> <span class='ocrx_word' id='word_1_224' title='bbox 597 2236 681 2274; x_wconf 74' lang='lat' dir='ltr'>villo,</span> <span class='ocrx_word' id='word_1_225' title='bbox 705 2236 767 2266; x_wconf 87' lang='lat' dir='ltr'>alii</span> <span class='ocrx_word' id='word_1_226' title='bbox 789 2236 861 2277; x_wconf 87' lang='lat' dir='ltr'>filo,</span> <span class='ocrx_word' id='word_1_227' title='bbox 890 2237 945 2266; x_wconf 92' lang='lat' dir='ltr'>alii</span> 
     </span>
     <span class='ocr_line' id='line_1_42' title="bbox 246 2286 946 2328; baseline -0.001 -10"><span class='ocrx_word' id='word_1_228' title='bbox 246 2286 332 2328; x_wconf 76' lang='lat' dir='ltr'>vilis)</span> <span class='ocrx_word' id='word_1_229' title='bbox 354 2291 469 2325; x_wconf 88' lang='lat' dir='ltr'>uncto,</span> <span class='ocrx_word' id='word_1_230' title='bbox 495 2287 527 2316; x_wconf 91' lang='lat' dir='ltr'>id</span> <span class='ocrx_word' id='word_1_231' title='bbox 544 2290 615 2323; x_wconf 87' lang='lat' dir='ltr'>est,</span> <span class='ocrx_word' id='word_1_232' title='bbox 631 2286 741 2316; x_wconf 86' lang='lat' dir='ltr'>oleum</span> <span class='ocrx_word' id='word_1_233' title='bbox 770 2286 895 2324; x_wconf 84' lang='lat' dir='ltr'>olente,</span> <span class='ocrx_word' id='word_1_234' title='bbox 912 2293 946 2317; x_wconf 85' lang='lat' dir='ltr'>et</span> 
     </span>
     <span class='ocr_line' id='line_1_43' title="bbox 250 2335 944 2376; baseline -0.003 -8"><span class='ocrx_word' id='word_1_235' title='bbox 250 2338 353 2368; x_wconf 82' lang='lat' dir='ltr'>crassi</span> <span class='ocrx_word' id='word_1_236' title='bbox 369 2336 429 2376; x_wconf 85' lang='lat' dir='ltr'>fili,</span> <span class='ocrx_word' id='word_1_237' title='bbox 446 2341 567 2376; x_wconf 87' lang='lat' dir='ltr'>utpote</span> <span class='ocrx_word' id='word_1_238' title='bbox 583 2335 752 2373; x_wconf 85' lang='lat' dir='ltr'>Gallicus,</span> <span class='ocrx_word' id='word_1_239' title='bbox 778 2336 867 2366; x_wconf 86' lang='lat' dir='ltr'>inter</span> <span class='ocrx_word' id='word_1_240' title='bbox 890 2347 944 2366; x_wconf 91' lang='lat' dir='ltr'>ur-</span> 
     </span>
     <span class='ocr_line' id='line_1_44' title="bbox 248 2386 945 2426; baseline -0.003 -7"><span class='ocrx_word' id='word_1_241' title='bbox 248 2388 350 2419; x_wconf 83' lang='lat' dir='ltr'>banas</span> <span class='ocrx_word' id='word_1_242' title='bbox 358 2392 468 2418; x_wconf 88' lang='lat' dir='ltr'>vestes</span> <span class='ocrx_word' id='word_1_243' title='bbox 483 2395 631 2426; x_wconf 88' lang='lat' dir='ltr'>purpura</span> <span class='ocrx_word' id='word_1_244' title='bbox 643 2386 791 2416; x_wconf 84' lang='lat' dir='ltr'>violacea</span> <span class='ocrx_word' id='word_1_245' title='bbox 804 2387 945 2417; x_wconf 83' lang='lat' dir='ltr'>tinctas:</span> 
     </span>
     <span class='ocr_line' id='line_1_45' title="bbox 248 2436 945 2469; baseline -0.001 0"><span class='ocrx_word' id='word_1_246' title='bbox 248 2444 306 2469; x_wconf 90' lang='lat' dir='ltr'>aut</span> <span class='ocrx_word' id='word_1_247' title='bbox 338 2443 433 2468; x_wconf 80' lang='lat' dir='ltr'>testae</span> <span class='ocrx_word' id='word_1_248' title='bbox 473 2436 596 2467; x_wconf 83' lang='lat' dir='ltr'>fictiles</span> <span class='ocrx_word' id='word_1_249' title='bbox 621 2446 662 2466; x_wconf 90' lang='lat' dir='ltr'>ex</span> <span class='ocrx_word' id='word_1_250' title='bbox 693 2436 765 2466; x_wconf 86' lang='lat' dir='ltr'>luto</span> <span class='ocrx_word' id='word_1_251' title='bbox 805 2436 945 2468; x_wconf 79' lang='lat' dir='ltr'>Aretino</span> 
     </span>
     <span class='ocr_line' id='line_1_46' title="bbox 243 2486 946 2527; baseline -0.003 -8"><span class='ocrx_word' id='word_1_252' title='bbox 243 2488 336 2519; x_wconf 84' lang='lat' dir='ltr'>inter</span> <span class='ocrx_word' id='word_1_253' title='bbox 373 2497 451 2518; x_wconf 86' lang='lat' dir='ltr'>vasa</span> <span class='ocrx_word' id='word_1_254' title='bbox 491 2486 687 2527; x_wconf 80' lang='lat' dir='ltr'>crystallina</span> <span class='ocrx_word' id='word_1_255' title='bbox 708 2497 715 2515; x_wconf 90' lang='lat'>:</span> <span class='ocrx_word' id='word_1_256' title='bbox 771 2492 827 2517; x_wconf 89' lang='lat' dir='ltr'>aut</span> <span class='ocrx_word' id='word_1_257' title='bbox 873 2497 946 2518; x_wconf 85' lang='lat' dir='ltr'>cor-</span> 
     </span>
     <span class='ocr_line' id='line_1_47' title="bbox 246 2537 946 2576; baseline -0.003 -6"><span class='ocrx_word' id='word_1_258' title='bbox 246 2549 306 2570; x_wconf 78' lang='lat' dir='ltr'>vus</span> <span class='ocrx_word' id='word_1_259' title='bbox 349 2539 438 2569; x_wconf 85' lang='lat' dir='ltr'>inter</span> <span class='ocrx_word' id='word_1_260' title='bbox 475 2537 582 2567; x_wconf 82' lang='lat' dir='ltr'>olores</span> <span class='ocrx_word' id='word_1_261' title='bbox 601 2547 608 2567; x_wconf 90' lang='lat'>:</span> <span class='ocrx_word' id='word_1_262' title='bbox 655 2543 713 2566; x_wconf 87' lang='lat' dir='ltr'>aut</span> <span class='ocrx_word' id='word_1_263' title='bbox 753 2537 828 2576; x_wconf 84' lang='lat' dir='ltr'>pica</span> <span class='ocrx_word' id='word_1_264' title='bbox 858 2538 946 2568; x_wconf 87' lang='lat' dir='ltr'>iuter</span> 
     </span>
     <span class='ocr_line' id='line_1_48' title="bbox 250 2586 946 2628; baseline 0 -10"><span class='ocrx_word' id='word_1_265' title='bbox 250 2588 418 2619; x_wconf 89' lang='lat' dir='ltr'>luscinias.</span> <span class='ocrx_word' id='word_1_266' title='bbox 445 2587 574 2628; x_wconf 79' lang='lat' dir='ltr'>Quifilo</span> <span class='ocrx_word' id='word_1_267' title='bbox 586 2589 675 2617; x_wconf 82' lang='lat' dir='ltr'>uncto</span> <span class='ocrx_word' id='word_1_268' title='bbox 688 2586 816 2626; x_wconf 83' lang='lat' dir='ltr'>legunt,</span> <span class='ocrx_word' id='word_1_269' title='bbox 833 2587 865 2617; x_wconf 86' lang='lat' dir='ltr'>id</span> <span class='ocrx_word' id='word_1_270' title='bbox 883 2596 946 2627; x_wconf 83' lang='lat' dir='ltr'>est,</span> 
     </span>
     <span class='ocr_line' id='line_1_49' title="bbox 246 2637 943 2678; baseline -0.001 -7"><span class='ocrx_word' id='word_1_271' title='bbox 246 2640 303 2671; x_wconf 84' lang='lat' dir='ltr'>filo</span> <span class='ocrx_word' id='word_1_272' title='bbox 321 2649 434 2671; x_wconf 84' lang='lat' dir='ltr'>crasso</span> <span class='ocrx_word' id='word_1_273' title='bbox 451 2643 509 2669; x_wconf 83' lang='lat' dir='ltr'>aut</span> <span class='ocrx_word' id='word_1_274' title='bbox 531 2638 632 2668; x_wconf 85' lang='lat' dir='ltr'>villo:</span> <span class='ocrx_word' id='word_1_275' title='bbox 673 2637 719 2667; x_wconf 88' lang='lat' dir='ltr'>sic</span> <span class='ocrx_word' id='word_1_276' title='bbox 751 2646 943 2678; x_wconf 78' lang='lat' dir='ltr'>exponunt:</span> 
     </span>
     <span class='ocr_line' id='line_1_50' title="bbox 246 2688 942 2726; baseline 0 -6"><span class='ocrx_word' id='word_1_277' title='bbox 246 2696 284 2719; x_wconf 83' lang='lat' dir='ltr'>ut</span> <span class='ocrx_word' id='word_1_278' title='bbox 300 2688 564 2720; x_wconf 81' lang='lat' dir='ltr'>Bardocucullus</span> <span class='ocrx_word' id='word_1_279' title='bbox 589 2688 677 2717; x_wconf 90' lang='lat' dir='ltr'>inter</span> <span class='ocrx_word' id='word_1_280' title='bbox 705 2688 942 2726; x_wconf 67' lang='lat' dir='ltr'>&#39;l‘yriantliinzis</span> 
     </span>
     <span class='ocr_line' id='line_1_51' title="bbox 248 2739 939 2778; baseline -0.007 -8"><span class='ocrx_word' id='word_1_281' title='bbox 248 2740 372 2778; x_wconf 76' lang='lat' dir='ltr'>sordet,</span> <span class='ocrx_word' id='word_1_282' title='bbox 394 2741 440 2770; x_wconf 79' lang='lat' dir='ltr'>ita</span> <span class='ocrx_word' id='word_1_283' title='bbox 467 2744 558 2768; x_wconf 83' lang='lat' dir='ltr'>tuum</span> <span class='ocrx_word' id='word_1_284' title='bbox 584 2747 715 2768; x_wconf 72' lang='lat' dir='ltr'>carmen</span> <span class='ocrx_word' id='word_1_285' title='bbox 748 2739 778 2767; x_wconf 89' lang='lat' dir='ltr'>iu</span> <span class='ocrx_word' id='word_1_286' title='bbox 806 2749 880 2771; x_wconf 79' lang='lat' dir='ltr'>ineo</span> <span class='ocrx_word' id='word_1_287' title='bbox 906 2743 939 2770; x_wconf 56' lang='lat' dir='ltr'>li,</span> 
     </span>
    </p>
   </div>
   <div class='ocr_carea' id='block_1_3' title="bbox 693 178 1218 211">
    <p class='ocr_par' dir='ltr' id='par_1_9' title="bbox 693 178 1218 211">
     <span class='ocr_line' id='line_1_52' title="bbox 693 178 1218 211; baseline -0.01 0"><span class='ocrx_word' id='word_1_288' title='bbox 693 181 832 211; x_wconf 65' lang='lat' dir='ltr'>NOTA-j</span> <span class='ocrx_word' id='word_1_289' title='bbox 869 180 1130 209; x_wconf 63' lang='lat' dir='ltr'>vARmRtm</span> <span class='ocrx_word' id='word_1_290' title='bbox 1170 178 1218 206; x_wconf 50' lang='lat' dir='ltr'>ix*</span> 
     </span>
    </p>
   </div>
   <div class='ocr_carea' id='block_1_4' title="bbox 989 269 1700 2774">
    <p class='ocr_par' dir='ltr' id='par_1_10' title="bbox 989 269 1699 1716">
     <span class='ocr_line' id='line_1_53' title="bbox 990 269 1688 309; baseline -0.007 -5"><span class='ocrx_word' id='word_1_291' title='bbox 990 273 1087 304; x_wconf 78' lang='lat' dir='ltr'>bello.</span> <span class='ocrx_word' id='word_1_292' title='bbox 1136 274 1199 304; x_wconf 64' lang='lat' dir='ltr'>Yel</span> <span class='ocrx_word' id='word_1_293' title='bbox 1218 274 1414 302; x_wconf 74' lang='lat' dir='ltr'>rillouncto:</span> <span class='ocrx_word' id='word_1_294' title='bbox 1439 279 1512 300; x_wconf 67' lang='lat' dir='ltr'>utun</span> <span class='ocrx_word' id='word_1_295' title='bbox 1535 269 1688 309; x_wconf 73' lang='lat' dir='ltr'>Lingoni-</span> 
     </span>
     <span class='ocr_line' id='line_1_54' title="bbox 989 321 1693 353; baseline -0.003 0"><span class='ocrx_word' id='word_1_296' title='bbox 989 333 1046 353; x_wconf 78' lang='lat' dir='ltr'>cus</span> <span class='ocrx_word' id='word_1_297' title='bbox 1080 323 1337 353; x_wconf 79' lang='lat' dir='ltr'>bardocucullus</span> <span class='ocrx_word' id='word_1_298' title='bbox 1369 321 1593 351; x_wconf 70' lang='lat' dir='ltr'>crassissimus</span> <span class='ocrx_word' id='word_1_299' title='bbox 1618 327 1693 351; x_wconf 79' lang='lat' dir='ltr'>erat</span> 
     </span>
     <span class='ocr_line' id='line_1_55' title="bbox 991 371 1692 414; baseline -0.004 -11"><span class='ocrx_word' id='word_1_300' title='bbox 991 374 1095 414; x_wconf 77' lang='lat' dir='ltr'>longis</span> <span class='ocrx_word' id='word_1_301' title='bbox 1110 375 1208 410; x_wconf 45' lang='lat' dir='ltr'>villis</span> <span class='ocrx_word' id='word_1_302' title='bbox 1222 379 1253 403; x_wconf 82' lang='lat' dir='ltr'>et</span> <span class='ocrx_word' id='word_1_303' title='bbox 1269 372 1423 403; x_wconf 83' lang='lat' dir='ltr'>sordidus</span> <span class='ocrx_word' id='word_1_304' title='bbox 1440 372 1525 409; x_wconf 74' lang='lat' dir='ltr'>olco,</span> <span class='ocrx_word' id='word_1_305' title='bbox 1540 378 1573 401; x_wconf 82' lang='lat' dir='ltr'>et</span> <span class='ocrx_word' id='word_1_306' title='bbox 1590 371 1692 400; x_wconf 80' lang='lat' dir='ltr'>iuter-</span> 
     </span>
     <span class='ocr_line' id='line_1_56' title="bbox 991 421 1691 464; baseline -0.006 -10"><span class='ocrx_word' id='word_1_307' title='bbox 991 425 1119 464; x_wconf 71' lang='lat' dir='ltr'>positus</span> <span class='ocrx_word' id='word_1_308' title='bbox 1138 424 1315 464; x_wconf 88' lang='lat' dir='ltr'>purpureis</span> <span class='ocrx_word' id='word_1_309' title='bbox 1332 428 1367 453; x_wconf 89' lang='lat' dir='ltr'>et</span> <span class='ocrx_word' id='word_1_310' title='bbox 1394 421 1571 452; x_wconf 84' lang='lat' dir='ltr'>liiauthinis</span> <span class='ocrx_word' id='word_1_311' title='bbox 1590 422 1691 451; x_wconf 74' lang='lat' dir='ltr'>vesti·</span> 
     </span>
     <span class='ocr_line' id='line_1_57' title="bbox 992 472 1693 514; baseline -0.004 -10"><span class='ocrx_word' id='word_1_312' title='bbox 992 474 1051 504; x_wconf 76' lang='lat' dir='ltr'>lius</span> <span class='ocrx_word' id='word_1_313' title='bbox 1069 476 1200 514; x_wconf 76' lang='lat' dir='ltr'>pexatis</span> <span class='ocrx_word' id='word_1_314' title='bbox 1231 479 1266 505; x_wconf 89' lang='lat' dir='ltr'>et</span> <span class='ocrx_word' id='word_1_315' title='bbox 1293 473 1523 504; x_wconf 80' lang='lat' dir='ltr'>delicatissimi</span> <span class='ocrx_word' id='word_1_316' title='bbox 1555 472 1693 509; x_wconf 77' lang='lat' dir='ltr'>coloris,</span> 
     </span>
     <span class='ocr_line' id='line_1_58' title="bbox 992 523 1691 565; baseline -0.003 -11"><span class='ocrx_word' id='word_1_317' title='bbox 992 530 1128 565; x_wconf 80' lang='lat' dir='ltr'>poterat</span> <span class='ocrx_word' id='word_1_318' title='bbox 1154 526 1221 555; x_wconf 86' lang='lat' dir='ltr'>suis</span> <span class='ocrx_word' id='word_1_319' title='bbox 1241 525 1395 556; x_wconf 73' lang='lat' dir='ltr'>sordibus</span> <span class='ocrx_word' id='word_1_320' title='bbox 1411 534 1466 554; x_wconf 72' lang='lat' dir='ltr'>eas</span> <span class='ocrx_word' id='word_1_321' title='bbox 1493 523 1630 553; x_wconf 78' lang='lat' dir='ltr'>inficere</span> <span class='ocrx_word' id='word_1_322' title='bbox 1657 528 1691 552; x_wconf 61' lang='lat' dir='ltr'>vt</span> 
     </span>
     <span class='ocr_line' id='line_1_59' title="bbox 991 573 1691 613; baseline -0.006 -7"><span class='ocrx_word' id='word_1_323' title='bbox 991 577 1251 606; x_wconf 83' lang='lat' dir='ltr'>commaculare.</span> <span class='ocrx_word' id='word_1_324' title='bbox 1296 575 1362 607; x_wconf 76' lang='lat' dir='ltr'>Qui</span> <span class='ocrx_word' id='word_1_325' title='bbox 1390 585 1469 604; x_wconf 81' lang='lat' dir='ltr'>vero</span> <span class='ocrx_word' id='word_1_326' title='bbox 1497 574 1566 604; x_wconf 70' lang='lat' dir='ltr'>vilis</span> <span class='ocrx_word' id='word_1_327' title='bbox 1594 573 1691 613; x_wconf 81' lang='lat' dir='ltr'>legit,</span> 
     </span>
     <span class='ocr_line' id='line_1_60' title="bbox 991 625 1691 666; baseline -0.003 -11"><span class='ocrx_word' id='word_1_328' title='bbox 991 627 1055 656; x_wconf 78' lang='lat' dir='ltr'>hoc</span> <span class='ocrx_word' id='word_1_329' title='bbox 1083 636 1203 664; x_wconf 68' lang='lat' dir='ltr'>sensu,</span> <span class='ocrx_word' id='word_1_330' title='bbox 1244 626 1384 666; x_wconf 79' lang='lat' dir='ltr'>intelligi</span> <span class='ocrx_word' id='word_1_331' title='bbox 1410 626 1498 655; x_wconf 89' lang='lat' dir='ltr'>euim</span> <span class='ocrx_word' id='word_1_332' title='bbox 1528 626 1613 661; x_wconf 79' lang='lat' dir='ltr'>vult,</span> <span class='ocrx_word' id='word_1_333' title='bbox 1643 625 1691 653; x_wconf 75' lang='lat' dir='ltr'>sic</span> 
     </span>
     <span class='ocr_line' id='line_1_61' title="bbox 992 675 1693 717; baseline -0.004 -11"><span class='ocrx_word' id='word_1_334' title='bbox 992 676 1093 706; x_wconf 50' lang='lat' dir='ltr'>lamas</span> <span class='ocrx_word' id='word_1_335' title='bbox 1111 677 1350 717; x_wconf 74' lang='lat' dir='ltr'>&#39;l&#39;yrinntliiuas</span> <span class='ocrx_word' id='word_1_336' title='bbox 1364 679 1453 706; x_wconf 77' lang='lat' dir='ltr'>uncto</span> <span class='ocrx_word' id='word_1_337' title='bbox 1474 685 1532 705; x_wconf 87' lang='lat' dir='ltr'>suo</span> <span class='ocrx_word' id='word_1_338' title='bbox 1547 685 1602 705; x_wconf 82' lang='lat' dir='ltr'>scu</span> <span class='ocrx_word' id='word_1_339' title='bbox 1620 675 1693 715; x_wconf 90' lang='lat' dir='ltr'>pin-</span> 
     </span>
     <span class='ocr_line' id='line_1_62' title="bbox 994 727 1692 768; baseline -0.001 -12"><span class='ocrx_word' id='word_1_340' title='bbox 994 728 1060 766; x_wconf 64' lang='lat' dir='ltr'>gui,</span> <span class='ocrx_word' id='word_1_341' title='bbox 1095 733 1130 758; x_wconf 89' lang='lat' dir='ltr'>ut</span> <span class='ocrx_word' id='word_1_342' title='bbox 1155 738 1282 768; x_wconf 58' lang='lat' dir='ltr'>035pr</span> <span class='ocrx_word' id='word_1_343' title='bbox 1323 728 1398 757; x_wconf 83' lang='lat' dir='ltr'>vilis</span> <span class='ocrx_word' id='word_1_344' title='bbox 1431 727 1692 758; x_wconf 84' lang='lat' dir='ltr'>bardocucullus</span> 
     </span>
     <span class='ocr_line' id='line_1_63' title="bbox 993 778 1692 817; baseline -0.003 -9"><span class='ocrx_word' id='word_1_345' title='bbox 993 778 1194 817; x_wconf 73' lang='lat' dir='ltr'>Lingonicus</span> <span class='ocrx_word' id='word_1_346' title='bbox 1210 779 1431 817; x_wconf 85' lang='lat' dir='ltr'>contaminat,</span> <span class='ocrx_word' id='word_1_347' title='bbox 1447 778 1473 807; x_wconf 88' lang='lat' dir='ltr'>si</span> <span class='ocrx_word' id='word_1_348' title='bbox 1495 778 1692 816; x_wconf 85' lang='lat' dir='ltr'>interpona-</span> 
     </span>
     <span class='ocr_line' id='line_1_64' title="bbox 992 828 1691 858; baseline 0 -2"><span class='ocrx_word' id='word_1_349' title='bbox 992 835 1046 858; x_wconf 77' lang='lat' dir='ltr'>tur</span> <span class='ocrx_word' id='word_1_350' title='bbox 1063 829 1133 858; x_wconf 87' lang='lat' dir='ltr'>sive</span> <span class='ocrx_word' id='word_1_351' title='bbox 1147 828 1340 858; x_wconf 80' lang='lat' dir='ltr'>misceatur.</span> <span class='ocrx_word' id='word_1_352' title='bbox 1367 828 1520 858; x_wconf 78' lang='lat' dir='ltr'>Ramires.</span> <span class='ocrx_word' id='word_1_353' title='bbox 1552 828 1691 857; x_wconf 69' lang='lat' dir='ltr'>Musam-</span> 
     </span>
     <span class='ocr_line' id='line_1_65' title="bbox 992 878 1693 915; baseline -0.001 -8"><span class='ocrx_word' id='word_1_354' title='bbox 992 878 1068 909; x_wconf 82' lang='lat' dir='ltr'>bert.</span> <span class='ocrx_word' id='word_1_355' title='bbox 1086 882 1136 915; x_wconf 61' lang='grc' dir='ltr'>ἃςσ.</span> <span class='ocrx_word' id='word_1_356' title='bbox 1173 878 1238 908; x_wconf 88' lang='lat' dir='ltr'>Sed</span> <span class='ocrx_word' id='word_1_357' title='bbox 1257 878 1446 909; x_wconf 83' lang='lat' dir='ltr'>Scriverius</span> <span class='ocrx_word' id='word_1_358' title='bbox 1463 882 1498 908; x_wconf 89' lang='lat' dir='ltr'>et</span> <span class='ocrx_word' id='word_1_359' title='bbox 1513 878 1693 908; x_wconf 51' lang='lat' dir='ltr'>Salmasius</span> 
     </span>
     <span class='ocr_line' id='line_1_66' title="bbox 993 928 1692 960; baseline -0.001 -1"><span class='ocrx_word' id='word_1_360' title='bbox 993 939 1034 959; x_wconf 78' lang='lat' dir='ltr'>ex</span> <span class='ocrx_word' id='word_1_361' title='bbox 1066 930 1149 960; x_wconf 61' lang='lat' dir='ltr'>Mss.</span> <span class='ocrx_word' id='word_1_362' title='bbox 1178 929 1226 959; x_wconf 89' lang='lat' dir='ltr'>ita</span> <span class='ocrx_word' id='word_1_363' title='bbox 1253 928 1398 959; x_wconf 84' lang='lat' dir='ltr'>formant</span> <span class='ocrx_word' id='word_1_364' title='bbox 1424 929 1512 958; x_wconf 83' lang='lat' dir='ltr'>liunc</span> <span class='ocrx_word' id='word_1_365' title='bbox 1537 937 1692 958; x_wconf 83' lang='lat' dir='ltr'>versum:</span> 
     </span>
     <span class='ocr_line' id='line_1_67' title="bbox 992 980 1696 1021; baseline 0 -11"><span class='ocrx_word' id='word_1_366' title='bbox 992 980 1046 1010; x_wconf 74' lang='lat' dir='ltr'>Sic</span> <span class='ocrx_word' id='word_1_367' title='bbox 1076 981 1258 1021; x_wconf 49' lang='lat' dir='ltr'>interlui-fito</span> <span class='ocrx_word' id='word_1_368' title='bbox 1288 981 1358 1011; x_wconf 70' lang='lat' dir='ltr'>vilis</span> <span class='ocrx_word' id='word_1_369' title='bbox 1384 980 1572 1010; x_wconf 77' lang='lat' dir='ltr'>contaminat</span> <span class='ocrx_word' id='word_1_370' title='bbox 1599 990 1696 1010; x_wconf 80' lang='lat' dir='ltr'>unco:</span> 
     </span>
     <span class='ocr_line' id='line_1_68' title="bbox 994 1031 1696 1072; baseline -0.001 -12"><span class='ocrx_word' id='word_1_371' title='bbox 994 1031 1272 1069; x_wconf 82' lang='lat' dir='ltr'>Bardocucullus,</span> <span class='ocrx_word' id='word_1_372' title='bbox 1296 1032 1418 1072; x_wconf 86' lang='lat' dir='ltr'>inquit,</span> <span class='ocrx_word' id='word_1_373' title='bbox 1441 1036 1505 1061; x_wconf 59' lang='lat' dir='ltr'>«stc.</span> <span class='ocrx_word' id='word_1_374' title='bbox 1524 1034 1643 1060; x_wconf 84' lang='lat' dir='ltr'>acutus</span> <span class='ocrx_word' id='word_1_375' title='bbox 1660 1034 1696 1060; x_wconf 88' lang='lat' dir='ltr'>et</span> 
     </span>
     <span class='ocr_line' id='line_1_69' title="bbox 993 1081 1696 1122; baseline 0 -12"><span class='ocrx_word' id='word_1_376' title='bbox 993 1081 1184 1121; x_wconf 77' lang='lat' dir='ltr'>fastigiatus</span> <span class='ocrx_word' id='word_1_377' title='bbox 1195 1082 1311 1111; x_wconf 84' lang='lat' dir='ltr'>eratin</span> <span class='ocrx_word' id='word_1_378' title='bbox 1324 1086 1459 1121; x_wconf 85' lang='lat' dir='ltr'>metam,</span> <span class='ocrx_word' id='word_1_379' title='bbox 1472 1081 1586 1122; x_wconf 86' lang='lat' dir='ltr'>quales</span> <span class='ocrx_word' id='word_1_380' title='bbox 1599 1086 1696 1111; x_wconf 84' lang='lat' dir='ltr'>eraut</span> 
     </span>
     <span class='ocr_line' id='line_1_70' title="bbox 993 1132 1695 1173; baseline 0 -11"><span class='ocrx_word' id='word_1_381' title='bbox 993 1133 1114 1162; x_wconf 88' lang='lat' dir='ltr'>cuculli</span> <span class='ocrx_word' id='word_1_382' title='bbox 1125 1132 1424 1162; x_wconf 74' lang='lat' dir='ltr'>vetustissimorum</span> <span class='ocrx_word' id='word_1_383' title='bbox 1439 1132 1695 1173; x_wconf 76' lang='lat' dir='ltr'>monacliorum3</span> 
     </span>
     <span class='ocr_line' id='line_1_71' title="bbox 994 1181 1696 1221; baseline 0 -10"><span class='ocrx_word' id='word_1_384' title='bbox 994 1181 1162 1221; x_wconf 83' lang='lat' dir='ltr'>hodieque</span> <span class='ocrx_word' id='word_1_385' title='bbox 1209 1187 1287 1211; x_wconf 86' lang='lat' dir='ltr'>suut</span> <span class='ocrx_word' id='word_1_386' title='bbox 1322 1181 1621 1212; x_wconf 82' lang='lat' dir='ltr'>Cartlmsianorum</span> <span class='ocrx_word' id='word_1_387' title='bbox 1660 1187 1696 1211; x_wconf 88' lang='lat' dir='ltr'>et</span> 
     </span>
     <span class='ocr_line' id='line_1_72' title="bbox 997 1231 1699 1272; baseline -0.001 -10"><span class='ocrx_word' id='word_1_388' title='bbox 997 1232 1258 1272; x_wconf 85' lang='lat' dir='ltr'>Capucinorum.</span> <span class='ocrx_word' id='word_1_389' title='bbox 1305 1231 1371 1262; x_wconf 85' lang='lat' dir='ltr'>Sed</span> <span class='ocrx_word' id='word_1_390' title='bbox 1402 1231 1479 1272; x_wconf 87' lang='lat' dir='ltr'>quia</span> <span class='ocrx_word' id='word_1_391' title='bbox 1506 1236 1605 1261; x_wconf 87' lang='lat' dir='ltr'>erant</span> <span class='ocrx_word' id='word_1_392' title='bbox 1629 1232 1699 1261; x_wconf 88' lang='lat' dir='ltr'>lon·</span> 
     </span>
     <span class='ocr_line' id='line_1_73' title="bbox 995 1281 1697 1320; baseline 0 -8"><span class='ocrx_word' id='word_1_393' title='bbox 995 1284 1105 1320; x_wconf 61' lang='lat' dir='ltr'>‚qim-es</span> <span class='ocrx_word' id='word_1_394' title='bbox 1121 1292 1186 1312; x_wconf 89' lang='lat' dir='ltr'>non</span> <span class='ocrx_word' id='word_1_395' title='bbox 1207 1283 1287 1312; x_wconf 84' lang='lat' dir='ltr'>recti</span> <span class='ocrx_word' id='word_1_396' title='bbox 1312 1282 1459 1320; x_wconf 84' lang='lat' dir='ltr'>stabant,</span> <span class='ocrx_word' id='word_1_397' title='bbox 1472 1282 1529 1312; x_wconf 88' lang='lat' dir='ltr'>sed</span> <span class='ocrx_word' id='word_1_398' title='bbox 1546 1281 1697 1312; x_wconf 80' lang='lat' dir='ltr'>inflecte-</span> 
     </span>
     <span class='ocr_line' id='line_1_74' title="bbox 996 1331 1696 1372; baseline 0 -10"><span class='ocrx_word' id='word_1_399' title='bbox 996 1333 1120 1363; x_wconf 84' lang='lat' dir='ltr'>bantur</span> <span class='ocrx_word' id='word_1_400' title='bbox 1137 1337 1229 1363; x_wconf 84' lang='lat' dir='ltr'>retro</span> <span class='ocrx_word' id='word_1_401' title='bbox 1243 1343 1251 1370; x_wconf 80' lang='lat'><em>3</em></span> <span class='ocrx_word' id='word_1_402' title='bbox 1276 1333 1352 1363; x_wconf 84' lang='lat' dir='ltr'>hinc</span> <span class='ocrx_word' id='word_1_403' title='bbox 1367 1342 1447 1372; x_wconf 81' lang='lat' dir='ltr'>ergo</span> <span class='ocrx_word' id='word_1_404' title='bbox 1462 1331 1587 1363; x_wconf 80' lang='lat' dir='ltr'>flexum</span> <span class='ocrx_word' id='word_1_405' title='bbox 1603 1333 1696 1363; x_wconf 89' lang='lat' dir='ltr'>illum</span> 
     </span>
     <span class='ocr_line' id='line_1_75' title="bbox 996 1383 1696 1423; baseline 0 -10"><span class='ocrx_word' id='word_1_406' title='bbox 996 1393 1105 1414; x_wconf 79' lang='lat' dir='ltr'>uncum</span> <span class='ocrx_word' id='word_1_407' title='bbox 1124 1383 1225 1423; x_wconf 73' lang='lat' dir='ltr'>poeta</span> <span class='ocrx_word' id='word_1_408' title='bbox 1242 1384 1429 1423; x_wconf 74' lang='lat' dir='ltr'>appellasse</span> <span class='ocrx_word' id='word_1_409' title='bbox 1447 1383 1592 1414; x_wconf 81' lang='lat' dir='ltr'>videtur.</span> <span class='ocrx_word' id='word_1_410' title='bbox 1632 1384 1696 1414; x_wconf 84' lang='lat' dir='ltr'>Re-</span> 
     </span>
     <span class='ocr_line' id='line_1_76' title="bbox 999 1433 1695 1475; baseline 0.001 -12"><span class='ocrx_word' id='word_1_411' title='bbox 999 1443 1076 1464; x_wconf 80' lang='lat' dir='ltr'>vera</span> <span class='ocrx_word' id='word_1_412' title='bbox 1091 1434 1177 1465; x_wconf 89' lang='lat' dir='ltr'>enim</span> <span class='ocrx_word' id='word_1_413' title='bbox 1196 1441 1376 1472; x_wconf 80' lang='lat' dir='ltr'>uncantur‚</span> <span class='ocrx_word' id='word_1_414' title='bbox 1395 1444 1495 1475; x_wconf 83' lang='lat' dir='ltr'>quum</span> <span class='ocrx_word' id='word_1_415' title='bbox 1518 1435 1563 1465; x_wconf 87' lang='lat' dir='ltr'>ita</span> <span class='ocrx_word' id='word_1_416' title='bbox 1581 1433 1695 1465; x_wconf 88' lang='lat' dir='ltr'>inflec-</span> 
     </span>
     <span class='ocr_line' id='line_1_77' title="bbox 997 1485 1695 1526; baseline 0 -11"><span class='ocrx_word' id='word_1_417' title='bbox 997 1490 1126 1515; x_wconf 85' lang='lat' dir='ltr'>tuntur.</span> <span class='ocrx_word' id='word_1_418' title='bbox 1185 1486 1240 1516; x_wconf 83' lang='lat' dir='ltr'>Sic</span> <span class='ocrx_word' id='word_1_419' title='bbox 1271 1485 1385 1525; x_wconf 81' lang='lat' dir='ltr'>igitur,</span> <span class='ocrx_word' id='word_1_420' title='bbox 1437 1485 1559 1526; x_wconf 78' lang='lat' dir='ltr'>iuquit,</span> <span class='ocrx_word' id='word_1_421' title='bbox 1597 1485 1695 1516; x_wconf 86' lang='lat' dir='ltr'>homo</span> 
     </span>
     <span class='ocr_line' id='line_1_78' title="bbox 998 1536 1696 1576; baseline 0 -10"><span class='ocrx_word' id='word_1_422' title='bbox 998 1542 1107 1566; x_wconf 81' lang='lat' dir='ltr'>tectus</span> <span class='ocrx_word' id='word_1_423' title='bbox 1138 1536 1377 1566; x_wconf 81' lang='lat' dir='ltr'>bardocucullo</span> <span class='ocrx_word' id='word_1_424' title='bbox 1413 1537 1606 1576; x_wconf 86' lang='lat' dir='ltr'>purpuratis</span> <span class='ocrx_word' id='word_1_425' title='bbox 1638 1537 1696 1566; x_wconf 88' lang='lat' dir='ltr'>im-</span> 
     </span>
     <span class='ocr_line' id='line_1_79' title="bbox 999 1585 1698 1625; baseline 0 -10"><span class='ocrx_word' id='word_1_426' title='bbox 999 1586 1123 1615; x_wconf 75' lang='lat' dir='ltr'>mixtus</span> <span class='ocrx_word' id='word_1_427' title='bbox 1137 1585 1326 1624; x_wconf 84' lang='lat' dir='ltr'>deridetur,</span> <span class='ocrx_word' id='word_1_428' title='bbox 1341 1585 1475 1625; x_wconf 80' lang='lat' dir='ltr'>quando</span> <span class='ocrx_word' id='word_1_429' title='bbox 1495 1586 1624 1616; x_wconf 88' lang='lat' dir='ltr'>scilicet</span> <span class='ocrx_word' id='word_1_430' title='bbox 1640 1595 1698 1616; x_wconf 93' lang='lat' dir='ltr'>un-</span> 
     </span>
     <span class='ocr_line' id='line_1_80' title="bbox 999 1634 1698 1675; baseline 0.001 -11"><span class='ocrx_word' id='word_1_431' title='bbox 999 1644 1057 1665; x_wconf 88' lang='lat' dir='ltr'>cus</span> <span class='ocrx_word' id='word_1_432' title='bbox 1079 1635 1137 1665; x_wconf 85' lang='lat' dir='ltr'>ille</span> <span class='ocrx_word' id='word_1_433' title='bbox 1164 1642 1222 1666; x_wconf 85' lang='lat' dir='ltr'>aut</span> <span class='ocrx_word' id='word_1_434' title='bbox 1248 1634 1354 1665; x_wconf 80' lang='lat' dir='ltr'>flexus</span> <span class='ocrx_word' id='word_1_435' title='bbox 1384 1636 1485 1665; x_wconf 79' lang='lat' dir='ltr'>risum</span> <span class='ocrx_word' id='word_1_436' title='bbox 1510 1636 1698 1675; x_wconf 87' lang='lat' dir='ltr'>spectanti-</span> 
     </span>
     <span class='ocr_line' id='line_1_81' title="bbox 998 1685 1203 1716; baseline 0 0"><span class='ocrx_word' id='word_1_437' title='bbox 998 1685 1060 1716; x_wconf 81' lang='lat' dir='ltr'>bus</span> <span class='ocrx_word' id='word_1_438' title='bbox 1076 1691 1203 1716; x_wconf 76' lang='lat' dir='ltr'>movet,</span> 
     </span>
    </p>

    <p class='ocr_par' dir='ltr' id='par_1_11' title="bbox 995 1735 1698 2177">
     <span class='ocr_line' id='line_1_82' title="bbox 1039 1735 1695 1775; baseline 0.005 -10"><span class='ocrx_word' id='word_1_439' title='bbox 1039 1739 1057 1765; x_wconf 87' lang='lat'>5</span> <span class='ocrx_word' id='word_1_440' title='bbox 1087 1735 1216 1775; x_wconf 81' lang='lat' dir='ltr'>Urbica]</span> <span class='ocrx_word' id='word_1_441' title='bbox 1240 1736 1388 1775; x_wconf 85' lang='lat' dir='ltr'>Urbana,</span> <span class='ocrx_word' id='word_1_442' title='bbox 1416 1737 1576 1768; x_wconf 85' lang='lat' dir='ltr'>Romana.</span> <span class='ocrx_word' id='word_1_443' title='bbox 1620 1737 1695 1768; x_wconf 77' lang='lat' dir='ltr'>Lin-</span> 
     </span>
     <span class='ocr_line' id='line_1_83' title="bbox 995 1786 1697 1829; baseline 0.004 -14"><span class='ocrx_word' id='word_1_444' title='bbox 995 1786 1137 1826; x_wconf 75' lang='lat' dir='ltr'>gonicus]</span> <span class='ocrx_word' id='word_1_445' title='bbox 1183 1787 1348 1818; x_wconf 86' lang='lat' dir='ltr'>Gallicus.</span> <span class='ocrx_word' id='word_1_446' title='bbox 1403 1788 1489 1818; x_wconf 74' lang='lat' dir='ltr'>Nam</span> <span class='ocrx_word' id='word_1_447' title='bbox 1529 1789 1697 1829; x_wconf 82' lang='lat' dir='ltr'>Lingones</span> 
     </span>
     <span class='ocr_line' id='line_1_84' title="bbox 998 1835 1698 1878; baseline 0.006 -13"><span class='ocrx_word' id='word_1_448' title='bbox 998 1835 1102 1874; x_wconf 84' lang='lat' dir='ltr'>Galli,</span> <span class='ocrx_word' id='word_1_449' title='bbox 1118 1836 1172 1876; x_wconf 84' lang='lat' dir='ltr'>qui</span> <span class='ocrx_word' id='word_1_450' title='bbox 1191 1841 1331 1866; x_wconf 85' lang='lat' dir='ltr'>utuntur</span> <span class='ocrx_word' id='word_1_451' title='bbox 1348 1837 1599 1868; x_wconf 76' lang='lat' dir='ltr'>bardocucullo.</span> <span class='ocrx_word' id='word_1_452' title='bbox 1639 1839 1698 1878; x_wconf 82' lang='lat' dir='ltr'>Ty-</span> 
     </span>
     <span class='ocr_line' id='line_1_85' title="bbox 996 1885 1696 1924; baseline 0.006 -10"><span class='ocrx_word' id='word_1_453' title='bbox 996 1885 1171 1924; x_wconf 78' lang='lat' dir='ltr'>rianthina]</span> <span class='ocrx_word' id='word_1_454' title='bbox 1206 1886 1319 1916; x_wconf 86' lang='lat' dir='ltr'>Vestis</span> <span class='ocrx_word' id='word_1_455' title='bbox 1350 1886 1520 1924; x_wconf 82' lang='lat' dir='ltr'>violacea3</span> <span class='ocrx_word' id='word_1_456' title='bbox 1559 1888 1652 1918; x_wconf 76' lang='lat' dir='ltr'>color</span> <span class='ocrx_word' id='word_1_457' title='bbox 1679 1897 1696 1918; x_wconf 87' lang='lat' dir='ltr'>e</span> 
     </span>
     <span class='ocr_line' id='line_1_86' title="bbox 998 1935 1698 1977; baseline 0.004 -12"><span class='ocrx_word' id='word_1_458' title='bbox 998 1945 1147 1975; x_wconf 89' lang='lat' dir='ltr'>purpura</span> <span class='ocrx_word' id='word_1_459' title='bbox 1164 1941 1198 1966; x_wconf 87' lang='lat' dir='ltr'>et</span> <span class='ocrx_word' id='word_1_460' title='bbox 1225 1936 1313 1966; x_wconf 87' lang='lat' dir='ltr'>viola</span> <span class='ocrx_word' id='word_1_461' title='bbox 1328 1935 1451 1968; x_wconf 80' lang='lat' dir='ltr'>factus.</span> <span class='ocrx_word' id='word_1_462' title='bbox 1468 1937 1509 1968; x_wconf 90' lang='lat' dir='ltr'>ab</span> <span class='ocrx_word' id='word_1_463' title='bbox 1537 1938 1593 1974; x_wconf 75' lang='grc' dir='ltr'>ἵον,</span> <span class='ocrx_word' id='word_1_464' title='bbox 1607 1939 1698 1977; x_wconf 75' lang='lat' dir='ltr'>riola,</span> 
     </span>
     <span class='ocr_line' id='line_1_87' title="bbox 997 1985 1696 2027; baseline 0.004 -12"><span class='ocrx_word' id='word_1_465' title='bbox 997 1990 1032 2016; x_wconf 88' lang='lat' dir='ltr'>et</span> <span class='ocrx_word' id='word_1_466' title='bbox 1062 1985 1184 2026; x_wconf 74' lang='lat' dir='ltr'>Tyrius,</span> <span class='ocrx_word' id='word_1_467' title='bbox 1210 1995 1270 2025; x_wconf 89' lang='lat' dir='ltr'>pro</span> <span class='ocrx_word' id='word_1_468' title='bbox 1301 1995 1499 2026; x_wconf 87' lang='lat' dir='ltr'>purpureus.</span> <span class='ocrx_word' id='word_1_469' title='bbox 1542 1988 1696 2027; x_wconf 77' lang='lat' dir='ltr'>Splendi-</span> 
     </span>
     <span class='ocr_line' id='line_1_88' title="bbox 997 2036 1696 2077; baseline 0.004 -12"><span class='ocrx_word' id='word_1_470' title='bbox 997 2036 1141 2066; x_wconf 85' lang='lat' dir='ltr'>dissimae</span> <span class='ocrx_word' id='word_1_471' title='bbox 1159 2045 1239 2075; x_wconf 81' lang='lat' dir='ltr'>ergo</span> <span class='ocrx_word' id='word_1_472' title='bbox 1259 2041 1367 2066; x_wconf 84' lang='lat' dir='ltr'>vestes</span> <span class='ocrx_word' id='word_1_473' title='bbox 1381 2043 1488 2068; x_wconf 80' lang='lat' dir='ltr'>erant.</span> <span class='ocrx_word' id='word_1_474' title='bbox 1522 2037 1598 2069; x_wconf 87' lang='lat' dir='ltr'>Quo</span> <span class='ocrx_word' id='word_1_475' title='bbox 1615 2047 1696 2077; x_wconf 79' lang='lat' dir='ltr'>ergo</span> 
     </span>
     <span class='ocr_line' id='line_1_89' title="bbox 998 2085 1698 2128; baseline 0.004 -13"><span class='ocrx_word' id='word_1_476' title='bbox 998 2086 1093 2116; x_wconf 81' lang='lat' dir='ltr'>vilior</span> <span class='ocrx_word' id='word_1_477' title='bbox 1111 2085 1384 2125; x_wconf 86' lang='lat' dir='ltr'>bardocucullus,</span> <span class='ocrx_word' id='word_1_478' title='bbox 1406 2087 1468 2118; x_wconf 88' lang='lat' dir='ltr'>hoc</span> <span class='ocrx_word' id='word_1_479' title='bbox 1485 2087 1698 2128; x_wconf 79' lang='lat' dir='ltr'>magnificen-</span> 
     </span>
     <span class='ocr_line' id='line_1_90' title="bbox 998 2137 1311 2177; baseline 0 -11"><span class='ocrx_word' id='word_1_480' title='bbox 998 2138 1062 2167; x_wconf 88' lang='lat' dir='ltr'>tior</span> <span class='ocrx_word' id='word_1_481' title='bbox 1074 2137 1311 2177; x_wconf 81' lang='lat' dir='ltr'>Tyrianthina.</span> 
     </span>
    </p>

    <p class='ocr_par' dir='ltr' id='par_1_12' title="bbox 995 2187 1700 2379">
     <span class='ocr_line' id='line_1_91' title="bbox 1037 2187 1697 2227; baseline 0.002 -9"><span class='ocrx_word' id='word_1_482' title='bbox 1037 2191 1056 2218; x_wconf 87' lang='lat' dir='ltr'>G</span> <span class='ocrx_word' id='word_1_483' title='bbox 1079 2187 1234 2227; x_wconf 79' lang='lat' dir='ltr'>Aretinoe]</span> <span class='ocrx_word' id='word_1_484' title='bbox 1281 2187 1436 2218; x_wconf 79' lang='lat' dir='ltr'>Areuum</span> <span class='ocrx_word' id='word_1_485' title='bbox 1469 2187 1577 2219; x_wconf 68' lang='lat' dir='ltr'>Italiae</span> <span class='ocrx_word' id='word_1_486' title='bbox 1607 2188 1697 2227; x_wconf 79' lang='lat' dir='ltr'>urbs,</span> 
     </span>
     <span class='ocr_line' id='line_1_92' title="bbox 996 2238 1700 2279; baseline 0.001 -11"><span class='ocrx_word' id='word_1_487' title='bbox 996 2238 1051 2268; x_wconf 90' lang='lat' dir='ltr'>ubi</span> <span class='ocrx_word' id='word_1_488' title='bbox 1078 2244 1170 2268; x_wconf 86' lang='lat' dir='ltr'>terra</span> <span class='ocrx_word' id='word_1_489' title='bbox 1202 2238 1297 2268; x_wconf 90' lang='lat' dir='ltr'>testis</span> <span class='ocrx_word' id='word_1_490' title='bbox 1325 2244 1415 2278; x_wconf 80' lang='lat' dir='ltr'>apta.</span> <span class='ocrx_word' id='word_1_491' title='bbox 1465 2239 1600 2278; x_wconf 69' lang='lat' dir='ltr'>violant,</span> <span class='ocrx_word' id='word_1_492' title='bbox 1629 2239 1700 2279; x_wconf 60' lang='lat' dir='ltr'>fisa]</span> 
     </span>
     <span class='ocr_line' id='line_1_93' title="bbox 996 2288 1697 2329; baseline 0.006 -12"><span class='ocrx_word' id='word_1_493' title='bbox 996 2288 1236 2318; x_wconf 75' lang='lat' dir='ltr'>contaminant</span> <span class='ocrx_word' id='word_1_494' title='bbox 1281 2289 1461 2327; x_wconf 69' lang='lat' dir='ltr'>crystalla:</span> <span class='ocrx_word' id='word_1_495' title='bbox 1501 2296 1697 2329; x_wconf 87' lang='lat' dir='ltr'>comparata</span> 
     </span>
     <span class='ocr_line' id='line_1_94' title="bbox 995 2338 1641 2379; baseline 0.003 -11"><span class='ocrx_word' id='word_1_496' title='bbox 995 2348 1070 2369; x_wconf 90' lang='lat' dir='ltr'>cum</span> <span class='ocrx_word' id='word_1_497' title='bbox 1086 2338 1290 2377; x_wconf 68' lang='lat' dir='ltr'>crystallinis</span> <span class='ocrx_word' id='word_1_498' title='bbox 1306 2339 1393 2368; x_wconf 78' lang='lat' dir='ltr'>vasis</span> <span class='ocrx_word' id='word_1_499' title='bbox 1409 2340 1481 2379; x_wconf 77' lang='lat' dir='ltr'>ipsa</span> <span class='ocrx_word' id='word_1_500' title='bbox 1493 2340 1641 2371; x_wconf 89' lang='lat' dir='ltr'>sordent.</span> 
     </span>
    </p>

    <p class='ocr_par' dir='ltr' id='par_1_13' title="bbox 997 2387 1694 2469">
     <span class='ocr_line' id='line_1_95' title="bbox 1037 2387 1694 2431; baseline 0.003 -13"><span class='ocrx_word' id='word_1_501' title='bbox 1037 2392 1054 2419; x_wconf 76' lang='grc' dir='ltr'><em>ῖ</em></span> <span class='ocrx_word' id='word_1_502' title='bbox 1081 2387 1222 2429; x_wconf 75' lang='lat' dir='ltr'>Caystri]</span> <span class='ocrx_word' id='word_1_503' title='bbox 1247 2388 1338 2420; x_wconf 70' lang='lat' dir='ltr'>Asiae</span> <span class='ocrx_word' id='word_1_504' title='bbox 1352 2387 1385 2420; x_wconf 85' lang='lat' dir='ltr'>fl.</span> <span class='ocrx_word' id='word_1_505' title='bbox 1403 2390 1522 2429; x_wconf 75' lang='lat' dir='ltr'>cygnis</span> <span class='ocrx_word' id='word_1_506' title='bbox 1537 2389 1694 2431; x_wconf 83' lang='lat' dir='ltr'>frequen-</span> 
     </span>
     <span class='ocr_line' id='line_1_96' title="bbox 997 2438 1051 2469; baseline 0.037 -2"><span class='ocrx_word' id='word_1_507' title='bbox 997 2438 1051 2469; x_wconf 79' lang='lat' dir='ltr'>tis.</span> 
     </span>
    </p>

    <p class='ocr_par' dir='ltr' id='par_1_14' title="bbox 996 2489 1695 2621">
     <span class='ocr_line' id='line_1_97' title="bbox 1038 2489 1695 2531; baseline 0.005 -12"><span class='ocrx_word' id='word_1_508' title='bbox 1038 2491 1057 2519; x_wconf 78' lang='lat' dir='ltr'>S</span> <span class='ocrx_word' id='word_1_509' title='bbox 1081 2489 1219 2527; x_wconf 80' lang='lat' dir='ltr'>Ledoeos,</span> <span class='ocrx_word' id='word_1_510' title='bbox 1234 2489 1299 2529; x_wconf 48' lang='grc' dir='ltr'>ἔξω]</span> <span class='ocrx_word' id='word_1_511' title='bbox 1321 2489 1460 2530; x_wconf 83' lang='lat' dir='ltr'>Jupiter</span> <span class='ocrx_word' id='word_1_512' title='bbox 1476 2490 1537 2521; x_wconf 90' lang='lat' dir='ltr'>snb</span> <span class='ocrx_word' id='word_1_513' title='bbox 1550 2491 1695 2531; x_wconf 83' lang='lat' dir='ltr'>imagine</span> 
     </span>
     <span class='ocr_line' id='line_1_98' title="bbox 997 2540 1695 2580; baseline 0.006 -12"><span class='ocrx_word' id='word_1_514' title='bbox 997 2540 1096 2579; x_wconf 80' lang='lat' dir='ltr'>cygni</span> <span class='ocrx_word' id='word_1_515' title='bbox 1137 2540 1261 2569; x_wconf 89' lang='lat' dir='ltr'>Ledam</span> <span class='ocrx_word' id='word_1_516' title='bbox 1299 2540 1514 2580; x_wconf 86' lang='lat' dir='ltr'>compressit,</span> <span class='ocrx_word' id='word_1_517' title='bbox 1551 2546 1695 2572; x_wconf 87' lang='lat' dir='ltr'>matrem</span> 
     </span>
     <span class='ocr_line' id='line_1_99' title="bbox 996 2590 1376 2621; baseline 0.003 -1"><span class='ocrx_word' id='word_1_518' title='bbox 996 2590 1146 2620; x_wconf 86' lang='lat' dir='ltr'>Castoris</span> <span class='ocrx_word' id='word_1_519' title='bbox 1163 2600 1201 2621; x_wconf 87' lang='lat' dir='ltr'>ac</span> <span class='ocrx_word' id='word_1_520' title='bbox 1216 2590 1376 2621; x_wconf 86' lang='lat' dir='ltr'>Pollucis.</span> 
     </span>
    </p>

    <p class='ocr_par' dir='ltr' id='par_1_15' title="bbox 993 2641 1695 2774">
     <span class='ocr_line' id='line_1_100' title="bbox 1037 2641 1694 2681; baseline 0.005 -10"><span class='ocrx_word' id='word_1_521' title='bbox 1037 2644 1056 2671; x_wconf 82' lang='lat'><strong>9</strong></span> <span class='ocrx_word' id='word_1_522' title='bbox 1079 2641 1132 2671; x_wconf 66' lang='lat' dir='ltr'>Sic</span> <span class='ocrx_word' id='word_1_523' title='bbox 1159 2642 1212 2671; x_wconf 72' lang='lat' dir='ltr'>ubi</span> <span class='ocrx_word' id='word_1_524' title='bbox 1242 2641 1419 2681; x_wconf 74' lang='lat' dir='ltr'>multisona]</span> <span class='ocrx_word' id='word_1_525' title='bbox 1463 2642 1519 2673; x_wconf 90' lang='lat' dir='ltr'>Sic</span> <span class='ocrx_word' id='word_1_526' title='bbox 1553 2642 1694 2674; x_wconf 82' lang='lat' dir='ltr'>offendit</span> 
     </span>
     <span class='ocr_line' id='line_1_101' title="bbox 995 2691 1695 2732; baseline 0.006 -13"><span class='ocrx_word' id='word_1_527' title='bbox 995 2691 1108 2721; x_wconf 87' lang='lat' dir='ltr'>dulces</span> <span class='ocrx_word' id='word_1_528' title='bbox 1126 2697 1246 2721; x_wconf 83' lang='lat' dir='ltr'>cantus</span> <span class='ocrx_word' id='word_1_529' title='bbox 1260 2691 1457 2722; x_wconf 79' lang='lat' dir='ltr'>Philomelae</span> <span class='ocrx_word' id='word_1_530' title='bbox 1480 2693 1627 2732; x_wconf 81' lang='lat' dir='ltr'>garritus</span> <span class='ocrx_word' id='word_1_531' title='bbox 1647 2704 1695 2732; x_wconf 81' lang='lat' dir='ltr'>px-</span> 
     </span>
     <span class='ocr_line' id='line_1_102' title="bbox 993 2740 1692 2774; baseline 0.006 -4"><span class='ocrx_word' id='word_1_532' title='bbox 993 2750 1055 2772; x_wconf 72' lang='lat' dir='ltr'>cae.</span> <span class='ocrx_word' id='word_1_533' title='bbox 1101 2741 1195 2771; x_wconf 84' lang='lat' dir='ltr'>Ordo</span> <span class='ocrx_word' id='word_1_534' title='bbox 1210 2740 1387 2771; x_wconf 85' lang='lat' dir='ltr'>verborum</span> <span class='ocrx_word' id='word_1_535' title='bbox 1405 2747 1476 2771; x_wconf 83' lang='lat' dir='ltr'>est:</span> <span class='ocrx_word' id='word_1_536' title='bbox 1513 2742 1566 2772; x_wconf 81' lang='lat' dir='ltr'>Sic</span> <span class='ocrx_word' id='word_1_537' title='bbox 1585 2744 1692 2774; x_wconf 56' lang='lat' dir='ltr'>(secro-</span> 
     </span>
    </p>
   </div>
  </div>
 </body>
</html>
