1866 3131
262 161 372 202 1452

263 266 415 305 Callaici,
432 267 497 305 vel,
516 270 552 296 ut
567 264 756 296 Scriverius
770 264 867 304 legit,
885 263 956 294 Cal-

262 317 372 356 Laz'nas,
387 317 419 347 id
435 322 498 355 est,
515 316 690 354 coeruleas,
705 324 724 345 a
740 314 849 345 Callai
867 323 955 354 gem·

263 377 330 405 ma,
343 367 502 407 Sappliiri
519 366 650 396 aemula.

306 419 411 448 Eme.
429 426 506 448 exn.
534 417 656 447 Udones
673 415 795 456 Cilicii]
819 415 954 446 Calcea-

265 474 381 498 mcnta
404 477 447 498 ex
464 468 540 507 pilis
555 467 703 498 hircinis.

308 521 323 548 1
351 517 412 548 Sed
424 517 544 556 olentis,
559 517 625 557 &NJ
647 516 713 547 Sed
732 526 773 547 ex
790 515 864 556 pilis
882 515 958 545 bar-

265 568 334 599 bati
351 569 433 599 hirci
450 578 507 599 seu
523 568 629 608 capri,
648 568 706 608 qui
730 569 739 584 ‘
757 567 806 597 vir
821 565 958 606 gregis.’

308 622 326 649 2
354 619 505 660 Cinyphio
522 618 654 659 poterit]
690 618 873 658 Epignffi.
897 616 958 647 lib.

265 672 296 700 7.
315 679 401 700 vers.
416 672 467 700 13.
491 668 620 708 Planta]
644 669 725 699 Pes.

308 719 416 750 Eme.
428 727 522 750 cxu.
548 722 562 749 1
582 719 668 749 Dum
685 721 770 757 toga,
784 716 855 757 aaa]
871 716 961 747 Vide

266 769 384 809 Epigr.
404 772 432 800 1.
450 779 550 809 supra
566 778 653 799 vers.
668 771 696 798 1.
723 775 757 798 et
778 768 897 807 Epigr.
909 769 961 797 52.

265 819 366 850 lib.7.
386 822 557 850 vei-S.1.2.
596 818 714 853 Quinas
735 817 830 857 luces]
857 817 963 849 Quin-

265 879 331 910 que
348 868 436 900 enim
453 874 549 899 erant
570 868 715 908 legitimi
731 867 962 898 Saturnalium

269 918 356 958 dies,
373 923 409 949 ut
421 929 494 958 sup.
510 919 574 958 Ep.
589 921 641 949 79.

313 970 418 1000 Epio.
440 978 548 1000 CXLII.
584 972 599 999 1
635 967 672 998 Si
688 968 884 1007 recitaturus,
898 966 966 1007 Era]

269 1019 357 1050 Vide
373 1020 490 1059 Epigr.
503 1023 555 1050 41.
568 1019 668 1050 ΗΒΑ.

312 1073 332 1100 2
357 1070 485 1110 Focale]
509 1070 644 1101 Focalia
660 1079 678 1100 a
694 1068 850 1100 faucibus
875 1068 967 1099 dicta

269 1124 359 1159 sunt,
373 1121 494 1161 quilius
509 1121 639 1150 haerent
653 1131 662 1157 3
681 1130 820 1160 quorum
833 1129 910 1149 usus
924 1118 966 1149 ad

270 1171 454 1201 arcendum
476 1170 583 1211 frigus
601 1181 620 1201 a
636 1171 724 1200 collo
747 1169 964 1201 etfaucibus:

271 1220 380 1260 poetis
398 1221 500 1251 etiam
518 1220 720 1258 recitaturis,
736 1229 779 1249 ne
795 1228 968 1248 rancesce-

271 1276 361 1301 rent.
385 1271 482 1301 Dicit
497 1280 577 1310 ergo
602 1269 712 1300 Poeta
727 1269 753 1298 si
778 1268 967 1299 recitavero

272 1321 335 1351 tibi
357 1321 506 1351 libellum
531 1320 672 1358 malum;
699 1328 831 1358 moneo,
858 1324 894 1349 ut
921 1317 968 1348 fo·

273 1371 348 1401 cale
361 1371 465 1411 (quod
484 1371 608 1411 alioqui
626 1370 736 1410 poe‘tae
751 1370 914 1400 adhibent
927 1370 968 1399 ad

272 1420 388 1451 fauces
407 1426 440 1451 et
459 1421 592 1459 collum,
615 1430 658 1451 ne
687 1419 906 1460 raucescant)
932 1425 969 1450 tu

274 1471 409 1502 auribus
433 1471 626 1510 admoveas,
651 1480 774 1511 easque
802 1470 970 1510 obstruas,

273 1531 315 1552 ne
329 1522 415 1552 mala
431 1522 587 1552 Carmina
603 1520 733 1551 audias.
758 1521 840 1551 Rue.

319 1574 423 1604 Eme.
438 1581 563 1603 cxmu.
588 1575 603 1602 1
635 1572 766 1609 Vellera,
782 1570 851 1610 Era]
884 1571 969 1601 Tun.

278 1625 355 1656 Pat.
377 1633 419 1654 ex
436 1624 541 1654 multa
556 1623 636 1652 lana
653 1621 817 1652 confertae
843 1621 970 1661 triplici

275 1676 365 1715 licio,
390 1685 456 1705 non
482 1674 582 1705 facile
611 1673 811 1704 scinduntur
840 1672 972 1712 forfice,

275 1728 375 1757 immo
392 1735 485 1756 serra
500 1734 583 1765 opus
600 1724 678 1763 erit,
692 1724 731 1754 iis
743 1730 902 1764 tanquam
921 1734 971 1754 as—

277 1776 405 1807 seribus
419 1775 586 1806 secandis.

321 1829 425 1859 Eme.
442 1836 563 1858 cxmv.
582 1830 597 1856 1
616 1826 697 1857 Hoec
707 1825 970 1865 tibisortedatur]

279 1879 395 1920 Epigr.
409 1883 438 1910 l.
451 1888 553 1919 supra
567 1887 652 1908 vers.
667 1881 696 1908 5.
716 1877 893 1916 TergendiS,
904 1878 972 1918 [Se]

279 1931 388 1961 ‘Usus
413 1930 627 1970 spongiarum
654 1929 695 1958 ad
734 1927 971 1967 abstergenda,

278 1979 449 2018 fovenda,’
465 1982 527 2009 διο.
543 1979 674 2009 Plinius
691 1978 748 2008 lib.
762 1980 813 2007 31.
830 1987 904 2016 cap.
919 1980 970 2007 11.

278 2035 313 2060 et
331 2029 439 2059 Lucil.
451 2029 620 2068 Epigram.
635 2027 691 2059 lib.
704 2031 734 2057 2.
749 2027 884 2057 Anthol.
897 2037 971 2066 cap.

279 2083 332 2111 31.
346 2078 488 2118 σπόγγον
499 2078 548 2108 καὶ
561 2078 654 2117 σειρὸν
668 2077 751 2108 εὐθὺς
767 2077 856 2115 ἔχων.

323 2130 429 2161 EPIG.
445 2139 550 2161 CXLV.
575 2132 591 2160 1
611 2129 643 2159 Is
658 2128 734 2159 mihi
755 2130 870 2158 candor
885 2128 976 2167 inest,

281 2181 351 2221 Sym]
375 2181 464 2211 Vide.
480 2181 595 2221 Epigr.
608 2183 660 2210 59.
674 2179 732 2210 lib.
746 2182 777 2210 0.

325 2233 431 2263 Eme..
455 2241 574 2263 cxcvr.
613 2234 629 2261 1
666 2231 770 2260 Nar-di
791 2231 883 2268 folio,
908 2230 976 2271 ἕξω]

282 2283 433 2313 Foliato:
472 2286 646 2322 unguento
675 2280 826 2312 nardino.
870 2282 977 2322 Supra

284 2334 404 2374 Epigr.
418 2337 490 2364 110.

328 2385 434 2415 Epic.
445 2393 581 2415 cxnvn.
596 2387 611 2414 1
631 2384 796 2422 Stragula,
810 2383 879 2424 ese]
896 2383 977 2413 Plus

283 2434 368 2465 facit
384 2444 467 2465 uxor
493 2440 552 2465 tua
566 2444 648 2465 anns
665 2435 706 2465 ad
731 2440 764 2465 te
788 2434 978 2474 gelandum,

285 2494 383 2526 quam
402 2485 470 2515 villi
486 2484 593 2515 nostri
610 2484 653 2515 ad
669 2490 701 2515 te
719 2484 976 2515 calfaciendum.

328 2536 434 2566 Eme..
445 2545 598 2567 cxm‘m.
612 2538 627 2565 1
647 2536 739 2566 Nudo
751 2537 900 2575 stragula,
912 2535 978 2575 Sym]

288 2586 430 2616 Lodices
448 2587 589 2625 geminae
613 2591 648 2617 et
661 2586 823 2617 coeuntes
841 2587 977 2617 adhibe-

287 2635 410 2666 bantur
433 2637 474 2667 ad
502 2637 720 2678 operiendum
750 2638 873 2668 lectum
903 2647 976 2668 cum

288 2686 456 2726 stragulis.

334 2735 437 2768 Eme.
452 2746 576 2770 cmix.
604 2741 619 2769 l
649 2738 839 2769 Mammosas
866 2737 979 2778 metuo]

723 169 860 198 NOTAE
899 168 1157 199 VARJORUM
1193 169 1244 198 ΙΝ

1005 263 1115 303 Supra
1133 262 1306 303 Epigram.
1318 265 1390 293 134.

1049 317 1068 343 2
1093 313 1264 352 Linusrui]
1288 311 1603 343 Amictorialiutea.

1036 365 1142 395 Eme.
1156 373 1207 395 eL.
1222 364 1417 394 Cubicularia
1434 363 1597 404 polymita]
1612 361 1702 393 Mul-

1007 416 1051 446 tis
1065 415 1129 446 filis
1145 425 1204 446 seu
1217 415 1301 446 liciis
1317 419 1487 446 contexta.

1053 467 1265 507 Polymitarii
1294 465 1446 505 stragula
1474 464 1590 495 multis
1616 464 1702 495 liciis

1009 517 1184 555 texebant,
1203 527 1276 557 quae
1289 515 1453 556 polymita
1476 515 1553 545 iude
1573 514 1705 545 Graecis

1010 567 1225 599 vocabantur.
1279 567 1357 598 Non
1385 576 1446 596 acu
1474 565 1705 605 operabantur

1010 618 1236 649 Alexandrini
1253 618 1302 648 illi
1320 616 1539 657 polymitarii,
1554 616 1612 647 sed
1629 626 1707 656 pec-

1012 669 1102 708 tine,
1131 678 1207 699 nani
1230 668 1262 698 in
1280 669 1350 699 tela
1366 672 1401 698 et
1416 666 1708 698 textoriisinstru-

1012 720 1134 750 mentis
1159 724 1264 749 artem
1297 728 1390 749 snam
1420 717 1640 755 exercebant,
1668 727 1708 748 ac

1013 780 1074 810 per
1097 771 1162 800 hoc
1194 779 1274 800 vere
1303 774 1338 800 et
1365 768 1500 809 proprie
1526 768 1708 799 texebant:

1015 825 1145 851 tantum
1167 825 1279 850 tamen
1306 829 1419 850 eorum
1437 817 1620 849 artificium
1645 817 1711 848 fuit

1016 878 1051 903 et
1067 872 1245 910 industria,
1273 876 1310 902 ut
1331 871 1456 911 majore
1472 868 1577 900 ferme
1601 869 1710 899 varie-

1016 928 1087 954 tate
1113 932 1228 953 eorum
1265 931 1370 962 opera
1406 921 1710 960 distinguerentur,

1017 983 1116 1015 quam
1131 983 1206 1014 quae
1219 982 1281 1003 acu
1298 971 1509 1012 Babylonica
1533 975 1589 1001 aut
1606 969 1714 1009 Phry-

1017 1024 1071 1063 gia
1098 1024 1194 1063 picta
1219 1028 1355 1053 essent:
1391 1022 1469 1052 hinc
1495 1031 1561 1051 non
1578 1020 1713 1051 dubitat

1017 1074 1186 1105 Martialis
1211 1073 1445 1113 pronuntiare,
1467 1070 1712 1111 Babylonicam

1017 1134 1113 1155 acum
1141 1124 1268 1154 debere
1298 1123 1484 1154 concedere
1509 1120 1713 1161 AEgyptiaco

1017 1176 1159 1215 pectini.
1185 1174 1315 1205 Salmas.

1062 1228 1076 1255 l
1112 1224 1310 1264 Memphitis]
1355 1223 1571 1263 AEgyptiaca.
1622 1221 1712 1252 Victa

1017 1279 1063 1306 est
1091 1275 1218 1305 Pectine
1259 1273 1396 1310 Niliaco,
1436 1272 1502 1312 δῖα]
1553 1272 1714 1311 Stragula

1018 1325 1059 1355 ab
1087 1324 1254 1365 AEgyptiis
1280 1329 1387 1362 texta,
1413 1323 1554 1354 vincunt
1579 1327 1712 1362 tapetas

1020 1379 1201 1415 vestesque
1230 1374 1437 1414 Babylonias
1461 1373 1634 1413 Phrygum
1652 1381 1714 1402 acu

1021 1425 1140 1464 pictas.

1063 1475 1249 1506 EPIG.CL1.
1285 1478 1296 1504 l
1332 1475 1425 1504 Nunc
1450 1473 1531 1512 sum]
1570 1472 1717 1512 Virgini,

1020 1525 1075 1554 vel
1102 1534 1166 1555 non
1195 1524 1355 1564 gravidae.
1379 1523 1487 1563 Dulci,
1507 1522 1577 1563 ἔξω]
1603 1523 1716 1560 Foetu,

1022 1580 1060 1606 nt
1082 1575 1124 1605 de
1141 1575 1297 1606 foemiuea
1323 1585 1407 1606 zona
1435 1583 1661 1614 exponamus:
1688 1573 1716 1603 si

1022 1626 1063 1657 de
1096 1626 1184 1657 virili
1214 1627 1325 1664 malis,
1356 1625 1453 1656 dulce
1483 1624 1614 1664 pondus
1644 1623 1714 1654 erit

1021 1678 1106 1717 gulae
1121 1677 1315 1718 ventrisque
1330 1676 1469 1707 sarcina.

1065 1729 1267 1760 EPIG.CL11.
1293 1732 1308 1759 1
1338 1729 1435 1759 Terra
1455 1726 1585 1766 Catulli]
1610 1726 1717 1756 Vero-

1023 1791 1077 1812 na.
1102 1781 1219 1820 Epigr.
1234 1782 1263 1810 S.
1289 1779 1346 1809 lib.
1364 1781 1392 1809 1.
1408 1787 1493 1808 vers.
1507 1780 1537 1808 2.

1065 1833 1085 1861 2
1112 1829 1308 1865 Helicaonia,
1322 1827 1390 1868 Esau]
1410 1826 1585 1858 Patavina.
1602 1824 1718 1865 Epigr.

1023 1883 1075 1912 93.
1092 1881 1148 1911 lib.
1163 1884 1213 1912 10.
1234 1889 1318 1910 verS.
1334 1882 1365 1910 1.

1066 1932 1283 1962 EPIG.CL111.
1320 1928 1563 1968 Semicinctium]
1600 1926 1719 1957 Homi-

1023 1991 1098 2011 nem
1116 1981 1253 2021 cingens
1267 1979 1412 2010 medium
1426 1989 1444 2008 a
1460 1978 1580 2008 lumbis
1597 1977 1719 2007 demis·

1025 2040 1095 2060 sum
1114 2030 1155 2060 ad
1186 2030 1351 2069 poplites:
1386 2033 1423 2058 ut
1453 2027 1621 2057 artificum
1642 2036 1719 2057 ven·

1026 2081 1122 2119 trale,
1150 2080 1202 2109 vel
1225 2080 1401 2119 pistorum,
1432 2078 1629 2116 tinctorum,
1664 2086 1719 2108 ce-

1025 2130 1288 2167 revisiariorum,
1305 2132 1368 2159 ἃς.

1069 2182 1174 2212 Epic..
1201 2189 1292 2210 cmv.
1348 2178 1444 2209 Lame
1488 2176 1720 2217 amethystinae]

1026 2232 1155 2262 Tinctae
1184 2240 1332 2270 purpura
1357 2230 1442 2259 lanae
1473 2227 1631 2258 dicuntur
1652 2237 1722 2258 mu-

1027 2283 1097 2313 rice
1127 2281 1252 2312 ebriae:
1291 2279 1382 2310 unde
1412 2279 1526 2318 itaque
1557 2282 1722 2308 vocentur

1027 2333 1109 2372 ipsae
1127 2338 1161 2362 et
1175 2330 1432 2370 Amethystinat,
1450 2329 1483 2359 id
1499 2334 1563 2366 est,
1579 2327 1721 2358 sobriae?

1027 2383 1081 2414 Ab
1098 2382 1300 2422 Ametliysio
1323 2381 1453 2411 scilicet
1477 2388 1622 2419 gemma,
1645 2387 1721 2418 quae

1027 2435 1152 2466 leniter
1169 2443 1375 2474 purpureum
1393 2442 1451 2462 seu
1477 2432 1609 2461 vineum
1633 2430 1724 2462 colo-

1029 2497 1100 2517 rem
1131 2484 1251 2524 refert,
1276 2492 1463 2524 nomenque
1494 2481 1597 2512 habet
1634 2479 1723 2521 quod

1030 2536 1263 2569 temulentiam
1298 2544 1414 2565 arcere
1437 2533 1537 2572 vulgo
1568 2531 1723 2562 credere·

1029 2594 1095 2620 tur.
1127 2588 1216 2618 Vide
1231 2587 1346 2626 Epigr.
1361 2588 1411 2615 18.
1432 2584 1552 2614 lib.10.

1073 2639 1273 2668 Emactv.
1297 2639 1311 2666 1
1343 2633 1524 2672 Velleribus,
1535 2630 1603 2670 ἔξω]
1627 2629 1722 2660 Idem

1030 2689 1071 2720 de
1086 2687 1314 2727 lanisjudicat
1331 2685 1418 2715 Pliu.
1434 2683 1492 2713 lib.
1505 2686 1535 2712 8.
1552 2691 1626 2721 cap.
1638 2682 1690 2710 48.

1075 2739 1180 2770 Eme..
1196 2745 1286 2767 etri.
1306 2739 1321 2766 1
1348 2731 1584 2765 Lacedoemonioe
1599 2729 1722 2770 amicte]
