1866 3131
214 173 325 214 1150

258 279 297 307 10
321 276 461 316 Fuginu]
486 277 514 308 Α
539 276 596 307 vili
624 286 746 308 mensae
764 279 909 310 materia

214 333 317 367 auget
343 333 582 367 paupertatem
611 337 726 366 suam;
759 334 791 359 et
821 330 908 370 quod

212 376 374 408 fulciatur
390 382 490 417 testa,
513 378 712 418 inaequalem
729 379 912 420 significat,

213 429 321 468 qualis
347 433 421 459 erat
451 437 663 468 pauperum:
703 429 778 460 vide
806 430 909 461 lib.l.

212 479 303 518 epig.
319 481 372 510 56.
403 488 489 510 verS.
513 481 544 510 9.
571 488 681 520 neque
705 480 791 510 enim
809 481 910 511 eredo

211 529 334 559 fictiles
358 527 463 559 fuisse
480 528 598 569 pedes,
613 529 702 570 quod
719 530 767 561 ait
790 530 910 562 Calde-

213 582 315 611 rinus,

257 634 294 662 ll
345 631 507 661 Immodici
541 631 615 671 tibi]
661 632 760 663 Mulli
798 633 911 672 magni

212 682 377 723 magnoin
395 682 529 722 pretio:
554 682 563 698 ‘
582 682 711 713 Laudas
726 681 841 712 insane
853 683 911 713 tri-

213 734 330 765 librem
344 732 512 771 Mullum,’
527 735 592 764 «Sec.
617 732 741 764 Horat.
754 736 785 764 2.
810 743 911 764 serm.

212 787 244 815 2.
293 784 428 822 Tegunt,
453 781 521 822 fisa]
558 782 720 822 Implent,
758 783 911 824 adeoque

214 834 325 874 magni
339 832 520 864 suntmulli
530 837 567 863 ut
582 838 699 873 tegant
711 832 910 874 χρυσένδετα,

212 885 245 915 id
263 889 326 924 est,
344 884 458 915 lances
474 893 556 914 auro
568 883 842 922 circumvinctas‚
858 884 911 915 vel

212 935 246 965 in
284 934 404 976 quibus
435 943 576 974 gemmae
611 943 693 964 auro
721 934 908 973 illigantur.

212 985 300 1016 Vide
315 984 466 1017 Turneb.
485 984 505 1014 1.
524 987 575 1015 14.
588 993 617 1015 c.
633 986 664 1015 3.
682 988 717 1014 et
734 984 844 1025 epigr.
857 987 909 1015 97.

215 1036 238 1067 l.
258 1038 307 1066 14.

256 1087 295 1116 12
321 1085 479 1124 Concolor,
496 1084 565 1124 Sym]
598 1084 760 1126 Ejusdem
787 1084 910 1115 coloris

211 1145 286 1166 curn
302 1134 399 1166 fictili
415 1135 512 1165 lance
529 1144 617 1173 mea,
640 1135 674 1166 id
698 1139 763 1174 est,
784 1135 909 1166 rubens

213 1196 394 1218 cammare.
440 1185 636 1217 Cammarus
662 1195 745 1225 ergo
773 1185 910 1227 squilla-

212 1247 283 1268 rum
291 1247 359 1268 non
372 1239 577 1268 locustarum
589 1237 732 1277 species.
746 1236 912 1277 Apostro-

213 1289 291 1329 phe.
339 1288 426 1319 Vide
443 1291 473 1318 5.
495 1288 566 1318 Sat.
581 1286 705 1318 Juven.
723 1287 777 1318 cui
794 1296 911 1318 conso-

211 1344 295 1370 nant
306 1339 464 1379 pleraque
475 1337 570 1378 liujus
584 1337 692 1377 epigr.
708 1336 785 1368 vide
799 1340 834 1367 et
843 1336 911 1368 Pli-

213 1390 258 1420 nii
270 1399 325 1429 ep.
339 1392 371 1420 7.
394 1389 416 1419 l.
433 1390 464 1418 2.

256 1442 295 1471 13
323 1439 413 1469 Grex
427 1441 510 1475 tuus,
525 1436 592 1478 ἐγὼ]
610 1436 716 1467 Pueri
733 1440 801 1467 tuae
818 1445 911 1467 men-

214 1500 258 1521 sae
294 1489 453 1528 ministri,
479 1488 587 1520 forma
627 1491 764 1528 aequant
795 1485 913 1517 florem

212 1540 319 1579 Asiae,
350 1538 584 1579 Ganymedem
616 1537 711 1570 Jovis
740 1537 914 1569 amasium.

213 1590 326 1631 Iliaco]
352 1591 460 1629 Dicit,
482 1589 562 1631 quia
576 1588 755 1628 Trojanus.

255 1644 295 1673 14
319 1643 364 1672 At
387 1640 474 1680 mihi,
500 1638 568 1680 asa]
589 1639 711 1669 Manus
736 1647 812 1669 mea
839 1636 914 1668 fun·

214 1693 306 1733 gitur
328 1690 439 1723 officio
462 1691 560 1731 pueri
581 1689 814 1720 ministrantis.
849 1689 914 1720 Pe-

214 1748 302 1783 tant,
334 1743 392 1784 qui
417 1742 535 1772 volunt
563 1739 757 1781 nequioreS,
780 1748 913 1770 sensum

214 1794 315 1825 alium
333 1803 375 1824 ex
391 1792 501 1832 epigr.
514 1794 568 1822 42.
593 1791 614 1821 l.
631 1793 663 1822 9.
685 1795 720 1821 et
734 1790 847 1830 epigr.
859 1792 913 1821 74.

212 1844 275 1875 lib.
293 1847 344 1875 11.
368 1842 436 1883 περὶ
453 1843 508 1872 τοῦ
521 1840 800 1881 μαστροπεύοντος.

257 1898 296 1925 15
335 1895 389 1925 Ex
412 1892 530 1933 opibus,
567 1892 636 1932 ξω]
674 1891 768 1923 Nihil
805 1891 914 1922 amico

213 1945 294 1976 mihi
308 1945 381 1984 das,
402 1949 437 1976 et
452 1943 556 1974 habes
573 1943 787 1974 nihilominus
804 1942 838 1973 in
855 1951 913 1972 ore

214 2005 348 2036 semper
363 1997 426 2026 hoc
442 1994 527 2026 κοινὰ
542 1993 651 2034 φίλων,
666 1993 729 2024 ἃς.

259 2046 362 2076 Eme.
379 2054 475 2076 xmv.
502 2045 540 2075 In
562 2042 709 2082 Sextum]
733 2042 912 2082 Epigram-

215 2105 268 2127 ma
278 2097 426 2135 elegans,
439 2094 654 2136 quohominis
664 2092 791 2125 sordidi
803 2102 912 2123 mores

215 2146 453 2177 describuntur
466 2156 474 2184 ;
488 2145 542 2185 qui
557 2154 598 2175 ne
612 2143 692 2185 quid
709 2153 727 2173 a
739 2153 775 2174 se
793 2146 913 2183 petant

215 2195 328 2235 amici,
362 2196 533 2234 angustias
565 2199 600 2224 et
630 2193 806 2233 penuriam
837 2193 912 2233 ipse

215 2245 326 2286 fingit,
341 2249 378 2275 et
390 2244 478 2274 ultro
492 2248 665 2274 narratum
682 2243 721 2273 it.
746 2243 879 2273 Herald.

259 2298 274 2325 l
310 2293 446 2334 Pexam]
470 2294 655 2324 Recentem
685 2297 721 2324 et
747 2292 910 2323 villosam.

216 2346 321 2376 Pexae
347 2344 436 2375 enim
465 2348 579 2374 vestes
606 2348 685 2374 sunt
714 2353 788 2384 quae
804 2344 911 2374 multo

216 2396 324 2427 flocco
351 2399 482 2435 opertae
511 2398 603 2433 sunt,
626 2403 732 2435 eoque
762 2404 850 2434 pexo
877 2399 912 2425 et

216 2446 336 2486 polito,
353 2450 426 2476 arte
452 2443 608 2483 fullonis;
632 2448 670 2475 ut
691 2453 770 2484 ergo
789 2449 911 2484 pecten

216 2496 300 2526 nihil
332 2496 374 2526 ad
409 2495 552 2535 calvum,
577 2494 625 2526 sic
652 2493 851 2526 defloccatae
875 2499 914 2526 et

217 2557 278 2577 usu
294 2546 431 2578 detritae
448 2551 559 2577 vestes
577 2546 658 2576 nihil
671 2555 755 2586 opus
784 2545 912 2577 habent

218 2597 356 2636 pectine
370 2595 518 2627 fullonis.
550 2596 635 2627 Inde
652 2596 661 2612 ⁴
678 2596 792 2637 pexae’
808 2605 912 2636 oppo-

218 2652 343 2679 nuntur
357 2647 460 2686 tritis,
482 2646 515 2676 id
540 2651 606 2686 est,
628 2655 723 2677 novae
740 2646 912 2678 obsoletis,

217 2697 274 2728 Sic
291 2697 439 2728 Martial.
465 2696 554 2727 infra
581 2697 688 2737 epigr.
703 2700 755 2728 58.
780 2698 788 2714 ‘
803 2697 913 2728 Pexa-

219 2753 273 2779 tus
304 2748 438 2789 pulcre?
459 2747 547 2778 rides
572 2756 659 2787 mea,
683 2748 790 2789 Zoile,
812 2748 914 2779 trita:

680 185 820 216 NOTAE
854 185 1036 216 VARIOR
1049 188 1072 217 U
1085 187 1115 215 M
1151 187 1202 216 IN

961 280 1002 311 Id
1019 285 1086 320 est,
1110 280 1205 321 pexis
1223 284 1257 310 et
1282 280 1375 310 novis
1399 281 1548 312 vestibus
1565 282 1660 312 indu-

964 336 1029 368 tus,
1051 340 1193 371 quarum
1223 331 1370 361 nondum
1404 330 1502 367 flocci
1534 331 1662 363 abiere.

963 381 1063 411 Hanc
1090 391 1211 420 pexam
1240 380 1422 411 floccorum
1447 382 1481 412 in
1509 382 1661 413 vestibus

963 431 1168 471 lanuginem,
1200 432 1208 447 ‘
1228 431 1431 471 pexitatem'
1465 437 1564 464 vocat
1592 432 1663 463 Pli-

963 481 1048 511 nius.
1094 480 1225 512 Sulmo&

1005 534 1024 562 2
1065 532 1107 562 Ut
1131 536 1218 572 puta,
1241 532 1422 572 qnatuorre]
1446 532 1514 563 Alii
1535 533 1662 573 Utpote,

964 581 1146 620 Gruterus,
1178 586 1212 612 ut
1240 587 1328 622 puta.
1390 584 1523 614 lNeutra
1558 583 1662 615 lectio

965 632 1077 670 placet
1090 632 1257 663 Heraldo.
1301 634 1388 665 Natu
1403 634 1477 674 quis
1493 634 1570 664 inde
1587 643 1661 665 sen-

964 683 1039 712 sus?
1077 683 1271 722 Legendum
1303 682 1465 723 fortasse,
1502 685 1564 715 Seu
1599 688 1663 716 tres

962 736 1114 772 supputo.-
1137 734 1231 774 quasi
1262 733 1367 772 dicat,
1405 735 1489 766 Cum
1521 744 1573 765 me
1603 735 1661 765 ali-

962 793 1061 824 quam
1093 785 1303 825 pecuniolam
1331 796 1463 817 mecum
1483 792 1661 827 putantem

962 834 1070 872 audit,
1085 839 1167 865 tune
1182 840 1319 866 veretur
1348 846 1389 866 ne
1417 846 1491 867 eam
1519 837 1562 867 ab
1590 838 1661 877 ipso

960 884 1021 914 sim
1050 889 1167 915 mutuo
1196 885 1379 924 petiturus.
1423 887 1490 917 Sed
1511 887 1662 917 Ramire-

960 934 1027 965 sius
1044 935 1170 965 mavult
1189 936 1278 976 loqui
1295 936 1438 966 Poetam
1455 936 1497 967 de
1521 937 1663 978 emptio-

961 984 1060 1016 nibus
1076 985 1155 1025 suis,
1180 986 1233 1016 vel
1261 986 1371 1026 pueri,
1397 987 1450 1016 vel
1480 991 1584 1027 togae,
1609 989 1663 1018 vel

961 1036 1108 1076 argenti.
1156 1035 1247 1067 Illud
1275 1040 1438 1067 autemut
1459 1037 1664 1077 puto‚inter-

961 1086 1098 1127 ponitur
1132 1086 1352 1117 dubitationis
1389 1096 1503 1126 causa,
1530 1087 1663 1128 quando

961 1146 1028 1168 non
1048 1137 1219 1168 succurrit
1240 1137 1410 1168 memoriae
1428 1142 1583 1178 recepta.
1608 1137 1663 1168 Li-

961 1187 1045 1227 bras]
1068 1187 1210 1226 Argenti
1227 1186 1321 1219 facti.
1338 1188 1359 1218 1.
1371 1190 1400 1218 7.
1425 1189 1536 1228 epigr.
1550 1191 1606 1219 85.

1003 1242 1021 1269 5
1048 1239 1098 1269 Ne
1114 1239 1199 1278 quid,
1221 1237 1290 1277 eya]
1316 1237 1370 1268 Sic
1395 1238 1580 1269 amicorum
1606 1248 1664 1279 pe·

962 1287 1103 1318 titiones
1135 1292 1359 1318 antevortunt
1393 1289 1485 1319 cauti
1523 1288 1663 1320 divites.

962 1337 1049 1368 vide
1063 1337 1172 1369 Arist.
1187 1340 1217 1368 2.
1248 1338 1389 1368 Rhetor.
1404 1343 1437 1368 et
1449 1338 1532 1370 Seu.
1544 1341 1573 1369 1.
1596 1339 1665 1370 Be-

962 1386 1036 1418 nef.
1059 1391 1093 1419 l.

1006 1441 1046 1469 10
1072 1439 1100 1469 Ο
1113 1440 1247 1479 grande,
1259 1439 1329 1480 Esou]
1342 1439 1477 1471 Ironice
1489 1439 1575 1472 dixit
1591 1441 1600 1458 ‘
1613 1441 1663 1471 in-

964 1489 1122 1530 genium‚'
1147 1499 1187 1520 ne
1209 1490 1340 1521 diceret
1357 1491 1475 1521 sordes
1500 1496 1534 1521 et
1556 1492 1665 1522 avari·

965 1541 1045 1571 tiam
1065 1551 1072 1571 ε
1099 1545 1137 1571 ut
1153 1540 1259 1581 epigr.
1275 1543 1326 1571 74.
1341 1541 1401 1572 lib.
1419 1545 1449 1572 1.

1007 1591 1111 1622 Eme.
1136 1599 1217 1622 xnv.
1251 1594 1266 1621 1
1295 1591 1459 1630 Quoetibz‘,
1485 1591 1555 1632 ἔγω]
1593 1592 1664 1624 Cur

967 1644 1003 1672 tu
1020 1640 1132 1671 cultro
1150 1650 1168 1671 e
1183 1646 1273 1671 testa
1285 1641 1395 1672 Samia
1413 1643 1554 1673 resectis
1572 1645 1667 1684 geni·

964 1690 1085 1721 talibus
1098 1696 1132 1721 te
1145 1691 1326 1722 reddidisti
1344 1691 1490 1732 Cybeles
1508 1694 1662 1724 sacerdo-

965 1742 1061 1772 tem?
1108 1742 1165 1773 Nil
1202 1752 1285 1783 opus
1316 1744 1460 1783 praeeiso
1499 1744 1662 1784 pondere,

965 1791 1054 1832 qnod
1070 1792 1123 1822 vel
1149 1797 1227 1822 ante
1248 1797 1322 1824 erat
1337 1793 1469 1825 inutile.
1488 1794 1594 1835 epigr.
1610 1797 1663 1826 82.

964 1840 1021 1871 lib.
1038 1844 1070 1872 3.
1115 1840 1204 1871 Galli
1223 1841 1439 1882 dicebantur,
1455 1844 1576 1884 quibus
1595 1853 1663 1874 am-

965 1895 1104 1931 putatus
1121 1895 1211 1921 esset
1236 1891 1386 1932 priapus.

1008 1941 1113 1972 Epic.
1141 1950 1243 1972 xnvr.
1281 1942 1321 1972 In
1355 1942 1533 1984 Naerolum]
1564 1944 1663 1975 Com-

965 1996 1064 2032 parat
1110 2001 1203 2022 suam
1236 1997 1425 2032 egestatem
1461 2003 1536 2024 cum
1563 1994 1663 2025 amici

963 2042 1070 2081 copiis
1096 2047 1133 2072 et
1160 2042 1303 2082 opibus3
1329 2053 1472 2084 eumque
1503 2049 1571 2075 tam
1586 2054 1661 2084 par-

963 2100 1039 2121 cum
1057 2091 1153 2130 dicit,
1174 2097 1211 2122 ut
1231 2097 1342 2122 vestes
1365 2093 1479 2124 amicis
1497 2093 1663 2133 invideat,

963 2146 998 2171 et
1027 2141 1127 2172 tineis
1155 2142 1267 2182 potius
1298 2142 1531 2183 depascendas
1562 2145 1662 2176 relin-

963 2196 1055 2232 quat.
1082 2192 1163 2222 Rad.

1005 2245 1020 2273 l
1047 2243 1188 2282 Florida,
1202 2243 1272 2283 Era]
1297 2244 1388 2276 Quot
1405 2243 1577 2275 coloribus
1595 2243 1661 2275 dis-

962 2294 1126 2333 tinguitur
1153 2294 1266 2333 Hybla
1292 2294 1370 2325 urbs
1397 2295 1430 2324 in
1460 2295 1588 2334 Sicilia,
1605 2295 1662 2326 ubi

961 2344 1126 2375 mellificae
1141 2354 1220 2384 apes
1228 2345 1456 2385 depascuntur
1470 2344 1571 2377 fiores
1589 2355 1662 2376 ver-

961 2403 1022 2425 nos
1039 2394 1151 2424 brevis
1169 2395 1289 2425 aetatis.

1004 2447 1023 2475 3
1047 2444 1102 2475 Sic
1117 2447 1183 2483 tua,
1198 2445 1264 2485 Esau]
1285 2445 1350 2476 Tot
1367 2452 1535 2486 apparent
1551 2447 1658 2478 lacer-

961 2504 1078 2525 narum
1096 2494 1225 2525 colores
1242 2495 1282 2525 ad
1310 2496 1452 2527 nitorem
1471 2506 1660 2537 pressat-um

962 2545 995 2576 in
1014 2544 1124 2584 praelis
1138 2545 1218 2583 tuis,
1232 2551 1314 2586 quot
1339 2556 1466 2587 genera
1490 2545 1609 2578 florum
1625 2548 1659 2578 in

963 2596 1089 2637 Hybla.
1137 2596 1256 2637 Prcela]
1293 2597 1438 2628 Praelum
1465 2597 1571 2637 trabs,
1596 2607 1660 2638 qua

963 2656 1027 2677 uva
1038 2646 1205 2683 calcatur3
1228 2652 1286 2676 aut
1299 2656 1364 2687 qua
1378 2652 1487 2678 vestes
1503 2657 1658 2687 premun-

964 2702 1032 2736 tur,
1045 2707 1062 2727 a
1077 2695 1264 2736 premendo
1282 2702 1451 2736 vocatum,
1464 2698 1558 2738 quasi
1570 2707 1659 2737 pres-

964 2748 1100 2787 sorium,
1124 2746 1227 2787 Angl.
1244 2747 1372 2778 Presses
1383 2751 1413 2778 to
1430 2749 1478 2787 luy
1494 2758 1534 2788 up
1546 2747 1657 2780 clothes
