1866 3131
224 179 336 220 121ss

221 290 257 317 et
271 294 395 316 vernae.
409 284 526 323 Epigr.
539 286 590 314 50.
606 283 664 314 lib.
680 286 710 314 1.
724 293 810 314 vers.
827 285 880 315 21.

267 338 306 367 12
330 335 458 375 Saucia]
491 335 605 366 Ebria.
635 335 753 374 Epigr.
770 338 822 366 68.
851 336 871 366 l.
895 337 925 366 3.

224 396 311 418 vers.
327 389 358 416 2.
410 385 494 416 Vena
507 384 602 426 mero]
625 384 789 416 Libidinis
803 385 926 416 instru-

222 441 386 467 mentum.
403 435 522 475 Epigr.
536 438 589 466 46.
605 435 660 466 lib.
679 438 709 466 6.

267 489 307 517 13
333 486 401 517 Nec
426 484 544 525 nocuit]
569 485 738 526 Proponit
755 494 845 516 nunc
864 494 926 525 per

222 538 452 578 negationem,
468 546 586 568 causas
608 536 835 577 paupertatis,
849 546 927 577 qua-

224 598 296 619 rum
326 589 418 618 nulla
448 588 595 627 contigit
624 587 730 626 Lino3
759 591 927 618 tectorum

224 638 536 680 conflagrationem,
575 647 731 678 agrorum
761 637 929 676 ardorem,

223 692 358 722 navium
380 691 564 731 jacturam.
622 689 747 720 Ramir.
780 689 847 719 Nec
877 688 927 719 Si-

222 743 291 773 rius
307 741 410 781 agris]
434 741 508 772 Nec
532 746 635 771 aestus
661 750 724 780 per
750 739 823 770 dies
840 740 930 772 cani·

224 794 357 824 culares
375 801 472 832 agros
491 796 525 823 et
541 796 676 832 segetes
690 790 830 821 exussit.

269 846 309 875 14
344 842 447 883 Fluit]
482 842 645 873 Versatur
669 842 703 871 in
727 841 826 880 mari,
854 850 929 882 quae

226 899 287 926 tua
303 894 359 925 sit.

270 948 308 976 15
333 944 514 985 διφροεὶια,
530 942 600 983 ἐγω]
624 942 702 974 Non
721 942 858 974 tesseris
872 947 931 973 aut

225 995 306 1026 aleis
320 1004 390 1025 rem
408 994 575 1025 decoxisti
590 1004 598 1024 ε
624 1003 643 1023 a
666 993 742 1024 talis
759 1003 840 1023 vero
857 998 930 1023 tan-

225 1056 324 1087 quam
359 1054 378 1075 a
415 1044 544 1075 minore
588 1044 663 1074 lusu
699 1043 929 1084 incipiebant3

225 1106 305 1127 mox
322 1095 609 1127 incalescentibus
635 1095 801 1125 lusoribus
818 1093 930 1135 profe-

227 1147 392 1178 rebantur
413 1152 565 1177 tesserae.

271 1201 311 1228 16
335 1196 510 1236 Alea,23-c.]
532 1195 599 1228 Sed
613 1197 696 1227 aleae
721 1200 788 1226 tua:
813 1194 931 1236 pigno-

229 1259 267 1279 ra
283 1248 378 1279 fuere
394 1258 517 1280 nuces:
546 1248 588 1279 de
617 1247 740 1289 quibus
764 1247 819 1278 vel
834 1246 930 1287 pueri

229 1300 363 1330 ludunt.

272 1354 312 1381 17
337 1351 401 1381 Dic
431 1350 494 1389 ubi,
514 1350 584 1390 Sym]
609 1350 693 1380 Cum
718 1349 835 1390 itaque
863 1346 930 1378 fru-

231 1401 354 1441 galiter
372 1401 509 1440 vixeris,
537 1399 796 1439 vestitu‚victu‚
822 1398 934 1428 minis-

230 1452 331 1490 terio,
360 1456 395 1483 et
421 1452 577 1490 Venere3
600 1461 675 1482 cum
698 1459 761 1481 nec
785 1449 853 1488 igni
871 1457 935 1479 nec

231 1503 305 1533 caeli
329 1502 563 1541 inclementia,
591 1511 654 1532 nec
686 1500 864 1540 naufragio
879 1509 936 1530 ne-

232 1563 298 1594 que
325 1554 402 1583 alea
425 1553 598 1593 jacturam
629 1551 762 1590 feceris,
790 1550 937 1581 demiror

231 1603 322 1634 unde
337 1603 377 1634 ad
396 1608 633 1643 paupertatem
652 1603 696 1632 sis
714 1600 884 1632 redactus.

275 1657 315 1684 18
343 1654 459 1684 Fecisti
495 1663 572 1692 rem,
601 1653 669 1692 Sym]
709 1652 813 1692 Cujus
851 1650 938 1682 ratio

232 1714 298 1735 non
315 1704 416 1735 facile
430 1709 593 1745 apparet:
613 1709 646 1734 et
664 1709 776 1734 tamen
795 1705 939 1742 apparet

234 1760 269 1785 te
295 1764 367 1786 rem
393 1754 594 1786 familiarem
612 1753 735 1785 fecisse
751 1759 886 1784 tenuem
903 1756 939 1783 et

236 1805 426 1836 decoxisse.

280 1856 385 1886 Eme..
410 1863 522 1885 van.
546 1854 749 1893 Ἀχαριστίαν
777 1853 938 1884 Praetoris

236 1906 409 1946 cujusdam
425 1905 587 1936 adversus
616 1912 765 1935 veterem
795 1904 939 1934 amicum

236 1958 387 1993 damnat,
406 1956 495 1998 quod
512 1956 668 1986 maluerit
683 1954 761 1985 ferae
779 1959 814 1985 et
831 1954 940 1994 equis,

238 2017 337 2048 quam
353 2007 479 2037 homini
494 2005 670 2046 prodesse.
717 2005 799 2036 Rau.

280 2062 296 2089 1
325 2059 459 2088 Centum
475 2056 632 2097 sestertia]
654 2057 741 2087 Sunt
755 2055 821 2085 duo
836 2053 940 2084 millia

237 2108 417 2150 quingenti
435 2107 619 2147 Philippei.
645 2106 830 2136 Gronovius.

279 2162 299 2190 2
326 2158 428 2198 Cana]
451 2158 583 2197 Veteri,
598 2168 616 2188 a
635 2157 748 2197 pueris
765 2156 861 2187 inita.

281 2212 299 2240 3
324 2209 530 2248 Dicebatque,
541 2207 608 2248 Sym]
626 2207 842 2247 Dicebatque
854 2205 941 2236 hanc

240 2269 402 2291 summam
413 2259 476 2290 sibi
492 2259 608 2290 deesse
619 2258 661 2288 ad
675 2267 812 2288 censum
824 2265 942 2298 eques-

240 2317 340 2351 trem,
367 2310 500 2341 scilicet
527 2309 776 2351 quadringenta
814 2308 943 2338 Sester-

241 2363 300 2401 tia,
314 2367 438 2393 nostrae
455 2366 597 2391 monetae
617 2362 714 2390 3125.
729 2359 788 2391 lib.
803 2362 841 2389 ut
855 2358 944 2388 intra

242 2417 295 2445 14.
321 2413 469 2444 Ordines
499 2411 620 2442 sedens
636 2410 829 2441 Domitiano
855 2408 944 2448 Imp.

243 2463 439 2495 advenienti
457 2462 648 2503 plauderet.
666 2461 874 2501 Epigramm.
890 2461 943 2489 34.

242 2514 301 2545 lib.
325 2517 357 2545 6.
397 2513 512 2544 Solere
528 2517 639 2542 autem
654 2511 727 2541 dari
744 2510 786 2541 ad
802 2509 944 2550 implen-

244 2564 303 2595 das
317 2568 490 2605 equestres
506 2561 687 2594 facultates
701 2566 844 2593 testatur
856 2561 943 2592 Plin-

249 2615 314 2656 Ep.
333 2618 384 2647 19.
400 2614 457 2645 lib.
475 2617 504 2645 1.

286 2668 306 2696 4
324 2667 436 2696 Justus
445 2664 547 2704 eques]
558 2664 697 2705 Integro
705 2673 808 2694 censu
818 2663 946 2704 Eques—

250 2716 292 2746 tri
311 2726 353 2745 ex
370 2716 444 2755 iege
462 2715 593 2746 Roscia.

291 2769 309 2795 5
336 2766 461 2805 Scorpo,
496 2767 657 2804 Thalloque
691 2762 847 2802 daturum]
877 2763 944 2794 No—

688 188 829 218 No'l'AE
866 188 1127 219 VARiORUM
1168 189 1218 219 IN

977 283 1034 313 bili
1064 283 1242 324 agitatori:
1267 282 1385 323 Epigr.
1414 286 1465 314 50.
1489 286 1543 314 53.
1565 288 1600 315 et
1625 287 1678 315 7-1.

975 335 1033 365 lib.
1054 338 1103 366 10.
1117 340 1152 365 et
1170 334 1330 375 Lips.lib.
1347 335 1532 375 l.Epistol.
1546 334 1679 367 Quaest.

975 389 1006 416 5.
1022 386 1133 426 Epist.

1018 439 1037 467 7
1061 437 1149 467 Male
1182 436 1293 467 divitis
1329 435 1424 475 arcoe]
1462 436 1546 468 Quae
1586 445 1681 466 usum

976 486 1168 518 divitiarum
1185 487 1305 518 nescit.
1351 486 1406 517 De
1420 494 1500 516 arca
1518 486 1591 526 jam
1612 485 1683 517 dic-

977 542 1060 577 tum,
1072 537 1130 568 lib.
1149 540 1178 568 1.
1195 537 1380 577 Epig1·.77.

1018 590 1038 618 8
1064 587 1166 627 Equo]
1190 588 1294 628 Equis
1319 585 1448 617 alendis
1476 585 1517 616 ad
1546 585 1682 617 Circum

978 638 1020 669 ab
1051 637 1277 679 agitatoribus
1316 637 1443 677 Scorpo
1483 636 1684 677 Thalloque.

977 688 1062 719 Vel:
1090 688 1144 719 An
1175 687 1313 726 homini,
1336 688 1391 728 qui
1419 686 1505 717 nihil
1521 686 1610 717 aliud
1628 697 1686 717 no-

979 738 1028 769 vit
1046 748 1146 779 quam
1171 748 1277 779 equos
1307 739 1452 778 agitare,
1478 737 1553 777 plus
1588 736 1686 767 dabis

979 798 1080 829 quam
1108 789 1250 820 honesto
1280 788 1411 829 equiti?
1449 788 1538 818 Vide
1568 787 1688 828 Epigr.

978 842 1033 870 26.
1057 839 1078 870 l.
1100 843 1133 870 5.
1171 839 1233 870 Vel
1261 840 1362 870 etiam
1392 844 1516 870 statuae
1539 839 1688 879 equestri

979 889 1177 930 erigendae?
1203 895 1239 920 ut
1254 889 1371 930 Epigr.
1387 891 1442 919 26.
1460 889 1481 919 1.
1498 892 1531 918 5.

1022 941 1130 971 Epic.
1159 948 1290 970 wau.
1315 939 1482 979 Sportulae
1513 937 1623 979 pretio
1640 937 1690 968 in·

981 990 1107 1021 vitarat
1126 990 1271 1021 Poetam
1289 994 1439 1019 nostrum
1466 989 1611 1026 Sextus3
1631 988 1689 1029 qui

981 1052 1083 1083 quum
1097 1042 1189 1073 laute
1214 1045 1377 1080 coenaret‚
1393 1039 1505 1071 Po'eta
1519 1039 1551 1070 in
1568 1039 1688 1069 eadem

980 1102 1096 1124 mensa
1121 1091 1282 1129 sordide3
1318 1091 1381 1122 hoc
1411 1100 1491 1131 ergo
1517 1089 1689 1120 Martialis

985 1144 1091 1184 dolet,
1112 1143 1167 1174 eui
1184 1141 1315 1174 infelici
1345 1140 1534 1182 spectanda
1550 1146 1625 1172 erat
1639 1141 1687 1171 in-

981 1194 1131 1226 videnda
1147 1193 1285 1224 alterius
1303 1192 1466 1223 felicitas.

1025 1248 1041 1276 1
1067 1243 1283 1283 Z.1citas‚35c.]
1308 1242 1398 1273 Vide
1429 1241 1550 1282 Epigr.
1573 1243 1606 1272 7.
1629 1240 1688 1271 lib.

981 1299 1011 1328 3.
1027 1295 1117 1327 unde
1140 1295 1216 1326 huic
1233 1294 1303 1325 lux.

1027 1347 1132 1377 Eme.
1149 1354 1248 1376 inx.
1273 1344 1304 1376 A
1330 1344 1466 1384 Papilo,
1490 1344 1554 1381 vel,
1573 1348 1609 1374 ut
1636 1343 1694 1374 alii

986 1398 1051 1437 leg.
1077 1396 1272 1437 Pamphilo,
1299 1400 1446 1436 quatuor
1477 1404 1598 1425 uxores
1634 1403 1694 1425 ve-

986 1456 1074 1477 neno
1099 1445 1301 1477 interfectas
1329 1445 1427 1484 dicit,
1451 1455 1558 1486 eoque
1576 1455 1611 1475 se
1627 1454 1693 1475 non

987 1497 1081 1528 sitire
1110 1497 1214 1537 ipsius
1239 1496 1391 1537 quamvis
1418 1495 1579 1535 optimam
1604 1496 1693 1535 lage-

988 1557 1076 1578 nam.
1122 1546 1205 1576 Rau.

1032 1602 1047 1629 1
1074 1598 1187 1629 Setina
1219 1596 1372 1637 Massica]
1397 1596 1490 1627 Vina
1519 1596 1646 1627 nobilia
1676 1605 1695 1626 e

988 1650 1084 1681 Setia
1099 1654 1135 1680 et
1151 1648 1300 1680 Massico
1317 1648 1349 1678 in
1368 1648 1566 1688 Campania.

1033 1703 1052 1731 2
1083 1699 1146 1730 Sed
1174 1709 1290 1738 rumor,
1318 1698 1385 1739 ἔξω]
1417 1699 1537 1738 Immo,
1566 1707 1695 1729 veneno

989 1751 1089 1782 mista
1105 1760 1190 1790 esse,
1201 1749 1292 1781 fama
1309 1754 1378 1781 est.

1032 1807 1050 1835 3
1077 1803 1208 1841 Coelebs,
1229 1803 1299 1843 ἄικ]
1325 1803 1457 1834 Viduus
1482 1807 1514 1835 4.
1542 1802 1700 1834 uxoribus

991 1865 1122 1886 veneno
1150 1854 1306 1884 sublatis.
1355 1854 1405 1884 De
1423 1863 1508 1885 voce
1536 1853 1698 1884 ‘coelebs‘

990 1905 1069 1936 vide
1094 1914 1168 1945 quae
1194 1904 1236 1934 ad
1262 1903 1383 1934 Senec.
1408 1904 1591 1943 Hippolyt.
1609 1912 1698 1933 vers.

989 1958 1064 1987 230.
1110 1953 1253 1994 Lagona]
1288 1953 1398 1994 Supra
1437 1954 1696 1994 Epigrammate

989 2010 1043 2038 43.
1059 2015 1158 2037 versu
1175 2008 1206 2036 3.

1031 2059 1051 2087 4
1076 2056 1144 2086 Nec
1172 2054 1262 2094 sitio]
1294 2055 1383 2086 Nolo
1409 2058 1522 2086 tamen
1552 2053 1695 2091 bibere;

990 2107 1078 2138 malo
1106 2106 1194 2137 enim
1221 2105 1320 2137 famae
1347 2115 1446 2147 quam
1474 2104 1697 2146 experientiae

990 2157 1091 2188 fidem
1106 2156 1242 2188 habere.

1034 2208 1143 2238 Eme.
1174 2215 1257 2238 Lxx.
1284 2204 1405 2237 Refert
1439 2206 1481 2237 de
1520 2205 1699 2237 Ammiano

992 2257 1151 2299 quodam,
1187 2257 1244 2298 qui
1271 2266 1373 2297 quum
1405 2256 1512 2296 patris
1543 2260 1691 2286 mortem

992 2312 1142 2348 optaret,
1166 2311 1203 2338 ut
1230 2306 1432 2338 haereditate
1449 2306 1631 2346 potiretur,
1648 2306 1697 2336 ul-

994 2359 1082 2390 timis
1110 2358 1234 2390 tabulis
1273 2363 1371 2399 pater
1400 2358 1483 2388 nihil
1509 2358 1540 2389 ei
1570 2361 1694 2399 praeter

994 2416 1117 2440 restem
1132 2410 1320 2450 reliquerit.
1365 2409 1513 2439 Miratur
1537 2407 1612 2439 fieri
1638 2417 1706 2448 po-

994 2459 1109 2500 tuisse,
1124 2464 1163 2490 ut
1192 2458 1389 2490 Ammianus
1415 2459 1547 2490 doleret
1574 2458 1617 2489 ob
1643 2468 1700 2498 pa·

996 2510 1055 2541 tris
1072 2514 1237 2548 mortem3
1263 2510 1357 2541 vivus
1373 2510 1460 2540 enim
1479 2508 1604 2550 aliquid
1630 2508 1697 2539 filio

996 2559 1217 2600 largiebatur.

1039 2613 1055 2640 1
1080 2610 1214 2641 Aridum
1241 2610 1368 2650 restem]
1402 2611 1534 2642 Meram
1562 2614 1702 2648 restem,

995 2670 1060 2702 qua
1077 2669 1112 2691 se
1128 2659 1272 2700 perdita:
1289 2661 1430 2692 luxuriae
1458 2660 1543 2692 filius
1561 2669 1698 2699 suspen-

996 2711 1107 2741 deret.
1152 2711 1357 2742 Ramiresius
1388 2711 1471 2751 legit
1499 2714 1623 2748 vestem,
1650 2714 1700 2749 et,

998 2768 1034 2793 ut
1050 2761 1170 2800 credit,
1197 2762 1334 2792 meliore
1360 2771 1475 2799 sensu;
1502 2759 1590 2800 quod
1608 2759 1699 2790 arida
