1866 3131
184 188 294 229 1070
739 197 1099 227 SUPPOSITlTiA.

181 294 317 341 Auro,
337 305 421 333 non
444 292 651 345 dapibus,
673 298 875 333 oneratur
895 306 1069 333 mensa:
1102 292 1282 332 ministri

238 362 479 413 Apponunt
499 359 641 400 oculis
662 359 864 412 plurima,
887 373 1030 413 pauca
1051 360 1180 413 gulae.

179 428 302 468 Tunc
323 441 415 480 ege,
439 426 545 467 Non
565 427 732 476 oculos,
755 427 829 468 sed
849 433 1061 476 ventrem,
1084 440 1268 480 pascere
1293 427 1389 466 veni
1410 441 1419 465 :

235 496 327 536 Ant
349 507 522 548 appone
542 494 694 548 dapes,
716 495 850 545 Vare,
874 496 939 536 vel
963 495 1083 536 aufer
1106 508 1233 548 opes.

730 740 779 768 ΙΝ
814 739 1082 769 PON'HCUM.

182 819 419 867 Powmcn,
441 830 518 870 per
537 830 658 870 reges
682 817 903 866 discurris,
922 822 964 858 et
984 819 1131 858 omnia
1152 819 1311 858 lustras
1329 832 1336 856 :

235 886 402 939 Magna
422 886 599 940 quidem
622 887 828 939 sequeris,
853 886 1039 926 Pontice
1061 899 1069 926 :
1099 898 1280 937 magnus
1301 886 1431 925 hoino
1454 898 1516 924 es.

188 955 384 1003 Pontice,
405 956 440 994 si
462 966 549 1007 qua
563 953 690 1002 facis,
714 954 807 993 sine
831 958 942 994 teste
962 952 1093 1002 facis,
1116 953 1209 992 sine
1234 953 1390 1001 turbzm

238 1023 340 1062 Non
363 1022 546 1062 adhibes
566 1021 744 1069 multos,
766 1020 953 1061 Pontice
971 1034 980 1061 2
1012 1026 1170 1061 cautus
1191 1020 1322 1060 homo
1345 1033 1406 1059 es.

180 1090 378 1137 Pontice,
401 1093 441 1128 te
463 1088 672 1129 celebrem
698 1087 841 1128 forma
861 1093 1011 1128 natura
1033 1087 1226 1127 creavit:

232 1159 400 1210 Dignus
422 1170 518 1198 eras
544 1156 726 1205 Helena,
749 1155 956 1196 Pontice:
987 1155 1167 1208 pulcher
1189 1154 1321 1195 homo
1345 1169 1406 1194 es.

183 1226 387 1273 Pontice,
409 1238 520 1265 voce
541 1228 617 1265 tua
636 1237 792 1277 posses
813 1223 1048 1264 adamanta
1070 1235 1247 1262 movere
1265 1237 1272 1261 :

237 1292 342 1332 Vox
364 1297 439 1333 tna
462 1292 590 1332 dulce
611 1296 749 1337 sonat,
771 1291 984 1332 Pontice:
1019 1291 1164 1331 dulcis
1185 1291 1314 1329 homo
1337 1304 1394 1329 es.

179 1361 382 1408 Pontice,
405 1360 468 1400 sic
489 1360 616 1409 alios,
638 1360 702 1399 sic
725 1363 765 1399 te
786 1372 963 1413 quoque
984 1359 1148 1412 decipit
1168 1371 1284 1398 error
1303 1373 1311 1397 ;

237 1426 320 1466 Vis
342 1427 485 1467 dicam
508 1439 670 1477 verum,
695 1426 911 1467 Pontice?
944 1426 1091 1467 nullus
1114 1426 1241 1466 homo
1264 1439 1326 1465 es.

750 1676 810 1704 DE
845 1674 1058 1701 VETULA.

181 1746 346 1785 'FACTA
373 1744 543 1798 places,
565 1742 717 1784 audita
738 1742 910 1795 places:
945 1742 982 1780 si
1004 1754 1089 1780 non
1112 1741 1299 1789 videare,

236 1813 349 1853 Tota
374 1813 542 1865 places:
575 1816 741 1858 neutro,
766 1810 803 1848 si
826 1808 1012 1857 videare,
1035 1808 1206 1861 places.

754 2063 816 2091 DE
852 2061 1003 2090 MILON
1018 2061 1058 2090 E.

186 2149 317 2188 Mino
340 2146 456 2186 dorni
477 2157 566 2184 non
587 2148 681 2184 est:
713 2156 894 2197 peregre
919 2141 1087 2182 Milone
1112 2139 1309 2192 profecto

238 2215 357 2254 Arva
379 2216 564 2253 vacant:
596 2225 705 2252 uxor
721 2224 806 2252 non
827 2210 972 2250 minus
996 2208 1097 2249 inde
1120 2207 1249 2260 parit.

183 2282 268 2322 Cur
289 2283 343 2321 sit
368 2293 467 2333 ager
485 2280 663 2327 sterilis,
683 2292 759 2319 cur
780 2291 894 2318 uxor
916 2277 1094 2326 fertilis,
1117 2274 1243 2314 edam
1262 2288 1269 2313 :

235 2348 337 2399 Quo
359 2347 546 2388 fodiatur
569 2360 667 2400 ager
688 2359 771 2386 non
794 2347 940 2393 hahet,
964 2357 1078 2386 uxor
1098 2343 1243 2383 habet.

868 2482 948 2522 VI.

621 2587 682 2615 DE
716 2582 1005 2614 HISTRIONIS
1041 2581 1195 2610 POENA.

183 2667 325 2707 Amr:
347 2665 475 2706 Jovis
498 2669 686 2705 statuam
710 2663 879 2717 crepuit
901 2664 1020 2701 satur
1040 2658 1218 2699 histrio:
1252 2668 1431 2708 poenam

242 2733 417 2786 Jupiter
441 2731 612 2780 indixit,
636 2731 781 2772 vivere
801 2729 853 2769 de
876 2727 1071 2782 proprio.

1573 1424 1627 1464 10
