1866 3131
255 209 366 250 1:372
713 220 853 249 Nora:

257 324 311 344 sus
348 315 476 355 pondus
512 315 682 346 renitatur
716 325 753 346 ac
789 320 952 355 resurgat.

255 365 401 397 Aristot.
419 366 538 397 Probi.
558 366 730 396 Plutarch.
748 365 899 406 Sympos.

297 420 316 448 2
341 417 478 457 PIunge]
524 417 589 450 Qui
621 417 751 448 solebas
781 417 953 456 plaudere,

255 469 410 508 plausum
425 468 457 498 in
468 468 640 508 planctum
651 473 823 498 converte.
840 466 952 505 Furor]

255 520 264 535 ‘
285 517 405 549 Favor’
430 518 483 548 hic
508 518 665 558 proprie:
692 523 729 549 ut
745 523 779 548 et
794 519 803 534 ‘
817 517 953 547 favere.²

254 569 309 599 De
321 567 525 599 factionibus
535 568 633 598 modo
643 567 848 598 dicebamus.
866 567 951 597 Inde

251 620 261 635 ‘
280 617 406 649 favere'
422 623 456 650 et
472 621 480 637 ‘
494 617 638 649 favor'in
652 618 742 648 circo
753 623 786 648 et
799 618 952 648 theatris.

253 669 387 700 Her-ald.

297 721 315 749 3
340 719 446 749 fllzttet
457 719 569 749 Honor
582 718 695 757 cultus]
718 716 951 756 Respicitmo-

254 779 324 800 rem
348 769 475 809 publici
500 770 623 806 luctus,
640 778 704 808 quo
722 772 838 807 patres
853 767 950 797 Rom.

254 820 421 860 depositis
445 830 520 860 quae
541 819 582 849 ad
607 824 761 849 ornatum
785 822 820 848 et
845 817 950 855 εὐημε-

252 870 315 911 ρίας
330 871 471 911 insignia
488 870 720 911 pertinebant,
744 868 859 907 atrati,
881 878 951 898 sor-

253 921 376 961 didati,
392 921 579 962 pullatique
596 919 810 951 incedebant.
845 920 951 950 Mutet

253 973 364 1003 Honor
386 972 499 1012 cultus]
534 972 633 1004 Quod
659 970 733 1001 fieri
759 971 894 1001 solitum
915 971 949 1001 in

251 1024 367 1062 luctu;
400 1024 540 1054 annulos
568 1027 603 1053 et
630 1027 759 1053 caetera
787 1021 950 1062 ejusmodi

251 1073 435 1114 ponebant.
463 1075 603 1104 Vestem
620 1074 721 1103 etiam
739 1073 949 1104 Senatorium

251 1125 401 1166 equestri
418 1129 512 1155 veste
535 1125 735 1166 quandoque
756 1123 949 1155 mutabant.

251 1175 421 1206 Matronae
447 1175 548 1205 etiam
577 1175 705 1205 cultum
728 1183 821 1204 suum
845 1173 948 1213 depo—

253 1230 406 1256 suerunt.
453 1225 587 1256 Heruld.
637 1225 771 1255 Munera
790 1224 948 1264 flinnmis]

252 1276 337 1308 Quae
354 1285 495 1306 munera
508 1285 588 1315 rogo
603 1275 831 1314 imponantur,
861 1273 948 1304 Vide

250 1325 450 1356 Suetonium
476 1325 545 1357 Jul.
574 1335 649 1365 cap.
665 1327 720 1355 84.
752 1325 857 1355 Dion.
882 1324 950 1355 An-

252 1381 342 1415 gust.
360 1377 417 1414 Et,
433 1375 475 1406 de
492 1385 585 1406 more
610 1375 757 1405 laninndi
781 1376 891 1406 crines
915 1375 949 1406 in

252 1427 386 1464 funere,
402 1426 478 1457 vide
494 1436 567 1467 quae
592 1426 737 1456 Farnab.
755 1426 796 1456 ad
812 1427 950 1457 Senecae

251 1477 433 1517 Hippolyt.
446 1486 532 1508 vers,
544 1479 637 1509 1176.
660 1477 953 1516 RIuneraflammis]

251 1529 399 1569 Proprie
425 1529 436 1545 ⁴
454 1527 617 1558 munera.’
660 1528 713 1558 Sic
741 1533 776 1558 et
802 1530 811 1544 ‘
835 1527 953 1558 feralia

250 1578 400 1610 munera’
412 1579 497 1610 dicit
512 1579 615 1610 Ovid.
640 1579 810 1609 Caeteriim
826 1585 953 1619 praeter

251 1632 327 1662 thus
352 1636 387 1662 et
411 1636 556 1662 caeteros
578 1630 711 1667 odores,
729 1639 952 1670 quaecumque

251 1688 416 1724 poterant
443 1682 672 1723 conjiciebant
698 1681 729 1712 in
755 1691 869 1712 eorum
900 1691 951 1712 ro-

253 1745 343 1776 gum,
354 1745 436 1776 quos
446 1735 626 1765 honoratos
638 1733 810 1763 volebant.
827 1733 951 1763 Vestes

251 1785 454 1825 quandoque
476 1784 687 1825 injiciebant,
714 1788 748 1813 et
775 1788 871 1813 certe
894 1782 951 1813 de-

248 1829 444 1866 functorum
472 1840 585 1868 vestes
619 1834 717 1864 simul
745 1833 953 1864 cremabant.

251 1885 507 1916 Existimabam
534 1884 621 1914 enim
645 1888 793 1913 mortuos
822 1883 951 1923 absque

250 1935 402 1966 vestibus
427 1935 535 1974 rigere
558 1938 595 1964 et
618 1933 745 1973 frigore
762 1933 893 1971 confici,
916 1942 951 1964 et

253 1987 382 2017 idcirco
399 1991 510 2015 vestes
532 1993 597 2014 non
618 1984 722 2013 solum
741 1983 840 2013 simul
854 1993 948 2023 sepe-

251 2037 318 2075 liri,
334 2036 392 2067 sed
411 2040 445 2066 et
463 2034 614 2066 comburi
631 2033 769 2064 debere.
804 2033 935 2064 Heraia.

295 2091 313 2117 5
338 2087 449 2117 Prima
459 2085 641 2124 fraudatus,
653 2084 724 2124 «ἒξ-ιη]
755 2082 855 2114 Anno
871 2089 950 2114 aeta·

251 2138 295 2168 tis
312 2140 366 2168 27.
396 2136 493 2167 Infra
510 2136 626 2176 Epigr.
643 2137 696 2165 53.

295 2193 315 2221 6
341 2189 471 2228 Nigros,
500 2187 568 2228 ξω]
604 2188 674 2218 Pro
705 2186 802 2227 albis,
832 2186 950 2227 quibus

251 2240 362 2271 victor
376 2239 563 2277 vehebaris‚
577 2238 647 2278 jani
672 2237 806 2268 veheris
832 2237 949 2268 Pluto-

253 2292 318 2321 niis
335 2290 443 2331 equis,
466 2289 617 2328 infernis,
633 2289 754 2328 nigris:
784 2287 949 2328 siqnidem

255 2341 397 2374 affectus
426 2347 461 2372 et
487 2340 599 2372 studia
620 2341 652 2370 in
675 2344 783 2371 morte
804 2345 838 2370 et
862 2339 950 2380 apud

251 2392 378 2424 inferos
394 2401 531 2423 manere
546 2390 678 2430 fingunt
694 2389 819 2431 po'etae.

295 2446 315 2473 7
342 2443 504 2481 Curribus,
530 2441 596 2482 Sym]
622 2441 669 2472 Ut
693 2450 828 2481 semper
850 2440 954 2471 victo·

252 2495 325 2534 riae,
340 2495 389 2526 ita
402 2499 438 2525 et
452 2494 532 2524 vitae
547 2498 671 2523 metam
687 2492 858 2532 attingere
875 2500 951 2531 pro-

255 2545 408 2587 perabas.

297 2597 401 2627 Eme.
426 2604 469 2626 n.
503 2593 685 2625 Faustinus
709 2592 741 2622 in
767 2592 952 2632 Campania

253 2655 400 2676 amaenos
413 2644 574 2686 quosdam
591 2645 683 2674 locos
697 2648 733 2674 et
748 2643 845 2673 villas
862 2643 950 2673 circa

252 2695 470 2726 Tarracinam
485 2694 646 2725 habebat.
674 2693 840 2724 Martialis
857 2698 950 2724 recte

253 2745 365 2785 carpit
379 2745 534 2785 amicum,
549 2743 651 2786 quod,
668 2753 769 2774 verno
788 2748 950 2784 tempore,

889 220 1151 250 vssfflolzt'xt
1189 221 1236 249 ΙΝ

1004 325 1080 346 rure
1098 325 1156 346 suo
1174 325 1235 346 nec
1250 315 1318 346 otio
1336 314 1483 351 {rnatum
1509 316 1566 346 sed
1584 316 1698 348 Romae

1004 365 1155 405 patiatur
1179 375 1213 395 se
1237 365 1416 396 honoribus
1438 373 1471 396 et
1495 366 1700 405 magistrati-

1005 416 1065 446 bus
1083 416 1261 454 implicari.
1286 416 1365 445 Rari.

1048 469 1063 497 1
1090 467 1214 503 Sidera,
1236 466 1305 506 fya]
1344 467 1444 505 Signa
1472 475 1577 498 verua
1604 466 1699 508 suga-

1004 522 1081 548 runt
1095 518 1245 558 hyemem
1258 529 1266 556 3
1289 518 1429 555 Taurus,
1439 518 1492 547 cui
1506 518 1703 558 adsignatur

1004 567 1143 608 Aprilis,
1159 568 1302 608 respicit
1326 568 1351 599 A
1361 568 1476 598 rietem
1493 576 1701 608 praeeuntem

1002 628 1117 649 mense
1163 619 1301 655 Martio,
1342 619 1494 649 Geminis
1537 619 1700 650 insecutis

1003 679 1117 699 mense
1146 670 1250 700 Maio.
1288 669 1402 708 Agnus
1429 675 1542 700 autem
1569 670 1701 710 Phryx-

1003 729 1073 750 aeus
1108 722 1313 760 appellatur,
1350 725 1490 760 propter
1526 721 1700 760 Phryxum

1002 771 1218 802 Athamantis
1251 771 1366 807 filium,
1399 781 1495 811 quem
1524 772 1610 802 aries
1641 781 1702 812 per

1003 822 1262 861 Hellespontum
1289 823 1320 852 in
1348 822 1491 851 Colchos
1515 821 1606 851 vexit
1625 831 1701 851 cum

1003 882 1116 903 sorore
1135 872 1247 910 Helle,
1266 882 1407 913 quaeque
1424 872 1549 902 decidit
1568 872 1599 901 in
1619 882 1703 911 pon-

1002 928 1085 954 tum.
1110 923 1164 953 Ije
1181 923 1266 954 Jove
1283 929 1378 953 tauro
1395 923 1565 961 Europam
1579 931 1596 952 e
1609 923 1698 963 Tyro

1002 974 1036 1003 in
1052 974 1188 1004 Cretam
1208 974 1365 1008 vehente,
1387 973 1428 1003 ‹le
1450 973 1576 1013 Phryxi
1589 972 1696 1003 ariete

1002 1028 1037 1054 et
1064 1024 1228 1062 Geminis,
1257 1023 1333 1054 ride
1372 1024 1516 1063 Mythol.
1557 1029 1593 1054 et
1625 1033 1700 1063 quae

1002 1075 1144 1104 Farnab.
1174 1075 1216 1105 ad
1244 1075 1367 1105 Senec.
1398 1074 1482 1114 Hip.
1511 1083 1597 1105 vers.
1624 1076 1700 1104 302.

1001 1125 1124 1155 Troau.
1142 1134 1231 1155 vem.
1249 1128 1343 1156 1032.
1366 1129 1400 1155 et
1416 1125 1583 1165 Thyesten
1601 1128 1678 1155 851.

1043 1178 1062 1204 2
1087 1175 1249 1205 Alternum
1272 1176 1416 1216 Castora]
1444 1175 1531 1208 Quia
1555 1175 1703 1216 Equicu-

1001 1224 1051 1254 lus
1068 1226 1218 1255 Castoris
1236 1231 1269 1255 et
1289 1226 1450 1256 Geminus
1467 1235 1639 1265 nunquam
1658 1226 1701 1255 si-

1001 1275 1070 1305 mul
1086 1275 1117 1305 in
1136 1276 1271 1306 Graecia
1284 1275 1473 1313 videantur,
1488 1276 1702 1316 quemadmo-

1001 1325 1078 1356 dum
1093 1326 1253 1366 astrologi
1271 1326 1404 1357 docent.
1441 1325 1508 1365 An,
1525 1327 1702 1357 occidente

1001 1377 1120 1414 altero,
1134 1377 1221 1408 alter
1234 1377 1376 1417 oriatur,
1387 1377 1541 1417 disputat
1553 1377 1701 1408 Bisciola

1002 1427 1060 1457 lib.
1076 1430 1108 1458 4.
1127 1438 1202 1468 cap.
1221 1431 1251 1459 6.

1045 1482 1062 1509 3
1091 1479 1286 1519 Ridetager]
1304 1478 1499 1518 Descriptio
1513 1478 1702 1518 veris,qua-

1002 1530 1041 1560 lis
1057 1529 1148 1569 apud
1170 1530 1270 1560 Ovid.
1291 1532 1318 1560 1.
1340 1529 1431 1560 Fast.
1456 1529 1465 1545 ‘
1483 1528 1608 1559 Omnia
1621 1533 1702 1559 tunc

1000 1578 1148 1618 florent‚’
1162 1583 1224 1611 ἃς.

1045 1633 1064 1661 4
1089 1631 1267 1670 Ismarium,
1304 1629 1372 1670 ἐγὼ]
1421 1629 1610 1660 Philomela
1645 1639 1703 1659 ver

1002 1681 1152 1711 nunciat.
1192 1681 1356 1711 Fabulam
1380 1679 1457 1710 vide
1485 1680 1575 1720 apud
1601 1679 1702 1710 Ovid.

1003 1731 1232 1771 Metamorph.
1255 1732 1342 1762 libro
1366 1734 1397 1761 6.
1440 1731 1584 1761 Ismaros
1608 1739 1702 1760 mons

1003 1787 1055 1812 est
1070 1782 1243 1812 Thraciae:
1268 1782 1347 1812 hinc
1359 1783 1367 1798 ‘
1384 1780 1701 1818 Ismarium,''l‘hra-

1002 1833 1101 1863 cium.
1128 1833 1218 1873 Ityn]
1242 1832 1522 1863 Filium'sereiet
1539 1832 1704 1870 Procnes,

1002 1883 1147 1913 occisum
1165 1893 1183 1913 a
1205 1889 1314 1914 matre
1329 1889 1363 1913 et
1377 1888 1572 1913 matertera.

1044 1936 1061 1963 5
1090 1934 1185 1972 Quos,
1210 1934 1371 1972 Faustine,
1395 1932 1462 1973 ‹ij-c]
1503 1934 1595 1965 Quas
1618 1932 1700 1963 deli-

1002 1983 1081 2020 cias,
1102 1984 1222 2024 quibus
1240 1984 1413 2014 Ravennae
1434 1984 1617 2014 rusticatus
1635 1982 1700 2013 frui

1002 2039 1149 2073 poteras,
1177 2034 1240 2065 tibi
1267 2033 1427 2064 auferunt
1457 2043 1548 2064 curae
1579 2039 1614 2064 et
1642 2043 1700 2064 ne-

1002 2085 1095 2124 gotia
1116 2084 1263 2114 urbana!
1295 2084 1504 2114 Bodleianus
1521 2085 1586 2115 Ms.
1605 2084 1700 2123 Quos,

1002 2136 1163 2176 faustine,
1189 2137 1266 2175 dies,
1293 2137 1397 2176 quales
1420 2136 1479 2166 tibi
1510 2136 1608 2166 Roma
1634 2137 1698 2167 Ra-

1000 2197 1104 2217 rennce
1120 2185 1284 2218 Abstulit?
1308 2187 1470 2217 Ravenna
1493 2191 1606 2217 autem
1628 2187 1700 2217 hate

1002 2238 1172 2268 Faustinae
1191 2242 1263 2268 erat
1286 2238 1366 2267 villa
1389 2237 1422 2268 in
1447 2247 1528 2277 agro
1547 2238 1699 2268 Tarraci-

1001 2290 1108 2327 nensi,
1131 2291 1183 2319 20.
1207 2287 1248 2319 ab
1272 2287 1364 2318 Urbe
1380 2287 1514 2327 lapide;
1538 2297 1604 2318 non
1621 2287 1699 2317 urbs

1001 2338 1123 2368 Italiae.

1043 2392 1063 2420 6
1087 2389 1188 2429 Soles]
1212 2389 1293 2419 Dies
1309 2387 1404 2428 clari,
1415 2387 1572 2429 jucundi,
1588 2387 1696 2419 liberi.

1003 2441 1011 2457 ‘
1028 2440 1167 2471 Fulsere
1182 2440 1349 2481 quondam
1363 2439 1497 2470 candidi
1514 2439 1574 2470 tibi
1590 2438 1700 2476 soles‚'

1002 2490 1166 2521 Catullus.
1208 2491 1358 2521 Tunicam
1374 2489 1473 2530 quies]
1513 2488 1566 2519 Ab
1582 2487 1698 2520 officiis

1002 2546 1037 2572 et
1060 2541 1207 2571 servitiis
1231 2546 1422 2581 togatorum
1443 2540 1571 2570 libera:
1597 2540 1697 2570 rusti-

1002 2592 1068 2622 cati
1088 2591 1213 2632 quippe
1236 2596 1271 2621 et
1293 2591 1327 2621 in
1349 2590 1540 2630 municipiis
1556 2597 1696 2629 agentes

1002 2648 1113 2682 togam
1139 2651 1216 2672 raro
1239 2642 1434 2672 induebant.
1471 2640 1608 2672 farnab.
1642 2640 1696 2670 De

1000 2694 1071 2723 vita
1088 2693 1282 2733 municipali
1299 2693 1360 2723 hoc
1383 2692 1527 2723 dicitur:
1551 2691 1640 2732 quia,
1660 2691 1694 2720 in

1000 2743 1206 2783 municipiis,
1225 2743 1346 2774 tunicis
1364 2743 1476 2784 potius
1491 2750 1588 2783 quam
1606 2741 1692 2781 togis
