1866 3131
237 170 349 213 1:258

235 276 328 316 Sylv.
349 275 461 314 Statii,
491 275 581 316 quod
610 275 688 307 huic
715 277 866 308 concinit
896 286 934 307 ac

235 326 347 358 facem
373 326 525 368 praefert.
565 327 724 368 Melioris]
760 328 845 359 Mel.
873 327 935 359 At-

234 377 330 409 tedii.

278 430 296 458 3
321 428 457 468 Breves]
503 429 597 459 Puer
631 430 719 460 enim
749 429 934 460 extinctus.

235 479 384 519 Patroni]
409 480 565 511 Melioris
584 481 732 519 Attedii,
758 481 813 522 qui
831 481 936 511 Glau-

235 529 320 560 ciam
338 531 519 561 etiamnum
531 529 693 561 infantem
712 537 854 571 propter
870 530 935 560 for-

232 590 321 611 mam
334 586 369 613 et
382 581 550 623 ingenium
564 582 818 612 manumiserat.
836 581 934 621 Epig.

234 639 306 671 seq.

276 685 295 711 5
321 682 583 723 Flanziriiae,e5⁴c.]
614 683 688 714 Viae
709 683 815 713 Flam.
841 686 936 712 extra

232 731 365 772 urbem,
380 733 412 763 iu
430 744 494 774 qua
507 734 625 764 tumuli
643 733 851 773 frequentes.

276 786 296 814 8
319 782 639 824 Messibusffieractis]
664 783 745 821 Alii,
763 784 936 813 mensibus.-

233 831 465 864 vitiosissime:
492 834 581 864 uude
596 834 683 864 enim
701 833 826 863 bimulo
845 833 938 873 inge-

233 883 340 923 nium,
363 894 474 915 mores
501 885 600 923 casti,
622 884 744 924 pudor,
760 886 826 915 ἃς.
851 893 936 924 prae-

233 933 327 965 dicta
342 935 352 964 ?

277 988 297 1015 9
325 985 389 1016 Vix
404 995 511 1025 unum,
526 985 593 1025 ἐξα]
617 985 736 1026 Prope
765 989 840 1016 erat
871 989 938 1015 tre—

235 1034 408 1066 decennis.

280 1088 319 1116 lo
345 1086 481 1126 Quifles
507 1086 597 1124 talia,
622 1086 692 1126 ‹Sy-a]
730 1085 796 1118 Qui
826 1085 933 1116 Glau-

234 1135 296 1166 ciae
312 1135 419 1167 fatum
436 1137 650 1167 immaturum
662 1144 766 1177 atque
783 1136 936 1167 Melioris

231 1185 387 1217 miseram
402 1187 586 1218 orbitatem
601 1186 719 1226 defles,
732 1186 788 1226 sis,
802 1196 937 1227 precor,

233 1234 330 1276 felix,
346 1246 454 1278 neque
464 1237 591 1268 habeas
605 1247 646 1267 ex
658 1242 716 1268 tuo
729 1237 817 1278 quod
831 1236 933 1269 fleas:

233 1292 272 1317 ut
288 1287 346 1318 lib.
362 1291 412 1319 10.
429 1289 549 1329 Epigr.
564 1290 617 1319 61.

276 1339 380 1369 Eme.
394 1348 498 1371 xxrx.
524 1343 540 1370 1
567 1340 641 1369 Non
657 1340 693 1370 de
708 1341 794 1380 plebe
816 1339 936 1380 domus]

235 1388 313 1419 Non
331 1399 409 1429 pars
435 1390 577 1421 Niliacae
592 1390 702 1430 plebis
718 1396 776 1421 aut
789 1390 937 1421 Alexan—

232 1439 428 1480 drinae,non
441 1450 459 1471 e
471 1440 599 1472 familia
610 1441 766 1482 plebeia:
793 1443 858 1481 vel,
870 1451 936 1472 non

232 1500 250 1520 e
277 1500 379 1531 grege
410 1496 511 1532 atque
545 1492 644 1523 turba
671 1492 937 1523 domesticorum

233 1550 417 1572 servorum.
435 1542 483 1573 sic
506 1542 529 1573 1.
545 1545 575 1573 8.
600 1543 783 1583 Epignffl.
806 1544 937 1585 Ararae]

234 1591 425 1623 Avarorum
450 1602 667 1633 mangonum,
703 1594 824 1635 quibus
860 1596 937 1626 hinc

233 1647 395 1682 quaestus.
436 1643 635 1683 I'er2111‚25⁴c.]
670 1645 745 1675 Nec
773 1655 806 1675 es
833 1655 937 1676 verna

232 1693 427 1732 venalffius,
444 1694 492 1724 ita
508 1698 606 1724 natus
629 1694 732 1734 domi,
759 1701 797 1726 ut
813 1705 935 1726 venum

233 1742 266 1773 in
283 1748 414 1774 catasta
430 1754 505 1775 cum
531 1745 670 1786 reliquis
695 1747 802 1776 servis
832 1757 934 1787 expo-

233 1802 375 1824 nerere:
410 1794 470 1824 sed
499 1795 548 1825 ita
575 1801 689 1835 natus,
718 1802 753 1828 ut
779 1798 936 1829 meritoa

232 1843 379 1874 Meliore
408 1853 571 1875 amarere.
595 1847 746 1877 Statius:
781 1849 789 1864 ‘
805 1848 883 1878 Non
901 1853 935 1879 te

231 1893 420 1925 barbaricae
446 1895 603 1926 versabat
635 1896 736 1927 turbo
771 1898 937 1929 catastae?

233 1944 352 1984 Epigr.
373 1948 427 1975 42.
459 1946 516 1977 lib.
535 1949 564 1976 1.
595 1956 682 1977 vers.
708 1950 738 1978 l.
780 1948 933 1989 Catastoe]

234 1995 412 2035 Pegmatis
440 1995 556 2036 lignei,
581 2006 647 2037 quo
676 1998 807 2028 venales
832 2008 934 2038 expo-

233 2045 405 2076 nebantur
428 2047 535 2077 servi:
577 2057 594 2077 a
619 2049 829 2085 καταστῆναι;
869 2051 934 2088 vel,

233 2102 271 2127 ut
302 2097 455 2127 Raderus
492 2099 646 2138 exponit,
684 2100 746 2130 Est
779 2099 934 2130 machina

231 2148 344 2188 lignea
380 2148 561 2190 longaque,
596 2150 771 2190 compedis
812 2150 934 2191 forma,

233 2198 340 2229 servis
357 2198 460 2229 credo
477 2199 645 2230 venalitiis
662 2201 815 2241 injecta:
844 2202 933 2233 unde

232 2247 316 2280 dicti
332 2249 398 2289 ipsi
412 2250 502 2280 servi
517 2251 526 2266 ‘
539 2250 685 2282 catasti!

275 2302 293 2330 3
318 2301 468 2341 Munera,
482 2301 553 2341 Era]
579 2301 697 2333 Infans
717 2303 803 2334 enim
820 2314 933 2336 manu-

232 2350 354 2381 missus
372 2356 438 2382 est.
479 2351 564 2383 Vide
581 2358 618 2383 et
640 2354 757 2395 Epigr.
783 2357 933 2396 praeced.

233 2411 320 2432 vers.
335 2404 367 2432 3.

275 2455 295 2483 6
318 2452 492 2494 Apollineo,
511 2453 580 2494 &NJ
618 2456 795 2496 Formoso,
824 2457 933 2491 instar

235 2502 416 2543 Apollinis.

277 2555 296 2583 7
322 2553 504 2584 Immodicis
535 2555 637 2587 brevis
667 2561 726 2596 est,
751 2559 821 2600 fixa]
850 2560 931 2591 Pul-

233 2603 402 2635 cherrima
432 2615 574 2646 quz‘eque
609 2607 721 2638 brevis
743 2610 806 2640 aevi
832 2616 931 2643 sunt:

232 2663 372 2693 praecox
395 2655 526 2686 indoles
548 2656 720 2689 immaturi
742 2660 931 2702 plerunque

232 2703 320 2735 fati:
349 2704 390 2736 τὰ
413 2705 474 2745 ’γὰρ
502 2707 633 2747 περισσὰ
657 2708 782 2748 σώματα
811 2711 932 2744 πίπτειν

703 182 846 214 NOTAE
880 182 938 213 VA
950 182 1143 215 RloRUM
1178 184 1228 215 IN

987 277 1122 317 Βαρείαις
1139 276 1211 317 πρὸς
1238 278 1313 308 Θεῶν
1326 276 1531 317 δυσπραξίαις,
1550 277 1689 316 Ἔφασί

987 328 1003 356 ὁ
1032 326 1149 365 μάντις.
1186 328 1328 358 Calchas
1345 327 1490 367 scilicet,
1514 327 1687 358 referente

987 378 1109 408 nuucio
1123 378 1313 418 Sophocleo
1337 377 1370 408 in
1388 377 1494 418 Ajace
1509 384 1690 417 μασταγοφ.

988 437 1030 458 ex
1044 428 1202 468 opinione
1220 428 1335 468 impia,
1347 429 1442 459 Deos
1459 429 1616 459 invidere
1632 437 1690 458 ex-

988 478 1077 508 imiae
1101 484 1136 509 et
1162 479 1343 509 enormiori
1372 479 1510 518 gloriae:
1550 479 1628 509 hinc
1655 483 1690 509 et

987 527 1109 559 fascini
1126 528 1280 567 adhibiti,
1293 534 1442 569 sputum,
1455 530 1583 566 salivae,
1601 529 1690 559 aliae-

989 589 1054 620 que
1083 589 1136 610 res
1168 580 1364 619 turpiculae‚
1394 579 1515 620 quibus
1546 579 1687 618 gloriam

988 631 1188 669 temperari,
1203 631 1379 670 arcerique
1394 630 1553 660 invidiam
1571 630 1689 660 crede-

987 680 1083 712 bant.
1119 681 1297 711 Immodicis
1313 681 1411 711 brevis
1426 680 1486 720 est]
1520 680 1606 711 Haec
1623 679 1690 710 fuit

988 731 1205 772 antiquorum
1229 732 1412 770 sententia,
1437 730 1628 761 immodicis
1655 736 1691 760 et

987 781 1164 812 humanam
1180 787 1304 813 sortem
1323 791 1521 823 quacunque
1538 783 1569 812 in
1584 791 1619 812 re
1637 791 1690 811 su-

989 831 1187 871 perantibus
1200 833 1391 863 hominibus
1404 831 1559 862 invidere
1576 832 1689 861 Deos:

989 886 1023 911 et
1041 881 1121 912 iude
1148 881 1235 920 fieri,
1250 892 1292 912 ne
1309 883 1399 913 inter
1421 891 1481 912 nos
1505 882 1688 912 diurnent:

989 941 1093 972 quare
1120 931 1258 963 (licebat
1282 932 1368 963 Cato
1396 932 1590 969 Censorius,
1614 932 1692 962 ‘Se-

988 981 1089 1013 nilem
1116 983 1292 1022 juventam
1322 988 1538 1023 praematurae
1571 982 1690 1013 mortis

989 1042 1062 1063 esse
1086 1033 1241 1073 signum.’
1265 1034 1358 1066 Plin.
1390 1034 1448 1065 lib.
1465 1037 1496 1065 7.
1532 1043 1607 1074 cap.
1634 1036 1689 1064 51.

988 1084 1168 1124 Optabant
1197 1085 1358 1125 igiturne
1386 1084 1465 1125 quid
1492 1084 1590 1115 nimis
1617 1085 1689 1124 pla-

988 1140 1095 1170 ceret,
1113 1139 1151 1165 ut
1178 1135 1340 1175 praecipit
1359 1135 1413 1165 hic
1435 1134 1627 1165 Martialis:
1653 1139 1689 1164 et

986 1184 1125 1214 nimiam
1157 1185 1388 1216 laudationem
1414 1193 1539 1216 nocere
1577 1184 1691 1215 existi-

987 1235 1136 1266 mabant.
1176 1235 1324 1268 Quidam
1343 1236 1430 1266 enim
1462 1235 1688 1276 prodiderunt

987 1294 1062 1316 esse
1084 1287 1237 1316 homines
1250 1285 1354 1316 nimia
1370 1286 1563 1316 laudatione
1589 1284 1688 1316 effas-

985 1336 1154 1366 cinantes.
1192 1336 1280 1366 Vide
1309 1335 1455 1366 A.Gell.
1477 1335 1582 1366 lib.9.
1612 1345 1687 1375 cap.

985 1387 1017 1415 4.
1042 1386 1087 1416 Et
1109 1386 1163 1416 hic
1180 1386 1320 1426 proprie
1344 1385 1551 1417 ‘fascinuml
1587 1386 1687 1417 Unde

987 1435 1229 1467 ‘Praefiscine'
1254 1437 1431 1475 dixerunt,
1461 1437 1502 1467 ad
1530 1442 1690 1468 averten-

986 1486 1065 1517 dum
1091 1486 1269 1519 fascinum.
1330 1488 1442 1519 Notus
1472 1487 1526 1518 hic
1552 1488 1690 1528 Virgilii

986 1538 1098 1569 locus:
1133 1539 1334 1569 ‘Bacchare
1361 1537 1511 1570 frontem
1537 1538 1688 1579 Cingste,

987 1598 1029 1620 ne
1052 1589 1122 1620 vati
1150 1594 1273 1620 noceat
1301 1589 1388 1620 mala
1413 1589 1529 1629 lingua
1548 1588 1689 1620 futuro.‘

987 1641 1082 1671 Nota
1098 1641 1107 1656 ‘
1119 1640 1207 1671 mala
1222 1640 1339 1680 lingua
1350 1639 1370 1671 ;’
1385 1649 1462 1670 nam
1481 1639 1668 1670 ‘fascinum
1683 1639 1692 1652 ’

985 1700 1004 1721 a
1021 1690 1139 1729 fando,
1156 1691 1264 1732 inquit
1282 1691 1416 1722 Festus.
1462 1690 1514 1722 Ac
1532 1692 1687 1723 Cloatius

985 1742 1126 1772 Verrius
1143 1742 1239 1783 quasi
1266 1740 1426 1777 βάσκανον
1445 1741 1573 1772 dictum
1591 1748 1687 1773 autu-

985 1798 1068 1832 mat,
1086 1798 1121 1823 et
1137 1793 1313 1824 commode
1329 1802 1408 1823 sane
1435 1798 1471 1823 et
1497 1793 1688 1824 condecen-

986 1847 1051 1880 ter,
1066 1843 1115 1873 ait
1131 1842 1220 1874 Gell.
1235 1843 1292 1874 lib.
1305 1846 1337 1874 6.
1351 1853 1426 1884 cap.
1441 1847 1492 1875 12.
1515 1844 1686 1875 Caeterum

985 1899 1059 1925 tota
1085 1895 1144 1925 illa
1170 1895 1284 1934 opinio
1313 1904 1356 1925 ex
1385 1905 1426 1926 eo
1455 1895 1567 1935 fluxit,
1596 1896 1686 1937 quod

985 1945 1215 1985 opinabantur
1232 1945 1324 1977 Deos
1342 1945 1494 1976 invidere
1521 1947 1529 1962 ‘
1541 1948 1687 1977 enormi·

986 1996 1035 2027 ori
1049 1994 1188 2035 gloriae‚’
1211 2000 1249 2026 ut
1271 1996 1422 2037 loquitur
1445 1997 1686 2029 Tertullianus.

984 2046 1097 2086 Impia
1111 2047 1295 2078 sententia.
1326 2046 1492 2078 Invidiam
1515 2048 1687 2079 antemis-

985 2102 1052 2127 tam
1070 2097 1120 2128 ita
1142 2097 1353 2137 metuebant,
1374 2104 1412 2128 ut
1435 2108 1509 2129 eam
1534 2109 1687 2140 quocun-

984 2158 1049 2190 que
1062 2148 1162 2179 modo
1178 2149 1316 2189 placare
1332 2155 1558 2189 conarentur;
1585 2156 1620 2181 et
1635 2151 1686 2182 id-

984 2201 1077 2232 circo
1102 2210 1156 2231 res
1174 2201 1364 2241 turpiculas
1382 2212 1565 2243 puerorum
1592 2204 1683 2235 collo

984 2252 1239 2293 appendebant,
1271 2253 1367 2284 bonae
1397 2263 1520 2285 scaevae
1550 2264 1683 2295 caussa,

983 2308 1022 2334 ut
1036 2307 1132 2334 notat
1150 2304 1260 2333 Varro
1277 2304 1308 2334 in
1323 2303 1418 2334 libris
1432 2304 1474 2334 de
1487 2304 1586 2345 Ling.
1605 2306 1683 2337 Lat.

983 2355 1058 2387 Quo
1076 2365 1156 2386 sane
1174 2355 1308 2386 videtur
1323 2356 1472 2386 allusisse
1489 2357 1630 2388 Plautus
1648 2358 1683 2389 in

982 2406 1116 2437 Milite:
1164 2406 1286 2436 ‘Enim
1305 2406 1377 2446 jam
1408 2406 1534 2437 dudum
1565 2408 1685 2447 gestio,

982 2456 1125 2495 moecho,
1147 2457 1211 2487 hoc
1229 2457 1397 2488 abdomen
1423 2457 1610 2497 abdimere,
1633 2460 1684 2490 Ut

982 2506 1103 2538 faciam
1122 2507 1217 2547 quasi
1234 2518 1340 2548 puero
1356 2509 1388 2538 in
1406 2509 1493 2540 collo
1510 2509 1685 2549 pendeant

981 2558 1193 2598 crepundia.'
1229 2559 1275 2589 Et
1305 2560 1336 2589 iu
1359 2559 1426 2589 suis
1453 2559 1581 2590 aedibus
1609 2560 1681 2591 haec

980 2606 1204 2649 προβάσκαντα
1218 2609 1392 2650 (Miitonia
1408 2610 1561 2650 appellat
1575 2615 1681 2648 ’γλωσ-

980 2658 1152 2700 σογράφος)
1164 2659 1343 2692 habebant.
1368 2660 1543 2692 Plutarch.
1554 2665 1588 2692 et
1601 2661 1681 2692 Pol-

980 2713 1049 2743 lux.
1083 2711 1252 2742 Heruldus.
