1866 3131
436 189 482 218 M.
519 190 626 218 VAL.
660 186 932 217 MARTIALiS
971 187 1126 217 EPIGR.
1163 187 1254 216 L1ss.
1290 187 1352 215 lv.

176 283 296 314 stricta
324 293 457 324 sex-uper
473 284 589 315 (lomus
615 284 713 323 ignca
738 280 870 313 massa!

178 333 266 364 Vide
284 334 342 364 lib.
363 338 411 364 12.
431 335 494 374 Ep.
513 338 562 364 18.

223 386 259 413 15
285 384 451 414 Armorum
474 384 561 423 Salo]
585 383 721 413 Positns
739 382 870 412 Platean

178 432 396 471 describitur,
423 444 518 474 quarn
556 434 677 464 Salone
706 432 806 463 fluvio
837 436 872 462 et

179 483 323 514 torrenti
343 484 439 513 simili
459 484 502 513 ait
522 483 623 522 cingi.
666 484 748 513 Tum
765 484 773 499 ‘
790 487 871 512 tein-

179 533 340 571 perator'
371 534 469 571 dixit,
500 534 576 573 quia
607 532 729 563 Salone
767 532 873 572 gelari

177 583 303 613 ferrum
321 583 419 621 dixit,
438 583 492 613 lib.
511 586 540 613 l.
558 583 676 623 Epigr.
693 586 746 613 50.

222 635 262 663 16
287 633 477 673 ΟΙιονοεᾳαε]
511 633 648 663 Choreis
688 632 875 672 gaudentes

180 683 392 714 Rixamaros.

223 735 261 762 17
295 732 444 763 Com-iria
465 732 566 771 festa,
593 731 661 772 aya]
698 732 874 763 Lautiores

179 782 388 813 Carduarum
405 783 509 813 cives.

219 835 259 864 23
283 834 327 864 Ec
341 837 477 863 sunctum
493 832 644 872 ilicetum]
670 831 874 863 Inviolatum

176 883 288 914 ferro:
315 883 407 913 locus
432 892 540 913 sacer.
586 882 743 912 Ilicetum
759 891 839 922 ergo
856 891 876 911 a

174 931 346 972 frequenti
362 933 457 970 ilice;
482 938 518 963 ut
536 932 730 970 salicetum,
745 934 809 963 ἃς.

221 985 261 1012 24
290 983 351 1012 I’er
381 993 447 1022 quoe
475 983 522 1013 tel
549 983 652 1022 piger,
675 982 743 1022 elwa]
781 982 876 1013 Dicit

176 1033 252 1062 loca
282 1032 354 1072 jam
397 1039 596 1064 enumerata
633 1037 701 1064 tarn
733 1042 875 1072 amoena,

177 1083 328 1123 quamvis
355 1082 462 1113 fessus
489 1089 547 1113 aut
570 1084 671 1122 iners,
707 1083 750 1114 ob
775 1093 874 1113 amoe-

176 1135 319 1165 nitatem
337 1139 448 1165 tamen
464 1145 539 1165 cum
555 1136 728 1175 voluptate
747 1145 875 1175 peram-

178 1184 324 1214 bulares.
372 1185 455 1215 Rati.
509 1186 593 1215 Tum
620 1186 629 1202 ‘
656 1186 777 1216 Curvae
802 1185 874 1215 Ma-

177 1234 335 1271 tinessae‚'
350 1235 512 1275 oppidum
535 1245 584 1267 sc.
601 1245 740 1267 curvum
757 1235 800 1267 ob
818 1246 876 1276 po-

177 1285 278 1316 situm
296 1285 376 1316 loci.

220 1337 260 1366 27
285 1335 366 1366 Hoec
378 1339 442 1366 tam
458 1337 588 1376 rustica,
611 1336 679 1376 ἔγω]
704 1338 748 1368 Et
762 1341 876 1368 tamen

177 1386 251 1417 haec
272 1387 408 1417 nomina
430 1387 557 1418 Celtib.
580 1388 688 1418 minus
705 1388 788 1418 dura
802 1392 878 1418 sunt

177 1443 211 1468 et
242 1437 377 1469 horrida
407 1447 507 1478 quam
542 1438 753 1469 Bitontumz’
784 1439 878 1479 quasi

180 1487 294 1518 dicat:
321 1488 389 1519 Cur
403 1488 478 1528 tibi,
503 1489 652 1520 Romane
670 1490 780 1520 lector
795 1489 878 1520 deli-

180 1542 268 1576 cate,
295 1537 472 1578 displiceat
502 1539 556 1569 vel
586 1539 752 1579 asperitas
775 1539 879 1570 nomi-

179 1597 272 1626 num,
304 1589 355 1618 vel
387 1588 516 1618 inculta
548 1590 722 1629 provincia
751 1589 877 1620 Celtib.

180 1647 254 1668 curn
270 1643 304 1668 et
319 1638 462 1668 nominis
485 1638 639 1669 barbarie
660 1649 756 1680 aeqne
773 1638 876 1670 offen-

179 1687 253 1727 dat,
277 1687 454 1718 fertilitate
479 1698 557 1719 sane
574 1693 610 1719 et
635 1689 802 1729 dignitate
826 1690 877 1720 his

179 1739 278 1778 longe
316 1738 431 1776 cedat,
470 1739 648 1770 Bitnntinn
685 1739 878 1770 vilissimum

180 1787 317 1828 Apuliae
334 1788 506 1828 oppidum.

224 1840 332 1869 Eme.
350 1848 422 1869 ιη.
447 1840 531 1869 Cum
555 1838 742 1869 liberalitas
758 1844 793 1869 et
809 1849 879 1869 mu-

181 1888 356 1920 nificentia
373 1889 498 1919 nullum
514 1888 576 1919 sibi
590 1894 783 1930 proponant
793 1899 877 1929 prae-

181 1941 295 1980 mium,
320 1939 449 1971 refutat
472 1941 535 1971 hoc
554 1941 670 1981 Epigr.
687 1941 879 1982 Gargiliani

181 1992 357 2032 cujusdam
383 1991 592 2031 lieredipetae
610 1991 807 2031 vanitatem,
823 1992 879 2032 qui

182 2051 218 2072 se
245 2041 438 2072 munificum
464 2041 578 2072 vocari
607 2041 758 2081 volebat,
789 2041 878 2082 quod

180 2095 232 2134 iis,
254 2104 337 2135 quos
365 2094 544 2134 captabat,
566 2094 718 2133 ingentia
740 2104 880 2125 munera

181 2145 336 2176 mitteret
352 2156 358 2175 :
385 2145 557 2175 sordidum
576 2155 652 2175 euin
668 2149 703 2176 et
720 2154 878 2186 spurcum

182 2195 296 2226 vocari
337 2195 463 2226 debere
499 2195 665 2234 affirmat3
696 2195 880 2236 largirique

183 2250 219 2277 et
244 2245 369 2277 donare
398 2256 431 2276 se
458 2246 625 2277 dicturum
643 2245 836 2286 profitetur,
853 2246 881 2276 si

183 2297 246 2327 sibi
274 2297 427 2337 pauperi,
455 2302 490 2327 et
506 2306 524 2326 a
541 2306 605 2337 quo
632 2296 715 2326 niliil
739 2306 881 2337 exspec-

183 2351 258 2377 tare
276 2352 400 2386 potest,
411 2356 551 2377 munera
565 2347 688 2378 mittat.
734 2347 827 2378 Ram.

227 2400 246 2428 4
273 2398 334 2432 Qui
348 2401 447 2437 potes,
458 2397 527 2436 εμπ]
551 2397 618 2429 Qui
640 2397 881 2429 munificentia:

183 2448 283 2479 titulo
298 2447 437 2488 insignis
450 2448 579 2485 hamos,
590 2448 710 2488 quibus
724 2448 883 2478 orborum

186 2507 302 2529 senum
331 2507 370 2528 ac
398 2497 540 2528 divitum
555 2498 727 2529 viduarum
751 2499 883 2529 inescas

184 2548 408 2579 hereditates.
453 2548 570 2578 Senec.
590 2548 699 2589 Epist.
715 2552 747 2580 8.
781 2550 790 2566 ‘
807 2549 883 2579 Mu-

186 2609 268 2630 nera
300 2599 364 2629 ista
397 2597 543 2629 fortunae
576 2599 729 2639 putatis?
754 2599 884 2630 insidiae

187 2648 289 2681 sunt.'

228 2704 246 2731 5
272 2700 325 2731 Sic
341 2700 443 2731 avidis
462 2701 579 2741 fallax,
602 2701 669 2741 Sym]
694 2701 811 2742 Epigr.
833 2704 882 2732 18.

187 2751 246 2783 lib.
263 2755 293 2781 5.
310 2760 394 2782 vers.
409 2754 439 2781 9.

1506 175 1615 217 1:211

963 284 982 311 8
1006 282 1111 319 Dona,
1132 281 1201 321 ἐγω]
1226 281 1407 312 Μιιηὶίὶοιιε
1424 290 1503 312 vere
1522 285 1556 310 ct
1582 281 1615 310 li-

922 332 1044 363 beralis
1070 332 1149 371 eris,
1175 334 1202 363 si
1228 334 1308 364 milii
1335 333 1467 374 meique
1491 332 1618 363 ordinis

921 383 1003 413 viris
1028 382 1168 422 largitus
1193 382 1311 423 fueris,
1336 383 1392 424 qui
1409 384 1516 414 vicem
1546 381 1618 412 red·

922 433 1003 463 dere
1021 442 1086 463 non
1103 441 1288 472 possumus.

967 483 1072 513 Epm.
1096 491 1185 513 Lvu.
1208 483 1342 522 Hyeme
1371 483 1476 520 Baiis,
1501 485 1619 513 aestate

922 533 1050 563 Tibure
1082 532 1291 572 degendum:
1325 542 1400 563 nam
1430 533 1535 564 Tibur
1563 532 1620 562 fri-

925 583 1038 624 gidum
1066 592 1211 624 semper,
1234 583 1324 614 ssaiae
1354 593 1488 623 semper
1517 586 1619 613 aestu-

925 643 1003 665 osae.

970 687 985 714 1
1009 683 1147 722 Lascivi,
1173 682 1244 723 ilfa]
1280 683 1336 714 Ob
1361 682 1503 713 delicias
1531 682 1620 713 illius

927 736 1016 766 lacus
1031 740 1065 766 et
1082 735 1312 766 amoenitatem
1330 735 1409 773 loci,
1433 738 1535 775 atque
1558 734 1619 764 las-

926 786 1120 817 civientium
1133 786 1178 816 ibi
1189 785 1359 816 hominum
1375 783 1599 825 frequentiam
1613 795 1620 814 :

927 837 1040 876 Epigr.
1056 839 1110 867 63.
1126 836 1183 867 lib.
1197 839 1224 867 1.
1241 845 1331 866 vers.
1345 838 1375 867 2.

969 889 988 917 2
1014 887 1107 928 Quae]
1129 887 1223 917 Baiae
1238 895 1373 926 nempe,
1398 894 1486 926 quae,
1509 883 1551 914 ad
1570 892 1620 913 ra-

928 937 1021 968 dices
1039 937 1159 968 montis
1181 937 1377 977 Campaniae
1402 936 1489 974 sitae,
1517 944 1620 975 aquas

926 987 1052 1018 habent
1068 987 1206 1018 calidas.
1255 986 1425 1026 Pumicez's]
1450 985 1623 1026 Epumice

927 1039 981 1069 vel
997 1039 1102 1078 topho
1119 1038 1390 1070 scaturientibus.
1413 1036 1532 1076 Antra]
1550 1035 1627 1067 Cel·

927 1090 968 1119 1ae
983 1094 1169 1120 excavatae.

971 1142 989 1170 3
1014 1140 1059 1170 Τιι
1084 1141 1158 1170 colis
1184 1139 1312 1177 Argivi,
1337 1139 1407 1180 ἐξα]
1449 1139 1499 1169 Tu
1525 1137 1621 1178 degis

926 1190 1065 1228 Tibure,
1080 1200 1099 1220 a
1116 1190 1237 1220 Catillo
1254 1189 1382 1229 Argivo
1397 1189 1548 1226 condito,
1569 1188 1623 1218 eni

928 1240 1053 1272 fratres
1077 1240 1238 1271 Tiburtus
1266 1244 1303 1271 et
1326 1240 1450 1271 Corax.
1493 1241 1503 1257 ⁴
1520 1238 1624 1269 Tibur

928 1290 1041 1330 Argeo
1059 1289 1203 1330 positum
1220 1290 1340 1321 colono
1355 1289 1375 1320 2'
1407 1289 1530 1319 Horat.
1549 1287 1624 1317 Ode

928 1343 959 1371 6.
973 1340 1032 1371 lib.
1047 1343 1079 1371 2.

970 1392 990 1420 4
1016 1390 1083 1425 Quo
1108 1393 1138 1420 ie
1161 1389 1219 1428 bis,
1249 1389 1318 1429 Sym]
1343 1388 1443 1421 Quod
1473 1388 1515 1419 ab
1543 1387 1624 1418 urbe

929 1441 1035 1471 distat
1051 1443 1104 1471 20.
1123 1449 1165 1470 M.
1182 1449 1352 1480 passuum.

971 1495 988 1521 5
1015 1491 1169 1530 Horrida,
1191 1491 1261 1530 δέ]
1286 1490 1354 1521 Sed
1378 1489 1491 1521 fervet
1513 1493 1629 1528 aestus,

929 1541 985 1571 nbi
1002 1541 1073 1580 jam
1098 1542 1156 1571 Sol
1170 1540 1292 1571 Leonis
1316 1540 1446 1580 signum
1472 1539 1625 1569 subierit.

930 1589 1274 1629 Augustisc.mense.
1308 1589 1464 1628 Nemeoei]
1488 1588 1628 1621 Quifin-

927 1640 1018 1679 gitur
1044 1650 1086 1670 ex
1112 1641 1225 1670 Leone
1255 1639 1313 1669 illo
1345 1639 1386 1669 ab
1419 1639 1571 1669 Hercule
1593 1638 1626 1667 in

928 1690 1021 1730 sylva
1038 1691 1201 1721 Nemeaea
1227 1700 1316 1721 caeso
1342 1690 1375 1720 in
1392 1690 1511 1721 coelum
1541 1689 1627 1720 rela-

929 1744 996 1771 tus.
1021 1742 1157 1772 Pectora
1172 1741 1316 1781 monstri]
1332 1740 1371 1770 In
1384 1744 1526 1780 pectore
1537 1740 1625 1770 enim

930 1791 1052 1822 Leonis
1064 1796 1116 1821 est
1132 1790 1380 1830 fulgentissima
1395 1791 1497 1821 stella
1512 1792 1628 1830 primae

929 1840 1180 1880 magnitudinis,
1192 1850 1291 1881 quam
1307 1850 1366 1871 cor
1378 1841 1500 1871 Leonis
1512 1841 1628 1880 appel-

930 1892 1013 1922 lant.

972 1944 993 1972 6
1017 1942 1083 1972 Nec
1093 1941 1171 1971 satis
1194 1945 1252 1979 est,
1273 1941 1343 1982 tren]
1365 1940 1521 1971 Fontium
1540 1940 1627 1971 enim

930 1991 1056 2023 fervori
1095 1991 1233 2021 additur
1259 1991 1352 2022 calor
1381 1991 1540 2022 ccelesiis,
1585 1992 1630 2021 Et

930 2042 979 2073 sic
996 2042 1098 2072 tacite
1126 2041 1241 2072 reddit
1264 2051 1398 2072 causam
1424 2051 1494 2072 suae
1509 2041 1630 2080 migra-

931 2092 1046 2130 tionis,
1072 2092 1114 2122 ad
1130 2092 1283 2122 vitandos
1306 2101 1352 2123 se.
1378 2092 1520 2130 calores,
1543 2101 1627 2131 quos

932 2142 977 2173 ibi
1007 2152 1073 2183 qua
1095 2152 1114 2172 a
1140 2142 1224 2181 sole,
1249 2151 1315 2183 qua
1334 2151 1354 2172 a
1370 2143 1454 2172 coelo
1478 2140 1631 2182 perfere-

932 2193 1002 2225 bat.

973 2247 991 2275 7
1016 2243 1106 2274 Sacri
1128 2243 1248 2283 fontes,
1277 2243 1347 2283 Esca]
1373 2243 1504 2281 Baiani,
1534 2252 1632 2282 nym—

932 2298 1006 2338 phis
1023 2296 1133 2333 sacri,
1158 2295 1277 2336 Epigr.
1300 2298 1331 2326 3.
1358 2295 1417 2325 lib.
1441 2298 1470 2325 3.
1494 2304 1582 2327 vers,
1598 2298 1629 2326 3.

932 2347 1094 2378 Fontibus
1112 2346 1198 2375 enim
1223 2351 1258 2376 et
1283 2344 1391 2375 fluviis
1416 2344 1628 2376 divinitatem

932 2398 1046 2428 nescio
1063 2406 1162 2437 quam
1182 2395 1369 2435 assignavit
1385 2395 1477 2425 rudis
1496 2395 1552 2425 illa
1573 2405 1630 2426 an-

934 2448 1085 2488 tiquitas.
1130 2446 1228 2477 Lnde
1256 2444 1327 2485 ἱεροὶ
1352 2445 1496 2484 ποταμοὶ,
1519 2446 1567 2476 διὰ
1593 2446 1629 2477 τὸ

933 2498 1069 2535 ἆένναοιι,
1099 2497 1207 2537 inquit
1234 2496 1391 2527 Eustath.
1418 2497 1460 2527 ad
1487 2496 1546 2527 lib.
1576 2500 1629 2528 ll.

935 2549 1060 2587 odyss.
1108 2548 1152 2576 Et
1178 2546 1293 2576 Persae.
1320 2555 1385 2576 non
1398 2547 1504 2576 solum
1520 2557 1630 2587 πυρσο-

934 2598 1056 2639 λάτραι,
1092 2597 1150 2628 sed
1184 2595 1375 2637 ὑδρολάτραι,
1405 2598 1629 2637 appellantur.

934 2651 1066 2691 Aquam
1084 2653 1196 2679 antem
1214 2649 1390 2688 praecipuo
1414 2648 1505 2678 cultu
1530 2658 1630 2679 vene-

935 2705 1064 2739 rantur,
1080 2699 1126 2730 ita
1142 2703 1181 2729 ut
1193 2708 1300 2739 neque
1315 2697 1436 2729 faciem
1451 2708 1490 2728 ea
1502 2699 1628 2738 lavent,

935 2761 1045 2792 neque
1079 2750 1178 2781 aliter
1206 2750 1392 2789 attingant,
1429 2749 1491 2780 nisi
1530 2756 1629 2791 potus
