1866 3131
384 176 433 205 M.
468 176 576 205 VAL.
610 173 880 205 MARTIAMS
915 175 1072 205 EPIGR.
1108 177 1198 206 [ΑΒ.
1232 176 1336 206 xlv.

135 269 208 300 timi
226 274 324 300 crant
339 269 411 301 dies
427 274 459 301 5.
476 269 642 301 adscititii
666 269 832 310 sigillares

136 324 155 341 ⁸)

180 371 284 402 Erro.
304 379 432 403 Lxxui.
449 375 468 403 2
492 373 556 403 Per
578 381 624 402 me
637 371 750 409 dicere,
764 370 834 410 ξι]

136 421 277 452 Naturae
302 422 477 460 instinctu,
492 432 565 462 quae
592 421 728 452 numina
751 420 832 450 ado-

135 472 240 502 randa
257 472 369 502 docet.
407 472 616 503 Adulatorie.
662 471 766 504 Quasi
783 470 831 500 di-

132 528 205 552 cat:
231 521 325 552 Alias
342 532 442 552 voces
461 522 585 561 saepius
602 521 789 552 inculcatas
813 529 832 550 a

134 573 301 612 magistris
325 573 467 612 accepi3
493 572 662 602 Caesarem
683 571 831 601 salutare

134 622 206 652 sine
224 623 384 663 magistro
400 622 514 653 didici.

178 673 283 703 Eme.
299 681 425 703 Lxxu'.
450 675 464 702 1
487 671 663 711 Salutator]
698 670 831 701 Allndit

135 723 175 754 ad
203 733 351 763 corvum,
375 724 431 764 qui
455 724 624 754 Caesarem
641 722 830 762 Augustum

133 774 173 803 ab
197 773 340 804 Actiaca
357 774 497 804 victoria
522 773 680 804 reducem
707 773 831 803 saluta-

132 826 202 855 vit:
219 826 228 842 ‘
240 824 324 863 Ave,
338 825 465 864 Caesar,
481 823 830 865 victor,11nperat0r.'

133 875 288 906 Macrob.
306 876 377 906 Sat.
394 876 449 906 lib.
463 879 493 906 2.
512 885 540 906 c.
558 879 588 905 4.
628 876 764 906 Fellalor
777 875 831 904 ha·

132 927 228 966 heris]
252 928 260 944 ‘
280 928 406 958 Corvos
423 936 479 957 ore
496 927 586 957 coire
604 931 638 957 et
651 926 830 966 concipere

132 977 240 1007 credit
263 978 392 1016 vulgus,
421 977 567 1008 foeminae
595 982 702 1008 rostro
733 976 830 1006 maris

132 1028 261 1058 inserto
276 1027 296 1059 :'
314 1029 402 1058 Plin.
430 1027 489 1058 lib.
513 1031 563 1058 10.
580 1037 655 1067 cap.
674 1029 724 1058 12.
762 1026 829 1057 Sed

132 1078 333 1108 Aristoteles
356 1083 459 1118 negat
487 1083 522 1109 et
545 1078 679 1108 deridet
703 1078 764 1108 hoc
788 1076 829 1107 ab

132 1128 337 1168 Anaxagora
353 1128 536 1168 proditum,
553 1129 609 1158 lib.
625 1128 666 1158 de
682 1126 831 1157 Animal.

132 1178 230 1210 Quod
251 1189 309 1209 ore
326 1179 455 1209 coirent
474 1178 579 1217 corvi,
596 1177 829 1218 pervulgatum

130 1228 206 1267 hoc,
221 1229 343 1268 probat
359 1228 413 1258 hic
430 1227 635 1258 versiculus:
662 1236 725 1256 nec
741 1225 829 1256 enim

131 1278 318 1319 simplicem
346 1287 540 1319 merumque
570 1277 677 1308 osculi
703 1276 828 1307 coitum

130 1328 180 1359 καὶ
200 1328 279 1368 μίξιν
303 1331 364 1359 τῶν
387 1329 511 1368 ῥυγχῶν
534 1328 566 1358 in
592 1327 714 1367 corvis,
734 1332 773 1357 ut
794 1327 829 1357 in

131 1379 293 1410 columbis
318 1378 392 1409 fieri
417 1378 675 1415 existimabant3
700 1377 758 1408 sed
778 1387 828 1408 se—

130 1439 206 1459 men
223 1429 323 1459 etiam
340 1439 382 1459 ex
398 1429 488 1459 coitu
506 1436 566 1468 per
589 1437 625 1457 os
643 1427 778 1457 immitti
795 1427 828 1457 in

131 1478 314 1517 foeminam,
343 1488 409 1519 quo
440 1478 685 1518 gravidaretur.
743 1478 828 1508 Inde

130 1527 266 1560 fellator
297 1538 418 1560 corvus
448 1529 546 1569 vulgo
575 1528 720 1560 habitus.
758 1529 828 1559 Sal-

132 1581 254 1611 masin-s.

176 1632 281 1662 Epm.
299 1640 406 1662 Lxxv.
433 1635 450 1662 1
469 1632 540 1663 Flet
558 1632 740 1669 Philomela,
758 1630 827 1670 ssa]

132 1682 260 1713 Fabula
276 1683 330 1712 vel
344 1682 456 1723 pueris
471 1688 551 1712 nota
567 1691 608 1713 ex
625 1682 711 1712 Met.
726 1681 826 1712 Ovid.

131 1733 193 1764 lib.
209 1736 240 1764 6.

176 1784 281 1813 Eme..
299 1792 421 1814 Lxxvr.
453 1786 468 1813 l
499 1783 577 1813 Pica
604 1784 730 1822 loquax,
759 1781 828 1821 gu]

131 1834 385 1873 Epigrammate
408 1835 459 1864 87.
486 1833 544 1863 lib.
573 1835 604 1863 7.
627 1841 713 1863 vers·
739 1834 770 1863 6.
793 1836 828 1862 et

130 1884 186 1915 lib.
203 1888 233 1915 9.
251 1884 420 1924 Epigram.
435 1887 487 1914 55.

173 1937 193 1964 2
217 1934 255 1965 Si
271 1944 316 1964 me
338 1945 397 1965 non
412 1934 609 1974 videas‚85c.]
632 1935 727 1966 Idem
755 1934 826 1975 Op-

133 1984 252 2024 pianus
276 1984 316 2014 de
334 1985 396 2015 hac
409 1984 475 2015 avi.
514 1984 601 2015 Vide
622 1985 698 2016 Jau.
721 1984 826 2016 Dous.

130 2045 231 2076 super
247 2035 378 2066 Arbitr.
395 2035 453 2066 lib.
472 2039 501 2067 l.
516 2045 592 2075 cap.
608 2038 657 2066 14.

174 2086 279 2116 Epm.
291 2093 430 2116 Lxxvn.
446 2088 461 2116 1
477 2085 561 2116 Talis
571 2086 643 2125 erit,
654 2086 721 2126 ξω]
747 2086 829 2116 Pas-

131 2146 197 2175 ser,
209 2137 261 2176 cuj
269 2147 304 2167 us
319 2142 462 2167 mortem
473 2137 595 2168 Lesbia
608 2137 732 2168 Catulli
745 2137 827 2168 ami-

131 2196 171 2217 ca
186 2185 290 2217 flebat
305 2198 313 2224 ;
337 2192 371 2217 et
388 2187 461 2226 ipse
486 2187 638 2218 Catullus
654 2190 686 2218 3.
702 2188 815 2218 Carm.

175 2240 194 2267 2
222 2237 283 2267 Hic
299 2236 454 2277 habitare]
479 2237 518 2267 In
541 2237 603 2268 hac
631 2247 732 2268 cavea
748 2238 827 2269 ebo-

135 2289 204 2309 rea.

175 2329 281 2359 Eric.
298 2338 451 2359 Lxxvm.
479 2332 494 2360 1
521 2329 626 2369 Artis]
649 2330 826 2371 Philippus

132 2378 332 2416 Beroaldus,
355 2388 451 2418 quem
468 2379 544 2409 vide
560 2379 685 2412 Annot.
701 2391 776 2421 cap.
795 2385 824 2413 6.

134 2429 217 2468 legit
230 2438 238 2458 t
263 2429 353 2458 Artis
367 2428 440 2458 ebur
455 2429 578 2459 medicoe
592 2432 750 2462 narthecia
764 2443 826 2463 cer·

131 2479 191 2517 nis,
217 2477 340 2508 habebis
367 2479 507 2516 Munera,
530 2480 581 2517 ἐξέ.
615 2480 681 2510 Alii
711 2482 827 2521 legunt

133 2528 253 2559 cernis?
275 2527 397 2558 habebis
408 2529 550 2568 Munera,
561 2532 613 2569 ἅμ’.
653 2530 740 2561 Ebur
755 2542 825 2562 nar-

132 2579 245 2616 thecia,
259 2578 327 2617 ὅτι]
352 2579 515 2618 Pyxidem
540 2581 733 2619 eburneam,
752 2591 826 2621 quae

133 2636 170 2659 et
187 2627 398 2658 nartliecium
425 2627 571 2666 dicitur3
594 2629 625 2659 id
648 2634 711 2669 est,
733 2640 829 2671 repo-

134 2679 289 2708 sitorium
321 2678 641 2709 medicamentorum
673 2689 690 2710 e
722 2679 828 2712 ferula

134 2729 266 2759 solitum
283 2727 369 2767 fieri,
386 2728 456 2768 Cic.
469 2728 510 2759 de
529 2729 601 2760 Fin.
619 2732 648 2761 2.

1468 166 1487 205 l
1495 166 1580 207 445

927 271 946 299 2
971 269 1099 300 Pactius
1112 280 1175 302 esse
1189 270 1258 311 sua]
1282 270 1408 302 Nescio
1425 270 1496 311 quis
1510 270 1581 302 lau-

886 323 950 357 tns,
969 321 1019 349 vel
1038 321 1198 351 medicus.

927 371 1033 401 Eme.
1050 380 1177 404 Lxmx.
1194 375 1209 402 1
1231 373 1364 403 Tantum
1376 373 1472 403 ludite
1483 372 1581 414 servi]

884 421 958 451 Nec
972 422 1102 452 scelera
1115 421 1249 462 audete,
1259 431 1374 462 poenas
1387 422 1511 463 alioqui
1522 422 1580 453 da-

884 471 949 502 turi
968 476 1044 511 post
1060 472 1268 504 Saturnalia.

924 524 943 551 2
967 521 1118 561 Signata]
1149 522 1270 553 Clausa
1300 527 1335 553 et
1362 522 1484 553 annulo
1513 522 1578 562 sig-

880 575 970 602 nata.
1001 570 1102 610 Mihi]
1142 572 1300 603 Domino.
1337 573 1492 613 Quinque,
1507 573 1578 613 Sym]

881 623 1136 661 Saturualibus3
1163 624 1278 664 Epigr.
1304 626 1357 655 53.
1380 625 1441 655 lib.
1464 627 1496 656 7.
1514 633 1579 656 vss.

883 677 914 704 l.
931 677 963 706 2.

925 725 1031 756 Eme.
1056 734 1165 758 Lxxx.
1191 727 1345 757 Ferulam
1363 726 1410 757 ait
1427 726 1494 766 igni
1511 735 1580 758 ser-

882 774 991 805 vardo
1007 775 1135 815 utilem,
1152 780 1186 807 et
1204 778 1316 816 pueris
1333 777 1566 808 verberandis.

923 827 942 854 2
970 825 1064 856 Clara
1082 825 1275 865 Prometheo,
1290 827 1360 866 ὅρα]
1386 827 1477 857 Cava
1488 827 1578 857 enim

880 874 913 905 in
926 874 1034 906 ferula
1047 876 1283 907 Prometheum
1295 876 1372 908 Jovi
1384 881 1577 916 surreptum

880 925 992 965 ignem
1018 926 1179 957 detulisse
1210 926 1302 958 canit
1331 926 1515 966 Hesiodus,
1542 930 1578 957 et

880 975 951 1015 ipse
968 976 1056 1016 apud
1075 976 1281 1017 lEschylum.

924 1027 1031 1058 Eme.
1048 1036 1174 1058 Lxxm.
1198 1031 1213 1058 l
1240 1028 1290 1059 Ne
1316 1028 1454 1059 mendica
1471 1027 1577 1067 serat]

882 1077 971 1107 Pera
996 1084 1105 1118 rogat,
1124 1083 1172 1113 „ut
1201 1079 1321 1110 habeat
1351 1078 1577 1110 honestiorem

880 1128 1049 1159 dominum
1064 1139 1161 1169 quam
1178 1129 1353 1170 Cynicum,
1370 1129 1462 1169 cujus
1486 1138 1578 1160 men-

880 1178 996 1209 dicata
1012 1178 1125 1210 frusta
1141 1184 1284 1220 cogatur
1297 1178 1402 1218 ferre,
1417 1184 1453 1210 et
1470 1180 1576 1219 pulvi-

880 1228 913 1257 ni
930 1227 1072 1258 officium
1090 1229 1272 1259 dormienti
1289 1233 1464 1268 praestare.
1495 1229 1579 1259 Bar·

880 1277 944 1308 bati
968 1278 1103 1318 prandia
1124 1277 1214 1317 nudi]
1242 1278 1374 1318 Cynici,
1401 1279 1456 1319 qui
1480 1277 1577 1313 βαθὺν

879 1327 1010 1366 πώγωνα
1024 1327 1074 1359 καὶ
1088 1327 1198 1366 σεμνὸν
1213 1328 1335 1368 pascit.

922 1379 1030 1410 EP1G.
1048 1387 1190 1409 Lxxxn.
1206 1381 1222 1408 1
1238 1378 1277 1408 In
1288 1378 1402 1418 pretio,
1410 1377 1480 1418 ἔξω]
1496 1378 1576 1409 Sco-

881 1439 933 1470 pae
946 1429 1024 1459 olim
1041 1438 1058 1458 e
1076 1429 1187 1469 palma
1203 1427 1320 1459 factae.

922 1482 940 1510 2
964 1479 1027 1510 Sed
1039 1480 1184 1519 pretium,
1198 1478 1265 1518 Esau]
1285 1479 1393 1510 Scriv.
1416 1479 1481 1519 leg.
1498 1489 1576 1510 cen-

880 1535 954 1560 set:
982 1531 1058 1560 Otia
1077 1531 1129 1560 sed
1151 1530 1249 1570 scopis
1265 1539 1343 1560 nunc
1365 1530 1505 1561 analecta
1520 1531 1575 1561 da-

879 1579 937 1609 bit.
965 1578 1174 1609 ‘Analecta'
1202 1579 1255 1609 hic
1280 1583 1332 1610 est
1355 1579 1372 1608 ὁ
1395 1578 1574 1619 ἀναλέκτης,

880 1638 945 1659 11011
961 1627 1002 1658 τὰ
1023 1626 1190 1659 ἀνάλεκτα.
1222 1629 1310 1660 Nam
1324 1630 1488 1660 analectae
1505 1639 1574 1661 ser—

880 1680 911 1709 vi
937 1684 1015 1710 sunt
1041 1680 1098 1721 qui
1124 1689 1211 1718 ossa,
1233 1685 1269 1710 et
1292 1679 1410 1717 micas,
1434 1690 1509 1720 quae
1531 1679 1574 1710 de

879 1739 993 1760 mensa
1008 1729 1146 1768 cadunt,
1161 1729 1202 1760 de
1225 1729 1420 1770 pavimento
1437 1730 1576 1770 collige·

879 1780 973 1818 bant,
990 1790 1089 1810 manu
1112 1789 1151 1810 ea
1172 1779 1405 1817 corradentes,
1420 1789 1486 1809 nou
1504 1789 1575 1810 sco-

878 1831 930 1871 pis
954 1835 1139 1861 verrentes.
1184 1831 1285 1861 Hunc
1303 1830 1443 1861 divitum
1461 1831 1574 1861 luxum

878 1885 973 1912 notat
986 1881 1039 1911 hic
1052 1881 1234 1912 Martialis.
1265 1881 1402 1912 Scriver.
1431 1881 1495 1912 Sed
1505 1890 1573 1922 pre-

877 1932 967 1969 tium,
987 1931 1055 1971 lisa]
1078 1931 1143 1962 Sed
1167 1931 1380 1972 reliquiarum
1407 1932 1506 1972 copia
1531 1941 1574 1962 ex

877 1982 1040 2012 hodierno
1058 1982 1136 2012 luxu
1155 1981 1326 2022 augebunt
1342 1981 1486 2020 pretium
1502 1991 1575 2012 sco-

878 2032 943 2071 pis.
982 2032 1036 2062 Sic
1073 2031 1197 2072 vulgo:
1236 2031 1295 2062 sed
1335 2030 1500 2061 Brodaeus
1538 2036 1574 2062 et

878 2082 1047 2112 Gruterus
1064 2091 1105 2111 ex
1122 2081 1212 2122 triga
1234 2082 1319 2112 Mss.
1352 2081 1428 2110 Otia
1443 2082 1495 2111 sed
1509 2090 1574 2111 sco-

875 2131 934 2171 pis.
980 2130 1165 2161 Scriverius
1190 2130 1315 2161 etiam:
1342 2131 1419 2160 Ocia
1442 2131 1494 2160 sed
1513 2139 1574 2160 sco-

875 2181 925 2221 pis
962 2191 1042 2211 nunc
1073 2181 1208 2211 analecta
1236 2179 1341 2211 dabit.-
1365 2185 1400 2210 et
1430 2179 1574 2219 exponit

878 2233 887 2249 ⁴
906 2230 1081 2270 analecta,'
1109 2231 1308 2269 ministrum,
1335 2230 1392 2270 qui
1415 2229 1572 2269 reliquias

878 2281 1017 2322 colligit.
1036 2281 1152 2321 Epigr.
1169 2283 1222 2311 20.
1236 2279 1293 2310 lib.
1310 2282 1340 2310 7.
1357 2288 1444 2309 verS.
1464 2281 1516 2309 17.

922 2334 1028 2363 ΕΡιῦ.
1052 2339 1209 2362 Lxxxnr.
1235 2333 1250 2360 1
1277 2330 1405 2368 Mamm,
1425 2330 1492 2369 Qun]
1516 2329 1572 2360 In-

878 2387 1114 2418 strumentum,
1139 2380 1239 2420 quod,
1266 2389 1329 2420 quo
1356 2389 1471 2409 manus
1508 2389 1571 2410 non

878 2431 1108 2473 pertingebat,
1131 2440 1244 2460 manns
1262 2430 1368 2460 vicem
1392 2429 1572 2469 supplebat

877 2483 919 2513 ad
951 2482 1116 2522 pruritum
1144 2481 1357 2519 scapularum
1384 2479 1572 2510 fricandam

879 2539 980 2573 atque
995 2531 1224 2571 scalpendum.

919 2586 939 2612 2
959 2582 996 2611 Si
1012 2582 1085 2620 quid
1099 2578 1210 2620 pulice]
1235 2579 1428 2610 Pediculns.

920 2631 1027 2662 Eme.
1046 2639 1194 2661 cxxxiv.
1221 2633 1233 2660 1
1262 2629 1310 2659 Ne
1324 2632 1407 2668 toga,
1423 2628 1491 2669 ssa]
1516 2629 1570 2661 Ne

879 2682 974 2722 pilosi
997 2681 1091 2719 fiant,
1117 2686 1151 2711 et
1175 2680 1229 2720 (ut
1253 2680 1275 2711 l.
1300 2682 1329 2710 l.
1358 2679 1474 2719 Epigr.
1500 2680 1570 2720 67.)

879 2734 887 2750 ‘
906 2733 1099 2764 inhorreant
1125 2730 1255 2763 mento'
1282 2730 1356 2761 libri
1388 2739 1487 2761 mann
1515 2731 1569 2761 vel
