1866 3131
233 166 343 208 1108

278 271 316 298 18
353 265 486 305 Nasum]
527 264 680 296 Acumen
706 269 740 294 et
766 265 929 303 argutiam

228 318 298 358 joci
323 322 358 348 et
380 315 569 353 derisionis,
589 314 643 344 cui
666 313 800 344 dicatur
817 324 930 352 nasus,

233 379 336 408 supra
349 368 458 407 epigr.
472 369 503 396 4.
522 375 606 396 verS.
623 369 653 396 0.

280 422 318 450 19
340 418 435 448 Ludit
466 418 516 456 qui
539 417 662 454 stolida,
690 415 758 455 ἐξα]
793 415 931 455 Singula

233 470 337 499 verba
356 467 565 498 advertenda
588 471 666 497 sunt
688 472 721 497 et
739 466 932 505 expenden-

235 520 287 550 da.
331 518 429 550 Quod
457 517 570 548 Graeci
610 516 808 557 εὐτραπελίαν
841 516 932 546 dixe-

234 575 324 608 runt,
341 569 372 599 id
390 569 498 609 ipsum
523 567 636 598 Latini
662 570 670 584 ⁴
685 567 910 598 urbanitatem
925 565 930 575 ’

235 620 470 660 appellarunt:
497 624 533 648 ut
548 623 583 648 et
607 620 615 634 ⁶
630 617 851 648 dicacitatem
866 615 873 627 '
899 619 933 645 et

233 669 501 700 ‘cavillationem
517 668 537 699 ι’
562 678 636 709 quae
663 666 827 707 quomodo
845 666 933 696 inter

235 729 271 750 se
302 718 463 750 differant
482 718 589 751 docet
604 718 734 748 Tullius
759 717 817 746 lib.
835 718 866 746 2.
891 715 932 745 de

236 770 395 801 Oratore.
440 769 597 800 ‘Etenim
624 777 699 798 cum
726 767 791 797 duo
808 775 933 805 genera

235 820 301 851 sint
318 819 532 856 facetiarum,
554 820 695 849 alterum
721 817 932 858 aequabiliter

232 870 267 900 in
284 870 374 900 omni
386 879 539 901 sermone
556 868 678 907 fusum,
697 869 841 898 alterum
858 876 933 906 per-

235 925 368 950 acutum
406 924 440 950 et
477 918 593 957 breve,
623 918 681 948 illa
711 928 730 947 a
762 917 932 947 veteribus

237 969 391 1008 superior
416 969 599 1006 cavillatio,
625 968 696 997 liaec
721 968 827 997 altera
844 967 935 997 dica-

235 1021 322 1052 citas
361 1021 534 1061 appellata
568 1019 645 1050 est.⁷
704 1019 782 1050 Non
821 1024 932 1048 autem

235 1072 451 1102 temerarium
475 1075 528 1101 est
549 1069 637 1110 quod
653 1068 789 1099 additur
805 1068 935 1108 epithe-

236 1127 327 1152 tum:
353 1131 428 1151 nam
458 1123 466 1138 ‘
483 1121 639 1151 stolidam
672 1117 934 1159 procacitatein’

235 1173 387 1212 appellat
423 1170 604 1208 Martialis,
641 1170 867 1210 importunam
901 1174 935 1199 et

234 1223 393 1253 insulsam
411 1222 636 1259 dicacitatem,
661 1220 767 1261 qualis
791 1229 862 1249 esse
881 1229 935 1259 po-

236 1277 306 1302 test
342 1272 483 1302 hominis
515 1270 629 1301 stolidi
655 1275 690 1300 et
728 1269 856 1308 insulsi,
886 1268 936 1299 καὶ

233 1323 410 1361 δυσχεροῦς.
437 1321 567 1353 Herald.

277 1375 317 1402 20
342 1372 413 1403 Non
437 1376 494 1411 est,
520 1373 589 1412 iffa]
616 1372 696 1403 Non
721 1376 772 1402 est
796 1371 932 1401 Sextius

236 1421 410 1460 Gaballus,
448 1422 507 1452 sed
546 1422 708 1460 caballus,
739 1420 931 1462 quadrupes

236 1474 375 1504 bellua:
402 1474 509 1513 epigr.
540 1476 568 1504 9.
615 1473 672 1503 lib.
704 1475 753 1503 10.
798 1472 932 1503 Dividit

233 1532 314 1563 ergo
332 1533 406 1564 quae
432 1523 613 1563 conjuncta
636 1522 858 1559 videbantur,
884 1527 931 1552 at-

235 1582 299 1612 que
316 1573 416 1612 jocus
444 1578 496 1603 est
522 1582 562 1602 ex
590 1582 642 1609 eo,
662 1571 751 1612 quod
767 1581 809 1601 ex
834 1578 931 1611 parte

235 1624 409 1661 tribuitur,
426 1633 466 1653 ex
485 1629 579 1663 parte
597 1628 750 1661 negatur.
795 1622 854 1652 Ait
872 1623 931 1663 igi-

235 1678 289 1702 tur
305 1672 470 1702 bominem
500 1678 567 1702 tam
596 1678 755 1712 proterve
772 1673 930 1702 stolidum

232 1731 299 1752 non
317 1731 388 1752 esse
411 1722 572 1759 Sestium,
599 1722 658 1752 sed
685 1722 875 1760 Cuballum,
898 1723 930 1753 id

232 1778 285 1803 est
300 1773 553 1813 quadrupedem
567 1777 600 1803 et
614 1772 752 1802 bestiam
764 1773 932 1804 insulsam.

233 1822 367 1853 Heruld.

278 1873 380 1903 Epic.
398 1880 502 1902 xmn.
519 1875 533 1902 1
552 1871 931 1912 Coizjzzgisauclisset,e'3·c.]

234 1920 386 1951 Histonia
421 1927 501 1952 nota
528 1931 569 1951 ex
607 1921 780 1951 Plutarchi
811 1922 930 1952 Bruto.

233 1971 350 2002 Valer.
374 1972 467 2002 Max.
496 1971 516 2002 l.
533 1973 564 2002 3.
591 1981 619 2002 c.
637 1974 667 2002 2.
695 1977 729 2002 et
754 1973 775 2002 1.
793 1974 823 2002 4.
847 1981 876 2002 c.
901 1976 930 2004 6.

234 2023 346 2052 Dione
358 2025 411 2053 47.
441 2022 599 2062 Appiano
616 2023 705 2053 civil.
725 2023 802 2054 bell.
817 2027 848 2054 4.
865 2027 928 2055 ἃς.

277 2075 295 2102 3
321 2073 392 2103 Non
411 2082 497 2112 posse
511 2072 635 2112 negari]
661 2072 739 2103 Non
756 2083 852 2113 posse
872 2075 929 2105 im-

234 2123 365 2162 pediri:
392 2124 492 2164 idque
517 2124 637 2164 probat
653 2125 808 2164 exemplo
827 2127 928 2166 patris

234 2183 296 2203 sui.

274 2226 293 2252 4
318 2222 477 2262 Satishoc,
491 2223 559 2263 ξω]
582 2222 651 2254 Alii
675 2223 771 2256 ‘satis
793 2226 856 2257 hoc
873 2228 927 2257 dn-

231 2274 339 2303 cuisse
354 2279 485 2312 patrem
499 2272 519 2303 :'
536 2274 567 2303 id
583 2280 844 2313 est,11101·te110n
860 2278 929 2307 vul—

232 2324 314 2361 gari.
337 2323 374 2353 τὸ
387 2324 505 2364 τραῦμα
519 2323 569 2353 καὶ
584 2324 641 2361 τὴν
655 2326 792 2365 γαστέρα
803 2327 930 2367 εὐρύνων

232 2376 320 2411 ὒνυξι,
356 2373 406 2403 καὶ
442 2372 601 2404 δακτύλοις
638 2376 771 2415 ἐρευνῶν,
807 2377 857 2407 καὶ
891 2378 930 2408 τὰ

232 2423 404 2462 σπλάγχνα
424 2424 611 2463 διαῤῥίπτων.
640 2426 786 2466 Appiam.
814 2428 870 2458 lib.
896 2432 926 2459 2.

231 2473 295 2503 civ.
337 2474 402 2504 bel.
442 2474 582 2513 Putrem]
621 2475 795 2513 Catonem,
834 2479 926 2517 cujus

230 2523 382 2553 morituri
397 2523 453 2552 illa
470 2533 555 2553 vox:
582 2530 589 2540 ⁶
605 2524 655 2554 Au
679 2527 787 2556 nescis
806 2530 926 2566 paulis·

231 2580 291 2610 per
322 2572 440 2612 spiritu
470 2582 638 2612 represso,
665 2585 722 2606 aut
748 2579 860 2614 capite
884 2580 923 2609 ad

233 2622 397 2659 parictem
429 2622 513 2652 illiso
543 2625 649 2653 emori
681 2625 782 2657 licere
796 2627 817 2655 .³'
851 2628 925 2658 vide

233 2680 328 2710 supi-u
345 2672 451 2712 epigr.
469 2674 497 2702 O.
518 2682 601 2703 vers.
625 2677 649 2704 i.

697 174 838 204 NOTAE
874 175 931 203 VA
945 173 1024 203 1³10
1034 174 1137 204 RUM
1173 175 1222 204 IN

1023 268 1040 294 5
1068 265 1159 294 Bibit
1186 274 1249 301 ore,
1267 263 1336 303 lya]
1363 263 1514 295 Haustus
1529 273 1610 295 sane
1626 274 1680 295 ca-

980 314 1079 351 lidus,
1096 314 1154 343 sed
1172 314 1286 353 gloria-
1304 314 1422 354 pleuus
1439 319 1475 344 et
1491 314 1565 353 plus
1582 323 1681 354 quam

980 362 1170 394 foemineus.

1023 417 1042 444 6
1067 414 1189 452 Ιηιιησ,
1215 417 1244 444 et
1262 413 1400 453 serrum]
1418 413 1619 444 Insultautis
1647 418 1683 445 et

982 464 1155 494 irridentis
1176 465 1305 495 l'orciae
1326 463 1474 494 victricis
1488 473 1565 494 vox.

1026 516 1129 546 limo.
1146 524 1241 546 XLiv.
1258 518 1274 545 l
1299 515 1360 545 Bis
1376 514 1435 545 tibi
1457 513 1584 553 triceni]
1599 513 1681 544 Sex-

984 565 1083 604 ageni
1107 566 1259 595 convivae
1278 575 1295 595 a
1311 564 1472 595 Mancino
1490 565 1617 602 vocati,
1636 564 1683 594 in-

985 620 1036 645 ter
1059 625 1139 655 quos
1156 614 1338 652 Martialis,
1355 624 1473 655 aprum
1491 614 1681 654 appositum

982 670 1178 703 spectantes
1195 674 1259 695 non
1277 669 1470 704 gustavere.
1515 662 1682 694 Ludifica-

985 719 1038 744 tus
1055 715 1156 754 poeta
1180 719 1216 745 et
1239 715 1344 745 iratus
1369 715 1574 755 imprecatur
1587 715 1683 745 Man-

983 764 1059 794 cino
1076 774 1206 804 aprum,
1231 774 1296 795 non
1314 774 1411 805 quem
1428 764 1500 805 ipse
1517 764 1684 804 absumat,

982 813 1040 843 sed
1055 824 1074 843 a
1093 824 1157 854 quo
1174 815 1245 854 ipse
1263 814 1470 846 absumatur.
1500 815 1651 846 Raderus.

1026 867 1044 893 2
1069 864 1168 902 Here,
1196 865 1265 905 ζα]
1290 864 1440 906 Antique
1471 874 1532 905 pro
1564 865 1683 896 ‘berh'

984 914 1118 954 Aprum]
1142 917 1150 930 ⁴
1162 914 1293 954 Aprum
1310 915 1351 946 ad
1375 915 1530 946 convivia
1546 916 1685 946 natum?

985 966 1093 996 Quem
1130 966 1299 1006 integi-um
1335 966 1459 997 mensis
1492 965 1684 998 inferebant

985 1015 1135 1046 Romani.
1154 1016 1244 1047 Plin.
1262 1017 1284 1047 l.
1299 1019 1330 1048 8.
1344 1027 1373 1048 c.
1389 1020 1440 1047 51.

1026 1069 1043 1096 3
1071 1067 1141 1096 Non
1157 1077 1236 1106 quoe,
1250 1066 1316 1107 Cra]
1336 1067 1410 1098 Non
1428 1066 1523 1097 nobis
1537 1076 1683 1107 appone-

985 1115 1108 1147 bantur
1124 1129 1198 1148 uvae
1215 1119 1399 1156 duracinae,
1423 1128 1502 1156 non,
1524 1120 1588 1148 obe.
1607 1118 1683 1148 vide

986 1168 1005 1198 l.
1024 1171 1072 1199 13.
1089 1170 1196 1208 epigr.
1211 1172 1263 1200 22.
1281 1169 1453 1209 Melimelu]
1470 1169 1576 1199 Poma
1593 1178 1684 1209 quae-

985 1217 1061 1249 dam
1078 1225 1208 1250 mustea
1224 1219 1439 1258 dicebantur,
1464 1220 1551 1260 quod
1569 1219 1686 1250 celeri-

987 1274 1038 1297 ter
1076 1269 1293 1300 mitescerent
1309 1281 1317 1308 ;
1342 1269 1458 1300 eadem
1497 1269 1684 1300 novissimis

985 1320 1193 1358 temporibus
1210 1320 1302 1351 dicta
1325 1326 1403 1350 sunt
1428 1321 1436 1337 ‘
1451 1319 1643 1360 melimela,’
1666 1330 1684 1350 a

983 1367 1091 1398 mellis
1103 1378 1235 1408 sapore.
1261 1371 1417 1401 Calclerin.

1026 1422 1043 1448 5
1061 1419 1131 1449 Non
1145 1429 1235 1460 pyra,
1249 1420 1315 1460 Sym]
1334 1421 1411 1451 Non
1425 1430 1510 1462 pyra
1521 1421 1685 1460 serotina,

984 1479 1058 1508 qua}
1076 1469 1117 1499 ad
1135 1471 1368 1502 maturitatem
1390 1472 1543 1512 pendent
1564 1471 1606 1502 ab
1633 1481 1684 1502 ar-

985 1518 1066 1549 bore
1091 1521 1142 1550 vel
1166 1522 1198 1551 in
1214 1522 1313 1560 cella,
1336 1522 1470 1553 vinculo
1495 1522 1642 1562 religata
1665 1532 1684 1553 e

984 1570 1117 1608 genista
1133 1572 1237 1603 lenta.
1254 1573 1400 1613 Genista]
1416 1574 1609 1613 Virgultum
1622 1578 1686 1613 est,

985 1620 1073 1650 unde
1090 1623 1237 1660 pendent
1254 1624 1409 1663 suspensi
1426 1623 1579 1654 fructus:
1601 1622 1686 1654 frac-

983 1674 1017 1698 tu
1039 1677 1233 1711 contumax,
1255 1673 1338 1703 etin
1364 1674 1541 1714 alligandis
1560 1673 1685 1706 vitibus

984 1719 1108 1750 vinculi
1125 1731 1217 1752 usum
1230 1729 1385 1762 praestat.

1027 1773 1046 1800 6
1072 1772 1202 1802 Imitata
1228 1773 1340 1813 brevem,
1364 1775 1433 1815 Cym]
1458 1775 1541 1807 Quae
1568 1778 1686 1810 βαλαν-

985 1822 1082 1860 στίου,
1109 1822 1142 1852 id
1160 1829 1222 1862 est,
1248 1823 1338 1855 floris
1367 1826 1478 1855 colore
1509 1826 1685 1858 imitantur

986 1882 1088 1911 rosas,
1116 1872 1214 1904 flores
1232 1875 1342 1906 brevis
1370 1877 1457 1906 aevi:
1484 1877 1570 1915 aliis,
1593 1879 1683 1918 quod

984 1923 1054 1961 ipsu
1083 1923 1183 1954 arbor
1212 1924 1320 1955 brevis
1349 1926 1412 1956 aevi
1443 1927 1499 1966 sit,
1532 1933 1681 1960 testante

984 1972 1107 2011 Plinio,
1123 1973 1144 2003 1.
1165 1977 1213 2005 16.
1232 1984 1260 2005 c.
1273 1977 1328 2006 44.
1374 1976 1528 2007 Raderus
1539 1978 1681 2009 arbitra-

984 2028 1038 2052 tui·
1049 2023 1171 2053 malum
1183 2031 1356 2065 grauatum
1368 2036 1453 2067 esse,
1463 2032 1571 2059 etnon
1583 2030 1681 2060 aliam

983 2073 1025 2103 ob
1043 2083 1174 2104 causam
1191 2074 1318 2106 dictum
1335 2076 1461 2108 imitari
1484 2077 1604 2109 breves
1629 2090 1680 2111 ro-

981 2132 1045 2162 sas,
1057 2133 1154 2164 quam
1170 2125 1258 2165 quod
1280 2127 1387 2157 malus
1406 2129 1525 2168 punica
1541 2129 1586 2161 sit
1606 2131 1678 2161 bre-

982 2174 1028 2203 vis
1055 2175 1117 2204 aevi
1141 2176 1173 2205 in
1200 2186 1324 2216 genere
1351 2178 1521 2219 arborum,
1548 2186 1584 2212 ut
1605 2192 1680 2213 rosa

979 2223 1110 2257 tiorum.

1023 2277 1040 2305 7
1059 2275 1201 2314 Rustica,
1216 2276 1283 2316 ἐγὼ]
1302 2277 1376 2309 Nec
1399 2279 1532 2310 calatho
1550 2281 1680 2313 rustico

980 2325 1082 2356 allato
1100 2328 1335 2367 apponebatur
1350 2330 1446 2361 nobis
1462 2338 1552 2364 meta
1569 2334 1680 2375 lactis,

980 2376 1012 2405 id
1047 2383 1109 2413 est,
1140 2378 1192 2408 lac
1223 2381 1435 2420 coagulatum
1467 2382 1500 2412 in
1535 2382 1678 2416 formam

981 2432 1080 2457 metae
1099 2428 1280 2464 (sii-censis,
1294 2430 1326 2459 id
1349 2436 1414 2469 est,
1431 2431 1554 2463 inversi
1572 2436 1678 2465 turbi-

980 2478 1029 2508 nis
1059 2488 1121 2509 ceu
1157 2480 1339 2520 pyran-idis
1368 2489 1532 2514 coactum,
1577 2484 1676 2526 Angl.

979 2531 1053 2559 card
1081 2540 1116 2559 or
1132 2531 1223 2568 fresh
1250 2533 1360 2564 clzeese.
1390 2534 1571 2575 Laetantes]
1597 2537 1675 2568 Nou

978 2580 1133 2618 lacn-uns,
1147 2586 1182 2611 ut
1199 2582 1255 2611 alii
1271 2583 1399 2622 legunt.
1425 2584 1569 2615 Lacteus
1584 2587 1671 2618 enim

979 2637 1040 2667 est,
1055 2631 1111 2670 qui
1125 2632 1214 2671 sugit
1227 2632 1299 2669 lac;
1316 2634 1445 2664 lactans
1458 2636 1512 2675 qui
1524 2638 1676 2668 continet

980 2682 1012 2710 in
1034 2692 1068 2712 se
1094 2683 1240 2712 lacteum
1257 2683 1445 2716 humorem:
1464 2691 1590 2718 matres
1607 2687 1673 2718 lac-
