1866 3131
346 188 395 215 M.
431 188 540 217 VAL.
572 185 845 217 MAR'rlAIAS
878 186 1038 217 EPIGR.
1072 188 1164 218 LIB.
1196 187 1309 218 xm.

119 281 175 312 lib.
191 285 222 313 4.
241 292 324 314 vers,
340 286 370 314 S.
402 282 467 313 Alii
491 283 589 321 talos,
605 282 658 312 alii
677 281 807 311 alveum

119 331 322 371 intelligunt.

162 385 180 411 7
209 382 286 412 mec
308 383 382 412 mihi
403 383 510 413 clmrtu
532 382 635 421 nuces]
669 381 735 411 l'ro
752 390 810 410 uu-

120 431 213 461 cibus
231 442 405 471 puerorum
424 432 693 472 scribarnjocosa
715 436 749 461 et
765 432 810 461 le-

120 482 170 512 via
201 483 463 522 Epigrammata,
494 493 569 523 quau
604 482 682 512 milri
712 485 812 512 eruut

121 544 234 565 nuces.
258 533 419 573 fritillas]
449 535 511 564 Est
534 534 704 563 vasculum
728 532 810 563 bux-

120 593 194 614 eum
212 584 345 624 longum
360 590 395 615 et
407 590 509 623 teres,
522 595 618 625 equo
633 585 812 614 mittuntur

121 642 256 665 tesserae
274 636 324 666 vel
342 637 398 667 tali
416 636 447 666 in
471 636 631 667 tabularu.
666 634 761 665 Idem
776 638 812 664 et

122 695 245 725 pyrgus
269 696 325 716 seu
356 686 531 716 turricula.
564 686 734 726 Epigram.
759 687 809 715 14.

121 736 177 767 lib.
193 739 223 766 4.
238 746 323 767 vers.
339 740 371 767 8.

163 790 181 816 S
205 788 281 816 Alea
310 786 386 826 ista]
420 786 532 817 Ludus
549 787 601 818 liic
626 796 718 818 meus
741 786 811 826 epi-

118 838 385 876 grammatarius.

164 886 268 918 Erus.
291 897 330 918 ιι.
365 889 582 928 Epigramma
609 888 670 918 hoc
699 892 751 918 est
778 887 811 917 in

121 936 251 967 Zoilum
279 942 313 968 et
341 938 493 977 sciolum,
519 948 584 978 quo
609 943 722 968 monet
746 937 812 967 lec-

121 993 227 1017 torem
259 988 481 1027 Theoninum,
520 989 568 1018 uti
606 997 647 1018 ne
683 993 812 1026 carpat,

122 1037 209 1077 quod
227 1047 245 1067 a
260 1048 294 1068 se
316 1039 387 1078 jam
405 1044 558 1078 carptum
581 1044 616 1069 et
639 1037 812 1078 abjectum

120 1095 421 1130 contemptumque
437 1089 479 1120 sit
496 1089 586 1120 satis.

165 1144 179 1170 l
208 1141 358 1179 Nasutus,
388 1140 457 1179 ira]
495 1140 547 1169 Sis
582 1139 662 1170 licet
696 1139 812 1178 iugens

121 1194 260 1223 irrisor:
294 1190 490 1230 μυκτηρίζων.
524 1189 611 1220 vide
641 1189 755 1229 Epigr.
780 1192 811 1220 4.

122 1242 179 1273 lib.
199 1245 227 1272 1.
246 1251 332 1271 vers.
351 1244 381 1270 6.

162 1295 181 1322 2
208 1293 365 1327 Quantum
398 1291 529 1320 noluerit
551 1289 639 1327 serre
670 1289 812 1329 rogatus]

120 1343 223 1373 Totus
236 1351 277 1371 ex
295 1341 447 1371 irrisione
462 1339 668 1380 compositus
684 1345 717 1370 et
735 1349 813 1370 con-

121 1391 230 1423 ssatus.
253 1395 261 1408 ⁶
280 1392 370 1422 Deos
386 1390 520 1431 rogabis
538 1395 646 1420 totum
663 1394 700 1420 ut
719 1395 751 1419 te
764 1388 812 1419 fa—

121 1440 530 1479 ciant,Fabulle‚nasum,'
541 1440 629 1471 dixit
640 1440 811 1470 Catullus:

123 1493 181 1523 sed
200 1502 296 1523 sensu
321 1492 395 1522 alio.
433 1491 539 1531 Atlas]
570 1490 814 1531 Hyperbolice.

124 1543 190 1575 Qui
202 1542 297 1573 Atlas
312 1543 429 1572 coelum
441 1546 551 1571 tamen
562 1541 708 1571 humeris
717 1540 816 1570 susti-

122 1593 234 1624 nuisse
251 1592 385 1622 dicitur.
410 1592 660 1632 Epigrammate
679 1593 708 1621 4.
731 1590 815 1621 libro

123 1647 153 1674 9.
172 1653 267 1674 versu
285 1646 315 1674 5.

167 1696 184 1724 3
210 1693 314 1733 Ipsum
326 1692 487 1731 Latinum]
511 1691 722 1731 Emphatice.
751 1691 816 1720 Mi-

124 1754 224 1783 nium,
240 1744 296 1784 qui
313 1748 348 1773 et
363 1743 444 1773 alios
459 1742 648 1772 inritatione
669 1740 816 1771 deridet.

127 1794 382 1834 Epigrammate
396 1796 428 1823 5.
443 1791 501 1822 lib.
518 1794 547 1822 1.
565 1801 651 1822 vers.
669 1795 699 1821 5.

167 1848 185 1874 5
211 1844 279 1882 Ipse
301 1853 356 1882 ego
380 1853 469 1883 quam
489 1841 573 1881 dixi]
610 1843 695 1873 Nam
718 1850 816 1881 supe-

124 1895 204 1925 riori
218 1894 374 1925 Carmine
387 1893 631 1933 ap1›ellavieaS,
643 1897 736 1932 togas
747 1901 817 1922 cor-

126 1945 292 1985 dylarum,
308 1943 487 1975 ludibrium
503 1944 698 1979 blattarum,
714 1952 816 1972 nuces

126 2004 319 2035 puerorum,
342 1999 377 2024 et
392 1993 537 2033 fritillos,
549 1996 613 2024 &c.
647 1992 730 2027 Quid
745 1993 816 2022 ‹Ien-

128 2050 198 2083 tem,
213 2044 282 2084 spx]
315 2044 404 2076 Quid
431 2044 542 2074 limam
561 2043 662 2082 rodis,
678 2042 816 2082 vipera?

128 2095 207 2136 quid
225 2094 373 2126 carmina
388 2103 461 2124 mea
478 2092 748 2134 reprehensoria,
766 2100 816 2121 re-

128 2145 333 2186 prehensor?

167 2198 187 2225 6
214 2197 313 2225 Carne
334 2203 407 2233 opus
432 2196 489 2230 est,
510 2192 576 2233 ἔξω]
608 2192 693 2224 Quae
716 2190 820 2222 cedat

128 2245 223 2276 denti
247 2251 323 2275 tuo:
348 2254 421 2275 mea
445 2248 622 2283 reaget‚ut
637 2244 820 2283 loquuntur

129 2295 285 2335 Plrysici:
314 2301 392 2334 pete
418 2294 521 2324 dente
552 2293 670 2333 poetas
698 2301 820 2331 magna

130 2344 295 2385 professos
309 2355 317 2382 3
342 2344 406 2374 illis
422 2344 474 2373 vel
490 2342 608 2382 frange
626 2342 821 2383 genuinum,

129 2396 162 2425 in
178 2395 250 2424 illos
267 2394 357 2423 virus
380 2393 512 2423 invidiae
537 2397 603 2423 tuae
627 2398 661 2423 et
683 2391 820 2422 maledi·

131 2445 251 2477 centiae
266 2454 394 2476 evome.
428 2445 516 2474 Meae
534 2444 605 2474 istae
630 2452 727 2483 nugae
751 2453 820 2473 ser·

131 2500 216 2536 punt
232 2495 321 2525 humi
339 2499 422 2525 tutae
440 2494 534 2532 satis,
557 2498 604 2532 et,
621 2493 648 2523 si
665 2502 749 2533 opus
766 2493 821 2533 sit,

132 2546 182 2576 sui
213 2544 376 2576 vindices.
411 2544 581 2584 Epigram.
610 2546 662 2574 61.
697 2543 756 2574 lib.
789 2547 820 2575 5.

130 2606 220 2628 vers.
244 2598 295 2627 10.

174 2650 193 2678 7
220 2647 282 2681 Qui
293 2656 323 2676 se
333 2645 502 2685 mirantur]
522 2646 588 2677 Qui
599 2645 660 2676 sibi
673 2645 822 2686 placent.

133 2698 172 2728 In
186 2699 256 2729 illos
277 2698 369 2729 Virus
381 2697 469 2737 habe]
492 2697 596 2736 Digni
614 2701 692 2727 sunt
706 2696 762 2736 qui
778 2696 822 2726 ri-

132 2747 273 2779 deantur
287 2753 323 2780 et
348 2752 544 2789 carpantur,
559 2747 615 2788 qui
629 2747 760 2787 majora
776 2746 822 2777 vi-

1438 176 1548 217 1427

859 279 950 310 ribus
967 280 1168 319 promittunt
1185 287 1241 312 aut
1263 280 1463 320 suscipiunt.

899 334 918 360 8
949 330 1055 369 Virus]
1096 331 1284 370 Mor-dacia,
1319 331 1423 361 verba
1464 331 1550 362 viru-

858 381 961 411 lenta.
981 382 1054 411 Esse
1065 382 1155 422 nihil]
1177 384 1258 413 Esse
1273 392 1377 421 nugas
1389 382 1548 412 fatemur.

900 434 920 462 9
945 431 1215 471 Necturnerz‚t‘5·c.]
1238 433 1312 463 Nec
1329 437 1439 462 tamen
1452 432 1549 471 plane

861 482 939 512 nilril
956 488 1032 513 sunt
1046 492 1120 513 mea
1132 483 1226 514 lraec:
1248 484 1459 524 excipientur
1473 492 1551 514 can-

861 532 946 562 didis
973 538 1008 562 et
1035 531 1177 572 festivis,
1211 533 1237 563 si
1264 534 1370 564 minus
1393 535 1551 573 placeant

859 583 988 621 sobriis,
1000 584 1137 623 severis,
1153 588 1187 614 et
1205 584 1393 623 impransis.
1536 613 1552 620 a

904 634 1008 664 Erro.
1023 642 1077 664 111.
1100 633 1253 664 Pretium
1271 639 1306 664 et
1322 637 1551 673 argumentum

861 686 967 716 libelli
995 685 1176 725 siguificat.
1222 686 1375 716 Pretium
1411 690 1462 716 est
1497 694 1553 725 ge-

860 737 967 767 minus
980 746 1132 766 nummus
1146 745 1203 766 seu
1215 736 1430 767 victoriatus:
1457 745 1554 775 argu·

860 792 1023 827 mentum,
1065 787 1177 818 Xenia
1215 786 1367 817 distichis
1401 796 1553 827 compre-

860 837 974 867 hensa.

904 890 919 917 1
946 887 1130 927 Xeniorum,
1151 887 1219 927 ξιτ]
1247 887 1333 918 Vide
1357 887 1555 929 Inscriptio-

861 948 936 969 nem
952 938 1024 968 libri
1041 938 1148 978 liujus,
1164 947 1277 978 snpra.

903 992 922 1020 4
947 989 1122 1029 Bibliopola
1151 986 1312 1029 Tryphon]
1351 989 1467 1030 Epigr.
1498 991 1552 1020 72.

861 1038 920 1069 lib.
936 1041 966 1069 4.
983 1048 1068 1070 verS.
1083 1041 1114 1070 2.

903 1092 923 1119 6
948 1089 1064 1128 Rarus,
1079 1088 1147 1128 iffa]
1169 1089 1353 1120 Poetarum
1367 1098 1471 1130 prope
1487 1098 1555 1120 om-

861 1138 952 1169 nium
967 1138 1070 1169 fatale
1086 1139 1220 1170 malum.

904 1192 923 1220 7
950 1189 1081 1229 Titulos,
1105 1188 1173 1229 awa]
1202 1190 1390 1229 Lemmata,
1413 1190 1554 1229 inscrip-

862 1240 984 1272 tiones.

905 1294 924 1321 8
948 1290 1022 1321 Non
1037 1289 1121 1328 facit
1146 1292 1186 1321 acl
1211 1290 1413 1330 stomachum]
1445 1291 1555 1321 Meta-

862 1340 1018 1381 plrorice:
1050 1350 1124 1371 cum
1156 1341 1278 1379 Xenia,
1306 1351 1380 1381 quae
1407 1340 1555 1372 carmine

863 1391 1117 1429 adumbrantur,
1148 1391 1216 1422 sint
1242 1392 1437 1432 plerumque
1464 1399 1558 1421 escu-

863 1443 956 1472 lenta
971 1447 1006 1472 et
1022 1442 1215 1482 poculenta.

906 1493 1012 1522 Eme.
1047 1501 1098 1522 ιν.
1134 1491 1279 1524 Quidam
1312 1491 1388 1521 hinc
1424 1490 1555 1521 initium

865 1542 1052 1573 Xeniorum
1077 1541 1219 1581 faciunt,
1243 1547 1276 1573 et
1298 1551 1349 1572 lv.
1370 1551 1432 1581 pro
1448 1540 1556 1581 primo

865 1598 1042 1623 numerant
1059 1593 1314 1632 epigrammate.
1338 1591 1446 1621 Poeta
1462 1600 1557 1621 usum

868 1643 972 1673 thuris
999 1642 1164 1680 ostendit,
1190 1647 1226 1672 et
1248 1646 1362 1672 monet
1387 1642 1481 1672 Deos
1506 1650 1557 1671 ro·

867 1692 992 1733 gandos
1008 1702 1069 1732 pro
1088 1691 1247 1722 diuturna
1264 1691 1407 1722 Caesaris
1423 1690 1505 1722 vita.

911 1745 927 1772 1
952 1742 1045 1772 Serus
1062 1744 1096 1771 ut
1118 1740 1273 1780 oethereoe]
1294 1740 1351 1771 Sic
1372 1741 1486 1781 Epigr.
1503 1742 1556 1772 39.

868 1792 924 1823 lib.
953 1795 986 1822 S.
1014 1801 1101 1822 vers.
1129 1795 1160 1821 5.
1199 1791 1402 1822 Germanicus
1429 1791 1556 1830 imperet

867 1842 962 1882 auloe]
996 1841 1234 1872 Domitianus:
1259 1841 1375 1881 Epigr.
1396 1843 1427 1871 2.
1448 1841 1508 1872 lib.
1526 1845 1558 1871 5.

868 1902 954 1923 vers.
971 1895 1002 1922 7.
1035 1891 1176 1922 Constat
1200 1891 1316 1931 itaque
1331 1891 1405 1922 haec
1421 1891 1560 1931 scripta,

867 1945 944 1975 vivo
961 1943 1093 1974 Domit.
1111 1948 1189 1973 ante
1207 1942 1263 1972 lib.
1280 1945 1331 1974 10.
1347 1948 1382 1973 et
1399 1945 1449 1973 ll.

910 1997 929 2025 2
957 1995 1009 2024 Da
1021 1993 1074 2034 pia
1086 1992 1194 2032 thura]
1216 1992 1380 2033 Pia,quia
1392 1991 1560 2023 destinata

868 2044 968 2075 rebus
992 2044 1076 2084 piis3
1107 2052 1228 2083 nempe
1256 2042 1410 2083 religioni
1434 2047 1469 2073 et
1497 2042 1559 2072 Su-

868 2094 970 2135 peris.

910 2146 1013 2175 EPIG.
1044 2151 1079 2173 v.
1117 2143 1214 2172 Cerea
1241 2152 1307 2182 quae
1330 2143 1438 2182 patulo
1465 2141 1560 2181 lucet]

870 2194 1030 2233 Pinguis:
1056 2197 1093 2222 ut
1115 2193 1231 2232 Epigr.
1255 2195 1308 2222 58.
1331 2192 1389 2223 lib.
1417 2195 1447 2223 3.
1472 2201 1560 2222 vers.

870 2248 921 2276 19.
944 2243 1090 2275 Ficedula
1105 2241 1218 2281 lumbo]
1241 2240 1348 2280 Infra,
1361 2241 1478 2281 Epigr.
1494 2243 1549 2271 49.

911 2299 931 2327 2
958 2296 1035 2326 Cum
1057 2292 1224 2333 tibiforte]
1245 2292 1382 2324 Scribo:
1411 2292 1489 2322 Cum
1502 2292 1561 2321 tibi

869 2346 967 2386 sorte]
1002 2345 1058 2376 Sic
1087 2343 1118 2374 in
1145 2343 1195 2374 his
1230 2343 1341 2373 libris:
1380 2344 1389 2360 ‘
1415 2343 1561 2373 Sortitus

871 2394 1023 2428 thecam.’
1060 2394 1170 2424 Item:
1194 2394 1203 2409 ‘
1218 2394 1304 2424 Haec
1318 2393 1365 2423 illi
1382 2393 1452 2423 sine
1469 2397 1559 2423 sorte

870 2445 996 2477 datur!
1044 2445 1089 2474 Et
1119 2453 1210 2484 saepe
1240 2443 1334 2474 alias.
1379 2443 1561 2473 Scriverius.

870 2497 945 2528 Nec
956 2495 1053 2525 aliter
1064 2493 1322 2524 Arondelliauus
1335 2493 1454 2524 codex.
1481 2493 1562 2523 Gro-

869 2546 989 2577 novius.
1013 2544 1051 2575 Si
1065 2544 1158 2584 sapiS,
1168 2545 1245 2574 adde
1255 2543 1356 2583 piper]
1380 2543 1427 2574 Ut
1440 2548 1474 2574 et
1490 2544 1560 2574 avis

871 2606 936 2626 una
950 2602 1060 2625 tecum
1072 2594 1194 2633 sapiat,
1207 2594 1329 2634 alioqui
1344 2593 1401 2624 illa
1416 2593 1560 2635 insipida

871 2645 998 2683 futura,
1015 2648 1051 2675 tu
1067 2643 1239 2684 insipiens.

915 2696 1019 2727 Erro.
1046 2703 1097 2725 vr.
1130 2697 1145 2725 l
1173 2694 1254 2734 Nos]
1277 2694 1460 2734 Pauperes.
1491 2695 1559 2726 Aei-

871 2745 952 2786 cam]
986 2745 1112 2777 Potum
1128 2754 1146 2776 e
1166 2754 1225 2777 zea
1247 2754 1305 2776 seu
1330 2745 1451 2786 spelta,
1468 2754 1561 2776 cere·
