<?xml version="1.0" encoding="UTF-8"?>
<!DOCTYPE html PUBLIC "-//W3C//DTD XHTML 1.0 Transitional//EN"
    "http://www.w3.org/TR/xhtml1/DTD/xhtml1-transitional.dtd">
<html xmlns="http://www.w3.org/1999/xhtml" xml:lang="en" lang="en">
 <head>
  <title>
</title>
<meta http-equiv="Content-Type" content="text/html;charset=utf-8" />
  <meta name='ocr-system' content='tesseract 3.04.00' />
  <meta name='ocr-capabilities' content='ocr_page ocr_carea ocr_par ocr_line ocrx_word'/>
</head>
<body>
  <div class='ocr_page' id='page_1' title='image "./epigrammataexedi03martuoft_0165.png"; bbox 0 0 1866 3131; ppageno 0'>
   <div class='ocr_carea' id='block_1_1' title="bbox 422 193 1325 226">
    <p class='ocr_par' dir='ltr' id='par_1_1' title="bbox 422 193 1325 226">
     <span class='ocr_line' id='line_1_1' title="bbox 422 193 1325 226; baseline -0.003 -2"><span class='ocrx_word' id='word_1_1' title='bbox 422 199 466 226; x_wconf 59' lang='lat' dir='ltr'>xl.</span> <span class='ocrx_word' id='word_1_2' title='bbox 503 198 612 226; x_wconf 63' lang='lat' dir='ltr'>vat„</span> <span class='ocrx_word' id='word_1_3' title='bbox 646 193 923 224; x_wconf 70' lang='lat' dir='ltr'>MARTIALIS</span> <span class='ocrx_word' id='word_1_4' title='bbox 962 194 1119 223; x_wconf 68' lang='lat' dir='ltr'>Epicu.</span> <span class='ocrx_word' id='word_1_5' title='bbox 1156 194 1246 223; x_wconf 74' lang='lat' dir='ltr'>Llss.</span> <span class='ocrx_word' id='word_1_6' title='bbox 1283 195 1325 222; x_wconf 72' lang='lat' dir='ltr'>Y.</span> 
     </span>
    </p>
   </div>
   <div class='ocr_carea' id='block_1_2' title="bbox 157 290 877 2854">
    <p class='ocr_par' dir='ltr' id='par_1_2' title="bbox 157 290 852 432">
     <span class='ocr_line' id='line_1_2' title="bbox 157 290 852 332; baseline -0.004 -10"><span class='ocrx_word' id='word_1_7' title='bbox 157 291 452 331; x_wconf 81' lang='lat' dir='ltr'>Amphitheatrum</span> <span class='ocrx_word' id='word_1_8' title='bbox 469 291 586 332; x_wconf 91' lang='lat' dir='ltr'>Lipsii,</span> <span class='ocrx_word' id='word_1_9' title='bbox 598 301 670 331; x_wconf 91' lang='lat' dir='ltr'>cap.</span> <span class='ocrx_word' id='word_1_10' title='bbox 691 292 742 320; x_wconf 74' lang='grc'>14.</span> <span class='ocrx_word' id='word_1_11' title='bbox 776 290 852 320; x_wconf 83' lang='lat' dir='ltr'>Cer-</span> 
     </span>
     <span class='ocr_line' id='line_1_3' title="bbox 158 341 852 381; baseline -0.004 -10"><span class='ocrx_word' id='word_1_12' title='bbox 158 342 252 381; x_wconf 77' lang='lat' dir='ltr'>tim-a]</span> <span class='ocrx_word' id='word_1_13' title='bbox 277 343 362 374; x_wconf 68' lang='lat' dir='ltr'>Quae</span> <span class='ocrx_word' id='word_1_14' title='bbox 391 352 409 371; x_wconf 86' lang='lat' dir='ltr'>a</span> <span class='ocrx_word' id='word_1_15' title='bbox 425 348 520 372; x_wconf 85' lang='lat' dir='ltr'>certo</span> <span class='ocrx_word' id='word_1_16' title='bbox 542 341 660 371; x_wconf 82' lang='lat' dir='ltr'>ordine</span> <span class='ocrx_word' id='word_1_17' title='bbox 684 348 852 378; x_wconf 80' lang='lat' dir='ltr'>occupen-</span> 
     </span>
     <span class='ocr_line' id='line_1_4' title="bbox 158 392 703 432; baseline -0.004 -10"><span class='ocrx_word' id='word_1_18' title='bbox 158 399 224 429; x_wconf 76' lang='lat' dir='ltr'>tur,</span> <span class='ocrx_word' id='word_1_19' title='bbox 240 402 304 422; x_wconf 91' lang='lat' dir='ltr'>uon</span> <span class='ocrx_word' id='word_1_20' title='bbox 322 392 521 432; x_wconf 80' lang='lat' dir='ltr'>promiscuo,</span> <span class='ocrx_word' id='word_1_21' title='bbox 539 396 575 422; x_wconf 92' lang='lat' dir='ltr'>ut</span> <span class='ocrx_word' id='word_1_22' title='bbox 592 395 703 421; x_wconf 83' lang='lat' dir='ltr'>antea.</span> 
     </span>
    </p>

    <p class='ocr_par' dir='ltr' id='par_1_3' title="bbox 160 438 854 524">
     <span class='ocr_line' id='line_1_5' title="bbox 200 438 854 481; baseline -0.005 -10"><span class='ocrx_word' id='word_1_23' title='bbox 200 445 218 471; x_wconf 83' lang='lat'><strong>3</strong></span> <span class='ocrx_word' id='word_1_24' title='bbox 249 443 350 473; x_wconf 64' lang='lat' dir='ltr'>Pur-os</span> <span class='ocrx_word' id='word_1_25' title='bbox 364 441 501 481; x_wconf 77' lang='lat' dir='ltr'>ordines]</span> <span class='ocrx_word' id='word_1_26' title='bbox 525 441 625 471; x_wconf 86' lang='lat' dir='ltr'>Plebi</span> <span class='ocrx_word' id='word_1_27' title='bbox 648 449 714 471; x_wconf 90' lang='lat' dir='ltr'>non</span> <span class='ocrx_word' id='word_1_28' title='bbox 732 438 854 469; x_wconf 88' lang='lat' dir='ltr'>admis-</span> 
     </span>
     <span class='ocr_line' id='line_1_6' title="bbox 160 500 223 524; baseline 0.016 -1"><span class='ocrx_word' id='word_1_29' title='bbox 160 500 223 524; x_wconf 70' lang='grc'>108.</span> 
     </span>
    </p>

    <p class='ocr_par' dir='ltr' id='par_1_4' title="bbox 160 539 854 672">
     <span class='ocr_line' id='line_1_7' title="bbox 200 539 854 579; baseline -0.005 -7"><span class='ocrx_word' id='word_1_30' title='bbox 200 546 218 572; x_wconf 81' lang='grc'>4</span> <span class='ocrx_word' id='word_1_31' title='bbox 246 542 360 573; x_wconf 75' lang='lat' dir='ltr'>Phasis</span> <span class='ocrx_word' id='word_1_32' title='bbox 385 543 416 571; x_wconf 78' lang='lat' dir='ltr'>iu</span> <span class='ocrx_word' id='word_1_33' title='bbox 441 540 576 579; x_wconf 74' lang='lat' dir='ltr'>theatro]</span> <span class='ocrx_word' id='word_1_34' title='bbox 601 539 765 570; x_wconf 85' lang='lat' dir='ltr'>Plebeius</span> <span class='ocrx_word' id='word_1_35' title='bbox 797 549 854 569; x_wconf 91' lang='lat' dir='ltr'>ne-</span> 
     </span>
     <span class='ocr_line' id='line_1_8' title="bbox 160 589 854 633; baseline -0.004 -11"><span class='ocrx_word' id='word_1_36' title='bbox 160 593 228 623; x_wconf 80' lang='lat' dir='ltr'>scio</span> <span class='ocrx_word' id='word_1_37' title='bbox 245 593 331 633; x_wconf 85' lang='lat' dir='ltr'>quis,</span> <span class='ocrx_word' id='word_1_38' title='bbox 348 592 405 632; x_wconf 85' lang='lat' dir='ltr'>qni</span> <span class='ocrx_word' id='word_1_39' title='bbox 430 601 472 621; x_wconf 83' lang='lat' dir='ltr'>ex</span> <span class='ocrx_word' id='word_1_40' title='bbox 501 590 628 621; x_wconf 84' lang='lat' dir='ltr'>vestitu</span> <span class='ocrx_word' id='word_1_41' title='bbox 654 600 688 621; x_wconf 88' lang='lat' dir='ltr'>se</span> <span class='ocrx_word' id='word_1_42' title='bbox 705 589 854 631; x_wconf 81' lang='lat' dir='ltr'>equitem</span> 
     </span>
     <span class='ocr_line' id='line_1_9' title="bbox 161 642 400 672; baseline 0.004 -1"><span class='ocrx_word' id='word_1_43' title='bbox 161 643 265 672; x_wconf 83' lang='lat' dir='ltr'>videri</span> <span class='ocrx_word' id='word_1_44' title='bbox 282 642 400 672; x_wconf 82' lang='lat' dir='ltr'>voluit.</span> 
     </span>
    </p>

    <p class='ocr_par' dir='ltr' id='par_1_5' title="bbox 161 690 856 835">
     <span class='ocr_line' id='line_1_10' title="bbox 202 690 856 732; baseline -0.006 -8"><span class='ocrx_word' id='word_1_45' title='bbox 202 697 220 724; x_wconf 89' lang='lat'><strong>7</strong></span> <span class='ocrx_word' id='word_1_46' title='bbox 248 694 392 731; x_wconf 80' lang='lat' dir='ltr'>Tandem,</span> <span class='ocrx_word' id='word_1_47' title='bbox 413 692 482 732; x_wconf 61' lang='lat' dir='ltr'>Asa]</span> <span class='ocrx_word' id='word_1_48' title='bbox 504 691 636 722; x_wconf 85' lang='lat' dir='ltr'>‘Verba</span> <span class='ocrx_word' id='word_1_49' title='bbox 652 692 725 722; x_wconf 87' lang='lat' dir='ltr'>haec</span> <span class='ocrx_word' id='word_1_50' title='bbox 738 690 856 723; x_wconf 89' lang='lat' dir='ltr'>Phasi—</span> 
     </span>
     <span class='ocr_line' id='line_1_11' title="bbox 162 742 856 783; baseline -0.003 -9"><span class='ocrx_word' id='word_1_51' title='bbox 162 745 225 783; x_wconf 82' lang='lat' dir='ltr'>dis,</span> <span class='ocrx_word' id='word_1_52' title='bbox 240 754 275 774; x_wconf 83' lang='lat' dir='ltr'>se</span> <span class='ocrx_word' id='word_1_53' title='bbox 291 754 331 773; x_wconf 69' lang='lat' dir='ltr'>ex</span> <span class='ocrx_word' id='word_1_54' title='bbox 351 743 494 774; x_wconf 76' lang='lat' dir='ltr'><strong>lacernis</strong></span> <span class='ocrx_word' id='word_1_55' title='bbox 513 742 691 783; x_wconf 80' lang='lat' dir='ltr'>purpureis</span> <span class='ocrx_word' id='word_1_56' title='bbox 708 742 856 783; x_wconf 85' lang='lat' dir='ltr'>equitem</span> 
     </span>
     <span class='ocr_line' id='line_1_12' title="bbox 161 794 355 835; baseline 0 -9"><span class='ocrx_word' id='word_1_57' title='bbox 161 794 355 835; x_wconf 64' lang='lat' dir='ltr'>gloriantis!</span> 
     </span>
    </p>

    <p class='ocr_par' dir='ltr' id='par_1_6' title="bbox 162 842 861 1129">
     <span class='ocr_line' id='line_1_13' title="bbox 206 842 858 885; baseline -0.002 -10"><span class='ocrx_word' id='word_1_58' title='bbox 206 848 242 875; x_wconf 92' lang='grc'>11</span> <span class='ocrx_word' id='word_1_59' title='bbox 275 845 352 875; x_wconf 77' lang='lat' dir='ltr'>Illas</span> <span class='ocrx_word' id='word_1_60' title='bbox 372 854 554 885; x_wconf 80' lang='lat' dir='ltr'>purpureas,</span> <span class='ocrx_word' id='word_1_61' title='bbox 574 843 642 884; x_wconf 51' lang='grc' dir='ltr'>ἕω]</span> <span class='ocrx_word' id='word_1_62' title='bbox 665 842 858 883; x_wconf 75' lang='lat' dir='ltr'>phasidem,</span> 
     </span>
     <span class='ocr_line' id='line_1_14' title="bbox 162 894 858 935; baseline -0.001 -9"><span class='ocrx_word' id='word_1_63' title='bbox 162 895 274 926; x_wconf 85' lang='lat' dir='ltr'>verbis</span> <span class='ocrx_word' id='word_1_64' title='bbox 290 900 326 926; x_wconf 90' lang='lat' dir='ltr'>et</span> <span class='ocrx_word' id='word_1_65' title='bbox 343 895 491 926; x_wconf 81' lang='lat' dir='ltr'>vestibus</span> <span class='ocrx_word' id='word_1_66' title='bbox 509 905 544 925; x_wconf 89' lang='lat' dir='ltr'>se</span> <span class='ocrx_word' id='word_1_67' title='bbox 561 904 623 934; x_wconf 90' lang='lat' dir='ltr'>pro</span> <span class='ocrx_word' id='word_1_68' title='bbox 648 895 762 935; x_wconf 83' lang='lat' dir='ltr'>equite</span> <span class='ocrx_word' id='word_1_69' title='bbox 787 894 858 934; x_wconf 85' lang='lat' dir='ltr'>jac-</span> 
     </span>
     <span class='ocr_line' id='line_1_15' title="bbox 162 944 861 985; baseline -0.001 -9"><span class='ocrx_word' id='word_1_70' title='bbox 162 952 304 984; x_wconf 85' lang='lat' dir='ltr'>tantem,</span> <span class='ocrx_word' id='word_1_71' title='bbox 334 945 492 985; x_wconf 78' lang='lat' dir='ltr'>gradibus</span> <span class='ocrx_word' id='word_1_72' title='bbox 518 945 729 985; x_wconf 78' lang='lat' dir='ltr'>equestribus</span> <span class='ocrx_word' id='word_1_73' title='bbox 755 944 861 984; x_wconf 89' lang='lat' dir='ltr'>ejecit</span> 
     </span>
     <span class='ocr_line' id='line_1_16' title="bbox 162 996 859 1037; baseline -0.001 -10"><span class='ocrx_word' id='word_1_74' title='bbox 162 997 348 1028; x_wconf 82' lang='lat' dir='ltr'>adveniens</span> <span class='ocrx_word' id='word_1_75' title='bbox 365 997 560 1036; x_wconf 79' lang='lat' dir='ltr'>designator</span> <span class='ocrx_word' id='word_1_76' title='bbox 584 997 733 1035; x_wconf 76' lang='lat' dir='ltr'><strong>Lectius,</strong></span> <span class='ocrx_word' id='word_1_77' title='bbox 749 997 805 1037; x_wconf 87' lang='lat' dir='ltr'>qui</span> <span class='ocrx_word' id='word_1_78' title='bbox 822 996 859 1026; x_wconf 94' lang='lat' dir='ltr'>il-</span> 
     </span>
     <span class='ocr_line' id='line_1_17' title="bbox 163 1047 859 1087; baseline 0 -11"><span class='ocrx_word' id='word_1_79' title='bbox 163 1048 230 1077; x_wconf 87' lang='lat' dir='ltr'>lum</span> <span class='ocrx_word' id='word_1_80' title='bbox 250 1048 354 1087; x_wconf 84' lang='lat' dir='ltr'><strong>probe</strong></span> <span class='ocrx_word' id='word_1_81' title='bbox 379 1052 529 1078; x_wconf 87' lang='lat' dir='ltr'>noverat.</span> <span class='ocrx_word' id='word_1_82' title='bbox 551 1048 611 1078; x_wconf 87' lang='lat' dir='ltr'>lib.</span> <span class='ocrx_word' id='word_1_83' title='bbox 627 1050 658 1077; x_wconf 83' lang='lat'>3.</span> <span class='ocrx_word' id='word_1_84' title='bbox 675 1047 790 1087; x_wconf 85' lang='lat' dir='ltr'>Epigr.</span> <span class='ocrx_word' id='word_1_85' title='bbox 806 1048 859 1077; x_wconf 71' lang='lat'>94.</span> 
     </span>
     <span class='ocr_line' id='line_1_18' title="bbox 162 1101 294 1129; baseline -0.008 -1"><span class='ocrx_word' id='word_1_86' title='bbox 162 1107 248 1129; x_wconf 85' lang='lat' dir='ltr'>vers.</span> <span class='ocrx_word' id='word_1_87' title='bbox 263 1101 294 1128; x_wconf 88' lang='grc'>7.</span> 
     </span>
    </p>

    <p class='ocr_par' dir='ltr' id='par_1_7' title="bbox 164 1147 863 1331">
     <span class='ocr_line' id='line_1_19' title="bbox 206 1147 862 1188; baseline -0.002 -9"><span class='ocrx_word' id='word_1_88' title='bbox 206 1151 246 1179; x_wconf 82' lang='lat'>12</span> <span class='ocrx_word' id='word_1_89' title='bbox 270 1147 442 1188; x_wconf 74' lang='lat' dir='ltr'>Lac-ernas]</span> <span class='ocrx_word' id='word_1_90' title='bbox 463 1149 471 1164; x_wconf 92' lang='lat'>‘</span> <span class='ocrx_word' id='word_1_91' title='bbox 487 1149 653 1178; x_wconf 86' lang='lat' dir='ltr'>Lacernas</span> <span class='ocrx_word' id='word_1_92' title='bbox 666 1147 675 1161; x_wconf 91' lang='lat'>’</span> <span class='ocrx_word' id='word_1_93' title='bbox 691 1157 772 1188; x_wconf 84' lang='lat' dir='ltr'>ergo</span> <span class='ocrx_word' id='word_1_94' title='bbox 788 1148 862 1178; x_wconf 87' lang='lat' dir='ltr'>Me-</span> 
     </span>
     <span class='ocr_line' id='line_1_20' title="bbox 164 1197 863 1238; baseline -0.006 -8"><span class='ocrx_word' id='word_1_95' title='bbox 164 1199 364 1238; x_wconf 77' lang='lat' dir='ltr'>tonymicos.</span> <span class='ocrx_word' id='word_1_96' title='bbox 409 1198 521 1229; x_wconf 73' lang='lat' dir='ltr'>,Iussit</span> <span class='ocrx_word' id='word_1_97' title='bbox 539 1197 693 1228; x_wconf 89' lang='lat' dir='ltr'>indutum</span> <span class='ocrx_word' id='word_1_98' title='bbox 720 1197 863 1227; x_wconf 83' lang='lat' dir='ltr'>lacernis</span> 
     </span>
     <span class='ocr_line' id='line_1_21' title="bbox 165 1247 863 1289; baseline -0.001 -11"><span class='ocrx_word' id='word_1_99' title='bbox 165 1249 343 1289; x_wconf 80' lang='lat' dir='ltr'>purpureis</span> <span class='ocrx_word' id='word_1_100' title='bbox 359 1250 430 1280; x_wconf 89' lang='lat' dir='ltr'>loco</span> <span class='ocrx_word' id='word_1_101' title='bbox 455 1248 590 1288; x_wconf 83' lang='lat' dir='ltr'>cedere,</span> <span class='ocrx_word' id='word_1_102' title='bbox 608 1253 644 1278; x_wconf 89' lang='lat' dir='ltr'>et</span> <span class='ocrx_word' id='word_1_103' title='bbox 659 1247 701 1278; x_wconf 87' lang='lat' dir='ltr'>ad</span> <span class='ocrx_word' id='word_1_104' title='bbox 727 1247 863 1288; x_wconf 84' lang='lat' dir='ltr'>plebem</span> 
     </span>
     <span class='ocr_line' id='line_1_22' title="bbox 167 1299 323 1331; baseline 0.006 -2"><span class='ocrx_word' id='word_1_105' title='bbox 167 1299 323 1331; x_wconf 82' lang='lat' dir='ltr'>transire.</span> 
     </span>
    </p>

    <p class='ocr_par' dir='ltr' id='par_1_8' title="bbox 165 1348 869 1786">
     <span class='ocr_line' id='line_1_23' title="bbox 209 1348 864 1390; baseline -0.002 -10"><span class='ocrx_word' id='word_1_106' title='bbox 209 1350 380 1380; x_wconf 73' lang='lat' dir='ltr'>EP1G.1x.</span> <span class='ocrx_word' id='word_1_107' title='bbox 401 1348 623 1390; x_wconf 83' lang='lat' dir='ltr'>Symmachus</span> <span class='ocrx_word' id='word_1_108' title='bbox 649 1352 752 1379; x_wconf 88' lang='lat' dir='ltr'>aetate</span> <span class='ocrx_word' id='word_1_109' title='bbox 773 1348 864 1379; x_wconf 88' lang='lat' dir='ltr'>Mar-</span> 
     </span>
     <span class='ocr_line' id='line_1_24' title="bbox 167 1398 865 1439; baseline 0 -9"><span class='ocrx_word' id='word_1_110' title='bbox 167 1400 256 1431; x_wconf 81' lang='lat' dir='ltr'>tialis</span> <span class='ocrx_word' id='word_1_111' title='bbox 278 1400 441 1439; x_wconf 85' lang='lat' dir='ltr'>medicus,</span> <span class='ocrx_word' id='word_1_112' title='bbox 467 1400 565 1439; x_wconf 83' lang='lat' dir='ltr'>cnjus</span> <span class='ocrx_word' id='word_1_113' title='bbox 591 1399 721 1430; x_wconf 86' lang='lat' dir='ltr'>mentio</span> <span class='ocrx_word' id='word_1_114' title='bbox 738 1403 790 1429; x_wconf 82' lang='lat' dir='ltr'>est</span> <span class='ocrx_word' id='word_1_115' title='bbox 807 1398 865 1430; x_wconf 92' lang='lat' dir='ltr'>lib.</span> 
     </span>
     <span class='ocr_line' id='line_1_25' title="bbox 165 1450 865 1491; baseline -0.006 -8"><span class='ocrx_word' id='word_1_116' title='bbox 165 1454 195 1482; x_wconf 81' lang='lat'>6.</span> <span class='ocrx_word' id='word_1_117' title='bbox 212 1457 247 1482; x_wconf 90' lang='lat' dir='ltr'>et</span> <span class='ocrx_word' id='word_1_118' title='bbox 258 1455 289 1482; x_wconf 89' lang='lat'>7.</span> <span class='ocrx_word' id='word_1_119' title='bbox 308 1461 406 1491; x_wconf 83' lang='lat' dir='ltr'>quum</span> <span class='ocrx_word' id='word_1_120' title='bbox 423 1452 477 1481; x_wconf 88' lang='lat' dir='ltr'>ille</span> <span class='ocrx_word' id='word_1_121' title='bbox 492 1450 701 1488; x_wconf 83' lang='lat' dir='ltr'>Martialem,</span> <span class='ocrx_word' id='word_1_122' title='bbox 724 1459 865 1489; x_wconf 64' lang='lat' dir='ltr'>aegrum,</span> 
     </span>
     <span class='ocr_line' id='line_1_26' title="bbox 166 1498 868 1540; baseline -0.004 -8"><span class='ocrx_word' id='word_1_123' title='bbox 166 1503 292 1533; x_wconf 86' lang='lat' dir='ltr'>viseret</span> <span class='ocrx_word' id='word_1_124' title='bbox 310 1512 383 1531; x_wconf 86' lang='lat' dir='ltr'>cum</span> <span class='ocrx_word' id='word_1_125' title='bbox 408 1502 475 1532; x_wconf 88' lang='lat' dir='ltr'>suis</span> <span class='ocrx_word' id='word_1_126' title='bbox 500 1500 721 1537; x_wconf 82' lang='lat' dir='ltr'>auditoribus,</span> <span class='ocrx_word' id='word_1_127' title='bbox 738 1498 868 1540; x_wconf 83' lang='lat' dir='ltr'>quieti-</span> 
     </span>
     <span class='ocr_line' id='line_1_27' title="bbox 166 1552 869 1592; baseline -0.007 -9"><span class='ocrx_word' id='word_1_128' title='bbox 166 1563 218 1583; x_wconf 84' lang='lat' dir='ltr'>am</span> <span class='ocrx_word' id='word_1_129' title='bbox 245 1552 363 1583; x_wconf 68' lang='lat' dir='ltr'>Poetae</span> <span class='ocrx_word' id='word_1_130' title='bbox 380 1552 536 1582; x_wconf 79' lang='lat' dir='ltr'>arteriam</span> <span class='ocrx_word' id='word_1_131' title='bbox 561 1560 663 1592; x_wconf 90' lang='lat' dir='ltr'>quum</span> <span class='ocrx_word' id='word_1_132' title='bbox 688 1559 788 1580; x_wconf 90' lang='lat' dir='ltr'>manu</span> <span class='ocrx_word' id='word_1_133' title='bbox 813 1559 869 1579; x_wconf 82' lang='lat' dir='ltr'>ex·</span> 
     </span>
     <span class='ocr_line' id='line_1_28' title="bbox 168 1600 868 1644; baseline -0.007 -10"><span class='ocrx_word' id='word_1_134' title='bbox 168 1604 353 1644; x_wconf 77' lang='lat' dir='ltr'>plorarent,</span> <span class='ocrx_word' id='word_1_135' title='bbox 375 1613 416 1633; x_wconf 82' lang='lat' dir='ltr'>ex</span> <span class='ocrx_word' id='word_1_136' title='bbox 440 1606 571 1633; x_wconf 80' lang='lat' dir='ltr'>attactu</span> <span class='ocrx_word' id='word_1_137' title='bbox 590 1606 640 1632; x_wconf 91' lang='lat' dir='ltr'>tot</span> <span class='ocrx_word' id='word_1_138' title='bbox 657 1600 868 1639; x_wconf 80' lang='lat' dir='ltr'>frigidarum,</span> 
     </span>
     <span class='ocr_line' id='line_1_29' title="bbox 168 1651 868 1689; baseline -0.006 -5"><span class='ocrx_word' id='word_1_139' title='bbox 168 1653 337 1684; x_wconf 77' lang='lat' dir='ltr'>horridam</span> <span class='ocrx_word' id='word_1_140' title='bbox 376 1653 424 1683; x_wconf 93' lang='lat' dir='ltr'>illi</span> <span class='ocrx_word' id='word_1_141' title='bbox 463 1651 593 1682; x_wconf 85' lang='lat' dir='ltr'>febrem</span> <span class='ocrx_word' id='word_1_142' title='bbox 632 1651 868 1689; x_wconf 79' lang='lat' dir='ltr'>conciliarunt,</span> 
     </span>
     <span class='ocr_line' id='line_1_30' title="bbox 168 1704 868 1744; baseline -0.006 -10"><span class='ocrx_word' id='word_1_143' title='bbox 168 1704 387 1744; x_wconf 88' lang='lat' dir='ltr'>morbumque</span> <span class='ocrx_word' id='word_1_144' title='bbox 405 1712 470 1733; x_wconf 88' lang='lat' dir='ltr'>non</span> <span class='ocrx_word' id='word_1_145' title='bbox 487 1707 555 1733; x_wconf 80' lang='lat' dir='ltr'>tam</span> <span class='ocrx_word' id='word_1_146' title='bbox 572 1705 747 1739; x_wconf 86' lang='lat' dir='ltr'>curarunt,</span> <span class='ocrx_word' id='word_1_147' title='bbox 770 1709 868 1741; x_wconf 88' lang='lat' dir='ltr'>quam</span> 
     </span>
     <span class='ocr_line' id='line_1_31' title="bbox 169 1754 449 1786; baseline -0.004 0"><span class='ocrx_word' id='word_1_148' title='bbox 169 1759 342 1786; x_wconf 81' lang='lat' dir='ltr'>crearunt.</span> <span class='ocrx_word' id='word_1_149' title='bbox 369 1754 449 1785; x_wconf 69' lang='lat' dir='ltr'>lead.</span> 
     </span>
    </p>

    <p class='ocr_par' dir='ltr' id='par_1_9' title="bbox 172 1802 868 1938">
     <span class='ocr_line' id='line_1_32' title="bbox 214 1802 868 1842; baseline -0.006 -7"><span class='ocrx_word' id='word_1_150' title='bbox 214 1808 229 1835; x_wconf 95' lang='lat' dir='ltr'>l</span> <span class='ocrx_word' id='word_1_151' title='bbox 255 1804 464 1842; x_wconf 75' lang='lat' dir='ltr'>Lungzwbam,</span> <span class='ocrx_word' id='word_1_152' title='bbox 487 1803 556 1842; x_wconf 51' lang='grc' dir='ltr'>ξω]</span> <span class='ocrx_word' id='word_1_153' title='bbox 601 1803 677 1833; x_wconf 91' lang='lat' dir='ltr'>Non</span> <span class='ocrx_word' id='word_1_154' title='bbox 703 1802 802 1842; x_wconf 87' lang='lat' dir='ltr'>plane</span> <span class='ocrx_word' id='word_1_155' title='bbox 827 1812 868 1832; x_wconf 76' lang='grc'>113-</span> 
     </span>
     <span class='ocr_line' id='line_1_33' title="bbox 172 1853 868 1895; baseline -0.007 -9"><span class='ocrx_word' id='word_1_156' title='bbox 172 1856 359 1895; x_wconf 77' lang='lat' dir='ltr'>grotabam,</span> <span class='ocrx_word' id='word_1_157' title='bbox 373 1854 573 1885; x_wconf 85' lang='lat' dir='ltr'>inclinabam</span> <span class='ocrx_word' id='word_1_158' title='bbox 587 1858 719 1884; x_wconf 83' lang='lat' dir='ltr'>tantum</span> <span class='ocrx_word' id='word_1_159' title='bbox 736 1853 769 1882; x_wconf 91' lang='lat' dir='ltr'>in</span> <span class='ocrx_word' id='word_1_160' title='bbox 782 1861 868 1882; x_wconf 90' lang='lat' dir='ltr'>mor-</span> 
     </span>
     <span class='ocr_line' id='line_1_34' title="bbox 173 1907 264 1938; baseline -0.011 0"><span class='ocrx_word' id='word_1_161' title='bbox 173 1907 264 1938; x_wconf 86' lang='lat' dir='ltr'>bum.</span> 
     </span>
    </p>

    <p class='ocr_par' dir='ltr' id='par_1_10' title="bbox 171 1953 874 2250">
     <span class='ocr_line' id='line_1_35' title="bbox 214 1953 869 1994; baseline -0.009 -5"><span class='ocrx_word' id='word_1_162' title='bbox 214 1961 233 1989; x_wconf 86' lang='lat'><strong>2</strong></span> <span class='ocrx_word' id='word_1_163' title='bbox 261 1956 381 1988; x_wconf 80' lang='lat' dir='ltr'>Venisti</span> <span class='ocrx_word' id='word_1_164' title='bbox 410 1958 540 1994; x_wconf 82' lang='lat' dir='ltr'>centum,</span> <span class='ocrx_word' id='word_1_165' title='bbox 568 1953 638 1994; x_wconf 60' lang='lat' dir='ltr'>Era]</span> <span class='ocrx_word' id='word_1_166' title='bbox 675 1953 822 1992; x_wconf 87' lang='lat' dir='ltr'>Venisti,</span> <span class='ocrx_word' id='word_1_167' title='bbox 849 1963 869 1983; x_wconf 94' lang='grc' dir='ltr'>ο</span> 
     </span>
     <span class='ocr_line' id='line_1_36' title="bbox 171 2003 871 2048; baseline -0.01 -8"><span class='ocrx_word' id='word_1_168' title='bbox 171 2008 316 2048; x_wconf 87' lang='lat' dir='ltr'>medice,</span> <span class='ocrx_word' id='word_1_169' title='bbox 341 2007 520 2038; x_wconf 86' lang='lat' dir='ltr'>comitatus</span> <span class='ocrx_word' id='word_1_170' title='bbox 542 2004 654 2035; x_wconf 83' lang='lat' dir='ltr'>multis</span> <span class='ocrx_word' id='word_1_171' title='bbox 682 2004 748 2035; x_wconf 84' lang='lat' dir='ltr'>tuis</span> <span class='ocrx_word' id='word_1_172' title='bbox 773 2003 871 2034; x_wconf 86' lang='lat' dir='ltr'>disci-</span> 
     </span>
     <span class='ocr_line' id='line_1_37' title="bbox 173 2054 872 2099; baseline -0.01 -10"><span class='ocrx_word' id='word_1_173' title='bbox 173 2059 272 2099; x_wconf 85' lang='lat' dir='ltr'>pulis,</span> <span class='ocrx_word' id='word_1_174' title='bbox 288 2058 368 2099; x_wconf 87' lang='lat' dir='ltr'>(pro</span> <span class='ocrx_word' id='word_1_175' title='bbox 384 2066 476 2087; x_wconf 87' lang='lat' dir='ltr'>more</span> <span class='ocrx_word' id='word_1_176' title='bbox 491 2054 619 2086; x_wconf 78' lang='lat' dir='ltr'>visendi</span> <span class='ocrx_word' id='word_1_177' title='bbox 635 2054 723 2084; x_wconf 83' lang='lat' dir='ltr'>illius</span> <span class='ocrx_word' id='word_1_178' title='bbox 741 2058 872 2094; x_wconf 85' lang='lat' dir='ltr'>tempo-</span> 
     </span>
     <span class='ocr_line' id='line_1_38' title="bbox 173 2104 872 2149; baseline -0.006 -10"><span class='ocrx_word' id='word_1_179' title='bbox 173 2108 249 2149; x_wconf 81' lang='lat' dir='ltr'>ris‚)</span> <span class='ocrx_word' id='word_1_180' title='bbox 272 2108 328 2149; x_wconf 85' lang='lat' dir='ltr'>qui</span> <span class='ocrx_word' id='word_1_181' title='bbox 345 2107 466 2147; x_wconf 84' lang='lat' dir='ltr'>singuli</span> <span class='ocrx_word' id='word_1_182' title='bbox 482 2106 581 2145; x_wconf 84' lang='lat' dir='ltr'>longo</span> <span class='ocrx_word' id='word_1_183' title='bbox 610 2104 728 2136; x_wconf 86' lang='lat' dir='ltr'>ordine</span> <span class='ocrx_word' id='word_1_184' title='bbox 752 2114 872 2135; x_wconf 90' lang='lat' dir='ltr'>venam</span> 
     </span>
     <span class='ocr_line' id='line_1_39' title="bbox 174 2156 874 2198; baseline -0.009 -7"><span class='ocrx_word' id='word_1_185' title='bbox 174 2170 282 2191; x_wconf 84' lang='lat' dir='ltr'>meam</span> <span class='ocrx_word' id='word_1_186' title='bbox 299 2159 494 2198; x_wconf 70' lang='lat' dir='ltr'>tangebant,</span> <span class='ocrx_word' id='word_1_187' title='bbox 512 2158 564 2188; x_wconf 85' lang='lat' dir='ltr'>vel</span> <span class='ocrx_word' id='word_1_188' title='bbox 582 2156 695 2197; x_wconf 86' lang='lat' dir='ltr'>potius</span> <span class='ocrx_word' id='word_1_189' title='bbox 714 2156 874 2186; x_wconf 79' lang='lat' dir='ltr'>arteriam</span> 
     </span>
     <span class='ocr_line' id='line_1_40' title="bbox 175 2207 678 2250; baseline -0.006 -9"><span class='ocrx_word' id='word_1_190' title='bbox 175 2210 412 2250; x_wconf 85' lang='lat' dir='ltr'>explorabant.</span> <span class='ocrx_word' id='word_1_191' title='bbox 440 2208 509 2240; x_wconf 82' lang='lat' dir='ltr'>Felt</span> <span class='ocrx_word' id='word_1_192' title='bbox 524 2207 678 2247; x_wconf 78' lang='lat' dir='ltr'>mypulse.</span> 
     </span>
    </p>

    <p class='ocr_par' dir='ltr' id='par_1_11' title="bbox 176 2257 873 2351">
     <span class='ocr_line' id='line_1_41' title="bbox 219 2257 873 2299; baseline -0.005 -8"><span class='ocrx_word' id='word_1_193' title='bbox 219 2264 237 2291; x_wconf 80' lang='lat'><strong>3</strong></span> <span class='ocrx_word' id='word_1_194' title='bbox 270 2260 420 2299; x_wconf 82' lang='lat' dir='ltr'>Aquilone</span> <span class='ocrx_word' id='word_1_195' title='bbox 445 2257 575 2297; x_wconf 78' lang='lat' dir='ltr'>gelatae]</span> <span class='ocrx_word' id='word_1_196' title='bbox 622 2257 873 2298; x_wconf 83' lang='lat' dir='ltr'>Frigidissimae,</span> 
     </span>
     <span class='ocr_line' id='line_1_42' title="bbox 176 2308 613 2351; baseline -0.009 -10"><span class='ocrx_word' id='word_1_197' title='bbox 176 2316 334 2351; x_wconf 81' lang='lat' dir='ltr'>tanquam</span> <span class='ocrx_word' id='word_1_198' title='bbox 353 2310 462 2339; x_wconf 82' lang='lat' dir='ltr'>Borea</span> <span class='ocrx_word' id='word_1_199' title='bbox 480 2308 613 2347; x_wconf 79' lang='lat' dir='ltr'>gelatae.</span> 
     </span>
    </p>

    <p class='ocr_par' dir='ltr' id='par_1_12' title="bbox 178 2358 877 2647">
     <span class='ocr_line' id='line_1_43' title="bbox 221 2358 875 2398; baseline -0.003 -7"><span class='ocrx_word' id='word_1_200' title='bbox 221 2366 239 2393; x_wconf 80' lang='grc'>-1</span> <span class='ocrx_word' id='word_1_201' title='bbox 266 2362 336 2392; x_wconf 68' lang='lat' dir='ltr'>Non</span> <span class='ocrx_word' id='word_1_202' title='bbox 349 2360 441 2390; x_wconf 76' lang='lat' dir='ltr'>habui</span> <span class='ocrx_word' id='word_1_203' title='bbox 455 2358 669 2398; x_wconf 78' lang='lat' dir='ltr'>sebrem‚8sc.]</span> <span class='ocrx_word' id='word_1_204' title='bbox 692 2359 737 2390; x_wconf 87' lang='lat' dir='ltr'>Et</span> <span class='ocrx_word' id='word_1_205' title='bbox 753 2359 875 2390; x_wconf 84' lang='lat' dir='ltr'>latenti</span> 
     </span>
     <span class='ocr_line' id='line_1_44' title="bbox 183 2407 876 2451; baseline -0.007 -7"><span class='ocrx_word' id='word_1_206' title='bbox 183 2414 215 2445; x_wconf 92' lang='lat' dir='ltr'>in</span> <span class='ocrx_word' id='word_1_207' title='bbox 232 2423 284 2443; x_wconf 87' lang='lat' dir='ltr'>me</span> <span class='ocrx_word' id='word_1_208' title='bbox 309 2410 415 2441; x_wconf 82' lang='lat' dir='ltr'>febris</span> <span class='ocrx_word' id='word_1_209' title='bbox 431 2419 540 2441; x_wconf 84' lang='lat' dir='ltr'>causae</span> <span class='ocrx_word' id='word_1_210' title='bbox 562 2407 770 2451; x_wconf 72' lang='grc' dir='ltr'>προηγουμένῃ</span> <span class='ocrx_word' id='word_1_211' title='bbox 784 2408 876 2448; x_wconf 83' lang='lat' dir='ltr'>frigi-</span> 
     </span>
     <span class='ocr_line' id='line_1_45' title="bbox 178 2459 876 2500; baseline -0.007 -6"><span class='ocrx_word' id='word_1_212' title='bbox 178 2466 240 2495; x_wconf 80' lang='lat' dir='ltr'>dus</span> <span class='ocrx_word' id='word_1_213' title='bbox 256 2468 366 2493; x_wconf 83' lang='lat' dir='ltr'>vester</span> <span class='ocrx_word' id='word_1_214' title='bbox 379 2465 555 2492; x_wconf 86' lang='lat' dir='ltr'>contactus</span> <span class='ocrx_word' id='word_1_215' title='bbox 569 2459 695 2500; x_wconf 87' lang='lat' dir='ltr'>adjecit</span> <span class='ocrx_word' id='word_1_216' title='bbox 711 2460 876 2490; x_wconf 85' lang='lat' dir='ltr'>extrinse-</span> 
     </span>
     <span class='ocr_line' id='line_1_46' title="bbox 182 2510 877 2553; baseline -0.007 -8"><span class='ocrx_word' id='word_1_217' title='bbox 182 2525 240 2546; x_wconf 85' lang='lat' dir='ltr'>cus</span> <span class='ocrx_word' id='word_1_218' title='bbox 256 2510 530 2553; x_wconf 82' lang='grc' dir='ltr'>προκαταρκτικὴν,</span> <span class='ocrx_word' id='word_1_219' title='bbox 552 2510 599 2540; x_wconf 82' lang='lat' dir='ltr'>ita</span> <span class='ocrx_word' id='word_1_220' title='bbox 616 2510 715 2550; x_wconf 84' lang='lat' dir='ltr'>plane</span> <span class='ocrx_word' id='word_1_221' title='bbox 731 2510 877 2541; x_wconf 84' lang='lat' dir='ltr'>accessit</span> 
     </span>
     <span class='ocr_line' id='line_1_47' title="bbox 181 2560 877 2603; baseline -0.006 -8"><span class='ocrx_word' id='word_1_222' title='bbox 181 2564 296 2603; x_wconf 76' lang='lat' dir='ltr'>febris,</span> <span class='ocrx_word' id='word_1_223' title='bbox 321 2563 356 2593; x_wconf 90' lang='lat' dir='ltr'>in</span> <span class='ocrx_word' id='word_1_224' title='bbox 372 2570 469 2602; x_wconf 86' lang='lat' dir='ltr'>quam</span> <span class='ocrx_word' id='word_1_225' title='bbox 487 2560 580 2600; x_wconf 86' lang='lat' dir='ltr'>prius</span> <span class='ocrx_word' id='word_1_226' title='bbox 597 2560 701 2590; x_wconf 89' lang='lat' dir='ltr'>solum</span> <span class='ocrx_word' id='word_1_227' title='bbox 719 2560 877 2601; x_wconf 88' lang='lat' dir='ltr'>dispone-</span> 
     </span>
     <span class='ocr_line' id='line_1_48' title="bbox 180 2616 253 2647; baseline -0.041 0"><span class='ocrx_word' id='word_1_228' title='bbox 180 2616 253 2647; x_wconf 88' lang='lat' dir='ltr'>bar.</span> 
     </span>
    </p>

    <p class='ocr_par' dir='ltr' id='par_1_13' title="bbox 181 2658 877 2806">
     <span class='ocr_line' id='line_1_49' title="bbox 223 2658 876 2699; baseline -0.008 -4"><span class='ocrx_word' id='word_1_229' title='bbox 223 2665 325 2695; x_wconf 69' lang='lat' dir='ltr'>Eric.</span> <span class='ocrx_word' id='word_1_230' title='bbox 343 2671 377 2692; x_wconf 82' lang='lat' dir='ltr'>x.</span> <span class='ocrx_word' id='word_1_231' title='bbox 403 2659 591 2690; x_wconf 64' lang='lat' dir='ltr'>Praesentia</span> <span class='ocrx_word' id='word_1_232' title='bbox 607 2658 764 2699; x_wconf 83' lang='lat' dir='ltr'>fastidiri,</span> <span class='ocrx_word' id='word_1_233' title='bbox 789 2660 876 2691; x_wconf 83' lang='lat' dir='ltr'>desi-</span> 
     </span>
     <span class='ocr_line' id='line_1_50' title="bbox 181 2709 877 2750; baseline -0.007 -3"><span class='ocrx_word' id='word_1_234' title='bbox 181 2715 289 2747; x_wconf 83' lang='lat' dir='ltr'>derari</span> <span class='ocrx_word' id='word_1_235' title='bbox 309 2715 451 2749; x_wconf 90' lang='lat' dir='ltr'>remota,</span> <span class='ocrx_word' id='word_1_236' title='bbox 467 2715 502 2741; x_wconf 90' lang='lat' dir='ltr'>et</span> <span class='ocrx_word' id='word_1_237' title='bbox 518 2709 650 2740; x_wconf 60' lang='lat' dir='ltr'>caeteris</span> <span class='ocrx_word' id='word_1_238' title='bbox 666 2710 698 2740; x_wconf 91' lang='lat' dir='ltr'>in</span> <span class='ocrx_word' id='word_1_239' title='bbox 714 2710 827 2750; x_wconf 79' lang='lat' dir='ltr'>rebus,</span> <span class='ocrx_word' id='word_1_240' title='bbox 842 2715 877 2742; x_wconf 87' lang='lat' dir='ltr'>et</span> 
     </span>
     <span class='ocr_line' id='line_1_51' title="bbox 183 2763 469 2806; baseline -0.021 -8"><span class='ocrx_word' id='word_1_241' title='bbox 183 2768 216 2798; x_wconf 90' lang='lat' dir='ltr'>in</span> <span class='ocrx_word' id='word_1_242' title='bbox 234 2764 340 2806; x_wconf 63' lang='lat' dir='ltr'>poesi,</span> <span class='ocrx_word' id='word_1_243' title='bbox 358 2763 469 2792; x_wconf 86' lang='lat' dir='ltr'>docet.</span> 
     </span>
    </p>

    <p class='ocr_par' dir='ltr' id='par_1_14' title="bbox 227 2812 876 2854">
     <span class='ocr_line' id='line_1_52' title="bbox 227 2812 876 2854; baseline -0.008 -6"><span class='ocrx_word' id='word_1_244' title='bbox 227 2822 245 2848; x_wconf 85' lang='lat'>5</span> <span class='ocrx_word' id='word_1_245' title='bbox 272 2816 326 2847; x_wconf 81' lang='lat' dir='ltr'>Sic</span> <span class='ocrx_word' id='word_1_246' title='bbox 340 2817 483 2853; x_wconf 77' lang='lat' dir='ltr'>veterem,</span> <span class='ocrx_word' id='word_1_247' title='bbox 506 2812 575 2854; x_wconf 53' lang='lat' dir='ltr'>(Su-n]</span> <span class='ocrx_word' id='word_1_248' title='bbox 609 2812 666 2844; x_wconf 89' lang='lat' dir='ltr'>Sic</span> <span class='ocrx_word' id='word_1_249' title='bbox 687 2812 781 2844; x_wconf 87' lang='lat' dir='ltr'>novis</span> <span class='ocrx_word' id='word_1_250' title='bbox 808 2813 876 2848; x_wconf 87' lang='lat' dir='ltr'>Do-</span> 
     </span>
    </p>
   </div>
   <div class='ocr_carea' id='block_1_3' title="bbox 1490 182 1599 223">
    <p class='ocr_par' dir='ltr' id='par_1_15' title="bbox 1490 182 1599 223">
     <span class='ocr_line' id='line_1_53' title="bbox 1490 182 1599 223; baseline 0 0"><span class='ocrx_word' id='word_1_251' title='bbox 1490 182 1599 223; x_wconf 72' lang='lat'>1225</span> 
     </span>
    </p>
   </div>
   <div class='ocr_carea' id='block_1_4' title="bbox 904 286 1624 2859">
    <p class='ocr_par' dir='ltr' id='par_1_16' title="bbox 904 286 1602 582">
     <span class='ocr_line' id='line_1_54' title="bbox 904 286 1600 328; baseline -0.003 -10"><span class='ocrx_word' id='word_1_252' title='bbox 904 288 976 318; x_wconf 86' lang='lat' dir='ltr'>mit.</span> <span class='ocrx_word' id='word_1_253' title='bbox 991 287 1190 319; x_wconf 77' lang='lat' dir='ltr'>ambulacris</span> <span class='ocrx_word' id='word_1_254' title='bbox 1203 292 1237 319; x_wconf 89' lang='lat' dir='ltr'>et</span> <span class='ocrx_word' id='word_1_255' title='bbox 1248 286 1432 328; x_wconf 87' lang='lat' dir='ltr'>porticibus</span> <span class='ocrx_word' id='word_1_256' title='bbox 1446 286 1600 327; x_wconf 70' lang='lat' dir='ltr'>pulcher-</span> 
     </span>
     <span class='ocr_line' id='line_1_55' title="bbox 904 337 1600 378; baseline -0.003 -9"><span class='ocrx_word' id='word_1_257' title='bbox 904 339 994 369; x_wconf 83' lang='lat' dir='ltr'>rimis</span> <span class='ocrx_word' id='word_1_258' title='bbox 1012 338 1222 377; x_wconf 69' lang='lat' dir='ltr'>praeferimus</span> <span class='ocrx_word' id='word_1_259' title='bbox 1240 339 1405 378; x_wconf 88' lang='lat' dir='ltr'>porticum</span> <span class='ocrx_word' id='word_1_260' title='bbox 1418 338 1542 377; x_wconf 86' lang='lat' dir='ltr'>Pomp.</span> <span class='ocrx_word' id='word_1_261' title='bbox 1559 337 1600 368; x_wconf 82' lang='lat' dir='ltr'>de</span> 
     </span>
     <span class='ocr_line' id='line_1_56' title="bbox 906 388 1598 429; baseline -0.001 -10"><span class='ocrx_word' id='word_1_262' title='bbox 906 399 982 429; x_wconf 81' lang='lat' dir='ltr'>qua,</span> <span class='ocrx_word' id='word_1_263' title='bbox 1008 389 1125 428; x_wconf 77' lang='lat' dir='ltr'>Epigr.</span> <span class='ocrx_word' id='word_1_264' title='bbox 1140 392 1171 419; x_wconf 89' lang='grc'>9.</span> <span class='ocrx_word' id='word_1_265' title='bbox 1197 389 1256 419; x_wconf 87' lang='lat' dir='ltr'>lib.</span> <span class='ocrx_word' id='word_1_266' title='bbox 1272 392 1303 420; x_wconf 82' lang='lat'>2.</span> <span class='ocrx_word' id='word_1_267' title='bbox 1321 398 1406 419; x_wconf 88' lang='lat' dir='ltr'>vers.</span> <span class='ocrx_word' id='word_1_268' title='bbox 1424 391 1475 419; x_wconf 95' lang='lat' dir='ltr'>ll.</span> <span class='ocrx_word' id='word_1_269' title='bbox 1525 388 1598 418; x_wconf 89' lang='lat' dir='ltr'>Um-</span> 
     </span>
     <span class='ocr_line' id='line_1_57' title="bbox 905 439 1601 480; baseline 0 -11"><span class='ocrx_word' id='word_1_270' title='bbox 905 439 1004 478; x_wconf 82' lang='lat' dir='ltr'>bram]</span> <span class='ocrx_word' id='word_1_271' title='bbox 1029 439 1083 469; x_wconf 85' lang='lat' dir='ltr'>Sic</span> <span class='ocrx_word' id='word_1_272' title='bbox 1105 439 1163 469; x_wconf 85' lang='lat' dir='ltr'>lib.</span> <span class='ocrx_word' id='word_1_273' title='bbox 1190 442 1240 469; x_wconf 90' lang='grc'>11.</span> <span class='ocrx_word' id='word_1_274' title='bbox 1257 439 1372 480; x_wconf 78' lang='lat' dir='ltr'>Epigr.</span> <span class='ocrx_word' id='word_1_275' title='bbox 1396 441 1448 469; x_wconf 72' lang='lat'>84.</span> <span class='ocrx_word' id='word_1_276' title='bbox 1486 439 1601 469; x_wconf 78' lang='lat' dir='ltr'>Porti-</span> 
     </span>
     <span class='ocr_line' id='line_1_58' title="bbox 906 489 1602 530; baseline -0.001 -9"><span class='ocrx_word' id='word_1_277' title='bbox 906 499 980 521; x_wconf 87' lang='lat' dir='ltr'>cum</span> <span class='ocrx_word' id='word_1_278' title='bbox 998 490 1153 530; x_wconf 83' lang='lat' dir='ltr'>Pompeii</span> <span class='ocrx_word' id='word_1_279' title='bbox 1180 494 1279 520; x_wconf 84' lang='lat' dir='ltr'>vocat</span> <span class='ocrx_word' id='word_1_280' title='bbox 1302 489 1478 520; x_wconf 85' lang='lat' dir='ltr'>‘umbram</span> <span class='ocrx_word' id='word_1_281' title='bbox 1503 489 1602 520; x_wconf 86' lang='lat' dir='ltr'>Pom-</span> 
     </span>
     <span class='ocr_line' id='line_1_59' title="bbox 906 540 1040 582; baseline -0.007 -11"><span class='ocrx_word' id='word_1_282' title='bbox 906 540 1040 582; x_wconf 62' lang='lat' dir='ltr'>peiam!</span> 
     </span>
    </p>

    <p class='ocr_par' dir='ltr' id='par_1_17' title="bbox 907 590 1619 1988">
     <span class='ocr_line' id='line_1_60' title="bbox 949 590 1604 631; baseline -0.003 -7"><span class='ocrx_word' id='word_1_283' title='bbox 949 596 970 624; x_wconf 89' lang='grc'><strong>6</strong></span> <span class='ocrx_word' id='word_1_284' title='bbox 994 594 1038 623; x_wconf 79' lang='lat' dir='ltr'>Et</span> <span class='ocrx_word' id='word_1_285' title='bbox 1063 593 1191 623; x_wconf 75' lang='lat' dir='ltr'>laudant</span> <span class='ocrx_word' id='word_1_286' title='bbox 1208 592 1324 630; x_wconf 75' lang='lat' dir='ltr'>Catuli,</span> <span class='ocrx_word' id='word_1_287' title='bbox 1340 590 1409 631; x_wconf 54' lang='grc' dir='ltr'>ὅπη]</span> <span class='ocrx_word' id='word_1_288' title='bbox 1435 592 1476 622; x_wconf 90' lang='lat' dir='ltr'>Et</span> <span class='ocrx_word' id='word_1_289' title='bbox 1493 601 1604 631; x_wconf 82' lang='lat' dir='ltr'>senes,</span> 
     </span>
     <span class='ocr_line' id='line_1_61' title="bbox 907 642 1603 683; baseline -0.006 -8"><span class='ocrx_word' id='word_1_290' title='bbox 907 643 1102 675; x_wconf 80' lang='lat' dir='ltr'>laudatores</span> <span class='ocrx_word' id='word_1_291' title='bbox 1130 643 1293 683; x_wconf 88' lang='lat' dir='ltr'>temporis</span> <span class='ocrx_word' id='word_1_292' title='bbox 1322 642 1391 672; x_wconf 86' lang='lat' dir='ltr'>acti</span> <span class='ocrx_word' id='word_1_293' title='bbox 1418 651 1603 682; x_wconf 62' lang='lat' dir='ltr'>praecones-</span> 
     </span>
     <span class='ocr_line' id='line_1_62' title="bbox 908 691 1605 734; baseline -0.004 -10"><span class='ocrx_word' id='word_1_294' title='bbox 908 704 973 734; x_wconf 84' lang='lat' dir='ltr'>que</span> <span class='ocrx_word' id='word_1_295' title='bbox 989 693 1184 733; x_wconf 88' lang='lat' dir='ltr'>vetustatis,</span> <span class='ocrx_word' id='word_1_296' title='bbox 1201 692 1370 732; x_wconf 81' lang='lat' dir='ltr'>Capitolio</span> <span class='ocrx_word' id='word_1_297' title='bbox 1386 691 1605 730; x_wconf 71' lang='lat' dir='ltr'>magnificen-</span> 
     </span>
     <span class='ocr_line' id='line_1_63' title="bbox 908 742 1605 783; baseline -0.006 -6"><span class='ocrx_word' id='word_1_298' title='bbox 908 747 1035 778; x_wconf 83' lang='lat' dir='ltr'>tissime</span> <span class='ocrx_word' id='word_1_299' title='bbox 1053 757 1071 777; x_wconf 87' lang='lat' dir='ltr'>a</span> <span class='ocrx_word' id='word_1_300' title='bbox 1098 745 1228 777; x_wconf 88' lang='lat' dir='ltr'>Domit.</span> <span class='ocrx_word' id='word_1_301' title='bbox 1255 745 1457 781; x_wconf 81' lang='lat' dir='ltr'>instaurato,</span> <span class='ocrx_word' id='word_1_302' title='bbox 1485 742 1605 783; x_wconf 77' lang='lat' dir='ltr'>praefe-</span> 
     </span>
     <span class='ocr_line' id='line_1_64' title="bbox 907 794 1605 835; baseline -0.003 -9"><span class='ocrx_word' id='word_1_303' title='bbox 907 802 986 827; x_wconf 90' lang='lat' dir='ltr'>runt</span> <span class='ocrx_word' id='word_1_304' title='bbox 1000 802 1111 827; x_wconf 87' lang='lat' dir='ltr'>tamen</span> <span class='ocrx_word' id='word_1_305' title='bbox 1123 796 1204 826; x_wconf 90' lang='lat' dir='ltr'>illud</span> <span class='ocrx_word' id='word_1_306' title='bbox 1221 794 1312 835; x_wconf 88' lang='lat' dir='ltr'>prius</span> <span class='ocrx_word' id='word_1_307' title='bbox 1327 804 1346 824; x_wconf 89' lang='lat' dir='ltr'>a</span> <span class='ocrx_word' id='word_1_308' title='bbox 1365 795 1461 825; x_wconf 85' lang='lat' dir='ltr'>Luct.</span> <span class='ocrx_word' id='word_1_309' title='bbox 1484 794 1605 824; x_wconf 87' lang='lat' dir='ltr'>Catulo</span> 
     </span>
     <span class='ocr_line' id='line_1_65' title="bbox 909 843 1606 887; baseline -0.006 -10"><span class='ocrx_word' id='word_1_310' title='bbox 909 845 1097 887; x_wconf 86' lang='lat' dir='ltr'>perfectum</span> <span class='ocrx_word' id='word_1_311' title='bbox 1114 845 1391 885; x_wconf 86' lang='lat' dir='ltr'>dedicatumque,</span> <span class='ocrx_word' id='word_1_312' title='bbox 1406 843 1494 885; x_wconf 91' lang='lat' dir='ltr'>quod</span> <span class='ocrx_word' id='word_1_313' title='bbox 1512 843 1606 874; x_wconf 90' lang='lat' dir='ltr'>bellis</span> 
     </span>
     <span class='ocr_line' id='line_1_66' title="bbox 909 894 1604 937; baseline -0.004 -10"><span class='ocrx_word' id='word_1_314' title='bbox 909 907 1018 937; x_wconf 83' lang='lat' dir='ltr'>nuper</span> <span class='ocrx_word' id='word_1_315' title='bbox 1034 896 1227 927; x_wconf 77' lang='lat' dir='ltr'>Vitellianis</span> <span class='ocrx_word' id='word_1_316' title='bbox 1252 894 1491 936; x_wconf 81' lang='lat' dir='ltr'>conflagrarat.</span> <span class='ocrx_word' id='word_1_317' title='bbox 1538 894 1604 925; x_wconf 87' lang='lat' dir='ltr'>Alii</span> 
     </span>
     <span class='ocr_line' id='line_1_67' title="bbox 910 945 1606 989; baseline -0.007 -10"><span class='ocrx_word' id='word_1_318' title='bbox 910 949 975 989; x_wconf 86' lang='lat' dir='ltr'>leg.</span> <span class='ocrx_word' id='word_1_319' title='bbox 1004 948 1091 978; x_wconf 75' lang='lat' dir='ltr'>Julia</span> <span class='ocrx_word' id='word_1_320' title='bbox 1116 948 1250 987; x_wconf 75' lang='lat' dir='ltr'>templu:</span> <span class='ocrx_word' id='word_1_321' title='bbox 1281 946 1338 977; x_wconf 90' lang='lat' dir='ltr'>sed</span> <span class='ocrx_word' id='word_1_322' title='bbox 1363 956 1428 976; x_wconf 91' lang='lat' dir='ltr'>non</span> <span class='ocrx_word' id='word_1_323' title='bbox 1453 945 1534 976; x_wconf 88' lang='lat' dir='ltr'>satis</span> <span class='ocrx_word' id='word_1_324' title='bbox 1559 945 1606 975; x_wconf 89' lang='lat' dir='ltr'>vi-</span> 
     </span>
     <span class='ocr_line' id='line_1_68' title="bbox 911 996 1603 1038; baseline -0.006 -9"><span class='ocrx_word' id='word_1_325' title='bbox 911 998 988 1037; x_wconf 87' lang='lat' dir='ltr'>deo,</span> <span class='ocrx_word' id='word_1_326' title='bbox 1018 997 1186 1038; x_wconf 86' lang='lat' dir='ltr'>quomodo</span> <span class='ocrx_word' id='word_1_327' title='bbox 1225 996 1428 1036; x_wconf 84' lang='lat' dir='ltr'>Capitolium</span> <span class='ocrx_word' id='word_1_328' title='bbox 1460 1000 1603 1026; x_wconf 86' lang='lat' dir='ltr'>vocetur</span> 
     </span>
     <span class='ocr_line' id='line_1_69' title="bbox 910 1045 1609 1088; baseline -0.006 -9"><span class='ocrx_word' id='word_1_329' title='bbox 910 1048 1071 1088; x_wconf 85' lang='lat' dir='ltr'>templum</span> <span class='ocrx_word' id='word_1_330' title='bbox 1086 1048 1237 1080; x_wconf 87' lang='lat' dir='ltr'>Julium:</span> <span class='ocrx_word' id='word_1_331' title='bbox 1262 1055 1338 1076; x_wconf 85' lang='lat' dir='ltr'>nam</span> <span class='ocrx_word' id='word_1_332' title='bbox 1352 1045 1442 1086; x_wconf 86' lang='lat' dir='ltr'>quod</span> <span class='ocrx_word' id='word_1_333' title='bbox 1451 1050 1503 1076; x_wconf 85' lang='lat' dir='ltr'>est</span> <span class='ocrx_word' id='word_1_334' title='bbox 1520 1045 1609 1085; x_wconf 88' lang='lat' dir='ltr'>apud</span> 
     </span>
     <span class='ocr_line' id='line_1_70' title="bbox 911 1096 1611 1135; baseline -0.004 -6"><span class='ocrx_word' id='word_1_335' title='bbox 911 1099 1055 1129; x_wconf 87' lang='lat' dir='ltr'>Dionem</span> <span class='ocrx_word' id='word_1_336' title='bbox 1072 1098 1128 1129; x_wconf 87' lang='lat' dir='ltr'>lib.</span> <span class='ocrx_word' id='word_1_337' title='bbox 1151 1100 1204 1128; x_wconf 75' lang='lat'>43.</span> <span class='ocrx_word' id='word_1_338' title='bbox 1227 1097 1236 1113; x_wconf 87' lang='lat'>‘</span> <span class='ocrx_word' id='word_1_339' title='bbox 1250 1096 1440 1135; x_wconf 85' lang='lat' dir='ltr'>decretum,</span> <span class='ocrx_word' id='word_1_340' title='bbox 1456 1101 1494 1126; x_wconf 91' lang='lat' dir='ltr'>nt</span> <span class='ocrx_word' id='word_1_341' title='bbox 1514 1105 1611 1127; x_wconf 85' lang='lat' dir='ltr'>eraso</span> 
     </span>
     <span class='ocr_line' id='line_1_71' title="bbox 911 1147 1608 1188; baseline -0.006 -7"><span class='ocrx_word' id='word_1_342' title='bbox 911 1150 1024 1181; x_wconf 82' lang='lat' dir='ltr'>Catuli</span> <span class='ocrx_word' id='word_1_343' title='bbox 1041 1149 1186 1188; x_wconf 89' lang='lat' dir='ltr'>nomine,</span> <span class='ocrx_word' id='word_1_344' title='bbox 1210 1148 1478 1178; x_wconf 77' lang='lat' dir='ltr'>substitueretur</span> <span class='ocrx_word' id='word_1_345' title='bbox 1495 1147 1608 1177; x_wconf 75' lang='lat' dir='ltr'>Caesa-</span> 
     </span>
     <span class='ocr_line' id='line_1_72' title="bbox 913 1197 1608 1240; baseline -0.003 -9"><span class='ocrx_word' id='word_1_346' title='bbox 913 1201 958 1231; x_wconf 90' lang='lat' dir='ltr'>ris</span> <span class='ocrx_word' id='word_1_347' title='bbox 971 1200 990 1232; x_wconf 84' lang='lat'>:&#39;</span> <span class='ocrx_word' id='word_1_348' title='bbox 1014 1201 1190 1231; x_wconf 88' lang='lat' dir='ltr'>decretum</span> <span class='ocrx_word' id='word_1_349' title='bbox 1208 1199 1357 1240; x_wconf 85' lang='lat' dir='ltr'>quidem,</span> <span class='ocrx_word' id='word_1_350' title='bbox 1380 1198 1439 1228; x_wconf 73' lang='lat' dir='ltr'>sed</span> <span class='ocrx_word' id='word_1_351' title='bbox 1455 1208 1520 1228; x_wconf 92' lang='lat' dir='ltr'>non</span> <span class='ocrx_word' id='word_1_352' title='bbox 1537 1197 1608 1229; x_wconf 85' lang='lat' dir='ltr'>fac·</span> 
     </span>
     <span class='ocr_line' id='line_1_73' title="bbox 915 1248 1611 1290; baseline -0.006 -8"><span class='ocrx_word' id='word_1_353' title='bbox 915 1257 998 1290; x_wconf 88' lang='lat' dir='ltr'>tum,</span> <span class='ocrx_word' id='word_1_354' title='bbox 1022 1251 1049 1281; x_wconf 86' lang='lat' dir='ltr'>si</span> <span class='ocrx_word' id='word_1_355' title='bbox 1075 1249 1159 1280; x_wconf 87' lang='lat' dir='ltr'>fides</span> <span class='ocrx_word' id='word_1_356' title='bbox 1185 1248 1325 1279; x_wconf 86' lang='lat' dir='ltr'>Tacito:</span> <span class='ocrx_word' id='word_1_357' title='bbox 1357 1249 1413 1289; x_wconf 86' lang='lat' dir='ltr'>qui</span> <span class='ocrx_word' id='word_1_358' title='bbox 1438 1253 1611 1279; x_wconf 81' lang='lat' dir='ltr'>asseverat</span> 
     </span>
     <span class='ocr_line' id='line_1_74' title="bbox 915 1298 1609 1339; baseline -0.003 -7"><span class='ocrx_word' id='word_1_359' title='bbox 915 1301 1028 1332; x_wconf 87' lang='lat' dir='ltr'>Catuli</span> <span class='ocrx_word' id='word_1_360' title='bbox 1046 1309 1167 1331; x_wconf 86' lang='lat' dir='ltr'>nomen</span> <span class='ocrx_word' id='word_1_361' title='bbox 1189 1299 1348 1329; x_wconf 85' lang='lat' dir='ltr'>mansisse</span> <span class='ocrx_word' id='word_1_362' title='bbox 1375 1308 1481 1339; x_wconf 85' lang='lat' dir='ltr'>usque</span> <span class='ocrx_word' id='word_1_363' title='bbox 1506 1298 1547 1330; x_wconf 94' lang='lat' dir='ltr'>ad</span> <span class='ocrx_word' id='word_1_364' title='bbox 1565 1309 1609 1330; x_wconf 69' lang='grc' dir='ltr'>ω-</span> 
     </span>
     <span class='ocr_line' id='line_1_75' title="bbox 916 1348 1613 1389; baseline -0.006 -6"><span class='ocrx_word' id='word_1_365' title='bbox 916 1362 993 1383; x_wconf 90' lang='lat' dir='ltr'>vum</span> <span class='ocrx_word' id='word_1_366' title='bbox 1023 1351 1151 1382; x_wconf 83' lang='lat' dir='ltr'>Vitellii</span> <span class='ocrx_word' id='word_1_367' title='bbox 1168 1361 1176 1389; x_wconf 92' lang='lat'>;</span> <span class='ocrx_word' id='word_1_368' title='bbox 1208 1351 1271 1380; x_wconf 90' lang='lat' dir='ltr'>hoc</span> <span class='ocrx_word' id='word_1_369' title='bbox 1299 1354 1363 1388; x_wconf 82' lang='lat' dir='ltr'>est,</span> <span class='ocrx_word' id='word_1_370' title='bbox 1393 1348 1472 1379; x_wconf 86' lang='lat' dir='ltr'>dum</span> <span class='ocrx_word' id='word_1_371' title='bbox 1499 1358 1613 1380; x_wconf 88' lang='lat' dir='ltr'>rursus</span> 
     </span>
     <span class='ocr_line' id='line_1_76' title="bbox 914 1400 1616 1440; baseline -0.003 -6"><span class='ocrx_word' id='word_1_372' title='bbox 914 1403 1155 1434; x_wconf 87' lang='lat' dir='ltr'>incenderetur</span> <span class='ocrx_word' id='word_1_373' title='bbox 1183 1400 1399 1440; x_wconf 84' lang='lat' dir='ltr'>Capitolium.</span> <span class='ocrx_word' id='word_1_374' title='bbox 1456 1400 1531 1431; x_wconf 85' lang='lat' dir='ltr'>Nec</span> <span class='ocrx_word' id='word_1_375' title='bbox 1562 1407 1616 1432; x_wconf 80' lang='lat' dir='ltr'>est</span> 
     </span>
     <span class='ocr_line' id='line_1_77' title="bbox 917 1451 1613 1494; baseline -0.001 -10"><span class='ocrx_word' id='word_1_376' title='bbox 917 1453 1006 1494; x_wconf 86' lang='lat' dir='ltr'>quod</span> <span class='ocrx_word' id='word_1_377' title='bbox 1028 1453 1091 1483; x_wconf 90' lang='lat' dir='ltr'>hnc</span> <span class='ocrx_word' id='word_1_378' title='bbox 1114 1452 1283 1482; x_wconf 82' lang='lat' dir='ltr'>trahamus</span> <span class='ocrx_word' id='word_1_379' title='bbox 1311 1451 1410 1491; x_wconf 83' lang='lat' dir='ltr'>Epig.</span> <span class='ocrx_word' id='word_1_380' title='bbox 1435 1453 1486 1482; x_wconf 79' lang='lat'>38.</span> <span class='ocrx_word' id='word_1_381' title='bbox 1507 1451 1565 1482; x_wconf 90' lang='lat' dir='ltr'>lib.</span> <span class='ocrx_word' id='word_1_382' title='bbox 1581 1455 1613 1483; x_wconf 89' lang='grc'>6.</span> 
     </span>
     <span class='ocr_line' id='line_1_78' title="bbox 916 1500 1612 1542; baseline -0.001 -9"><span class='ocrx_word' id='word_1_383' title='bbox 916 1504 925 1520; x_wconf 87' lang='lat'>‘</span> <span class='ocrx_word' id='word_1_384' title='bbox 939 1504 982 1533; x_wconf 88' lang='lat' dir='ltr'>Et</span> <span class='ocrx_word' id='word_1_385' title='bbox 999 1502 1117 1532; x_wconf 68' lang='lat' dir='ltr'>infanti</span> <span class='ocrx_word' id='word_1_386' title='bbox 1139 1501 1233 1534; x_wconf 86' lang='lat' dir='ltr'>Julia</span> <span class='ocrx_word' id='word_1_387' title='bbox 1246 1505 1340 1531; x_wconf 85' lang='lat' dir='ltr'>tecta</span> <span class='ocrx_word' id='word_1_388' title='bbox 1356 1500 1518 1540; x_wconf 81' lang='lat' dir='ltr'>placent‚’</span> <span class='ocrx_word' id='word_1_389' title='bbox 1537 1511 1612 1542; x_wconf 79' lang='lat' dir='ltr'>quae</span> 
     </span>
     <span class='ocr_line' id='line_1_79' title="bbox 919 1550 1612 1591; baseline -0.004 -7"><span class='ocrx_word' id='word_1_390' title='bbox 919 1553 1119 1585; x_wconf 85' lang='lat' dir='ltr'>Calderinus</span> <span class='ocrx_word' id='word_1_391' title='bbox 1137 1561 1202 1582; x_wconf 88' lang='lat' dir='ltr'>non</span> <span class='ocrx_word' id='word_1_392' title='bbox 1216 1556 1309 1582; x_wconf 82' lang='lat' dir='ltr'>recte</span> <span class='ocrx_word' id='word_1_393' title='bbox 1323 1550 1423 1581; x_wconf 86' lang='lat' dir='ltr'>sumit</span> <span class='ocrx_word' id='word_1_394' title='bbox 1436 1560 1497 1590; x_wconf 85' lang='lat' dir='ltr'>pro</span> <span class='ocrx_word' id='word_1_395' title='bbox 1510 1551 1612 1591; x_wconf 86' lang='lat' dir='ltr'>Capi-</span> 
     </span>
     <span class='ocr_line' id='line_1_80' title="bbox 919 1600 1611 1643; baseline -0.003 -9"><span class='ocrx_word' id='word_1_396' title='bbox 919 1604 1021 1634; x_wconf 89' lang='lat' dir='ltr'>tolio:</span> <span class='ocrx_word' id='word_1_397' title='bbox 1055 1612 1155 1643; x_wconf 87' lang='lat' dir='ltr'>quum</span> <span class='ocrx_word' id='word_1_398' title='bbox 1173 1602 1216 1631; x_wconf 85' lang='lat' dir='ltr'>sit</span> <span class='ocrx_word' id='word_1_399' title='bbox 1240 1601 1405 1631; x_wconf 82' lang='lat' dir='ltr'>‘Basilica</span> <span class='ocrx_word' id='word_1_400' title='bbox 1420 1600 1535 1639; x_wconf 87' lang='lat' dir='ltr'>Julia,&#39;</span> <span class='ocrx_word' id='word_1_401' title='bbox 1553 1601 1611 1632; x_wconf 90' lang='lat' dir='ltr'>ubi</span> 
     </span>
     <span class='ocr_line' id='line_1_81' title="bbox 918 1651 1617 1691; baseline -0.004 -6"><span class='ocrx_word' id='word_1_402' title='bbox 918 1661 1081 1691; x_wconf 82' lang='lat' dir='ltr'>oratores,</span> <span class='ocrx_word' id='word_1_403' title='bbox 1095 1653 1152 1682; x_wconf 88' lang='lat' dir='ltr'>ubi</span> <span class='ocrx_word' id='word_1_404' title='bbox 1169 1652 1297 1691; x_wconf 86' lang='lat' dir='ltr'>judicia</span> <span class='ocrx_word' id='word_1_405' title='bbox 1314 1662 1321 1681; x_wconf 74' lang='grc' dir='ltr'><strong><em>ε</em></strong></span> <span class='ocrx_word' id='word_1_406' title='bbox 1347 1656 1385 1681; x_wconf 85' lang='grc'>111</span> <span class='ocrx_word' id='word_1_407' title='bbox 1406 1651 1487 1681; x_wconf 87' lang='lat' dir='ltr'>satis</span> <span class='ocrx_word' id='word_1_408' title='bbox 1507 1652 1617 1682; x_wconf 90' lang='lat' dir='ltr'>innuit</span> 
     </span>
     <span class='ocr_line' id='line_1_82' title="bbox 918 1701 1614 1742; baseline -0.004 -7"><span class='ocrx_word' id='word_1_409' title='bbox 918 1714 1033 1735; x_wconf 89' lang='lat' dir='ltr'>versus</span> <span class='ocrx_word' id='word_1_410' title='bbox 1071 1702 1280 1742; x_wconf 76' lang='lat' dir='ltr'>praecedens.</span> <span class='ocrx_word' id='word_1_411' title='bbox 1321 1701 1486 1731; x_wconf 76' lang='lat' dir='ltr'>Gruterus.</span> <span class='ocrx_word' id='word_1_412' title='bbox 1546 1701 1614 1732; x_wconf 88' lang='lat' dir='ltr'>Sed</span> 
     </span>
     <span class='ocr_line' id='line_1_83' title="bbox 919 1751 1618 1793; baseline -0.007 -7"><span class='ocrx_word' id='word_1_413' title='bbox 919 1755 1064 1787; x_wconf 85' lang='lat' dir='ltr'>Gontius</span> <span class='ocrx_word' id='word_1_414' title='bbox 1080 1754 1128 1784; x_wconf 84' lang='lat' dir='ltr'>sie</span> <span class='ocrx_word' id='word_1_415' title='bbox 1155 1752 1316 1793; x_wconf 77' lang='lat' dir='ltr'>exponit:</span> <span class='ocrx_word' id='word_1_416' title='bbox 1338 1753 1347 1768; x_wconf 86' lang='lat'>‘</span> <span class='ocrx_word' id='word_1_417' title='bbox 1363 1752 1474 1782; x_wconf 78' lang='lat' dir='ltr'>Catuli</span> <span class='ocrx_word' id='word_1_418' title='bbox 1492 1751 1618 1791; x_wconf 83' lang='lat' dir='ltr'>senes,&#39;</span> 
     </span>
     <span class='ocr_line' id='line_1_84' title="bbox 918 1802 1617 1836; baseline -0.006 0"><span class='ocrx_word' id='word_1_419' title='bbox 918 1815 976 1836; x_wconf 84' lang='lat' dir='ltr'>seu</span> <span class='ocrx_word' id='word_1_420' title='bbox 1000 1804 1128 1835; x_wconf 87' lang='lat' dir='ltr'>nobiles</span> <span class='ocrx_word' id='word_1_421' title='bbox 1150 1802 1292 1834; x_wconf 87' lang='lat' dir='ltr'>Romani</span> <span class='ocrx_word' id='word_1_422' title='bbox 1309 1806 1344 1832; x_wconf 90' lang='lat' dir='ltr'>et</span> <span class='ocrx_word' id='word_1_423' title='bbox 1375 1802 1521 1832; x_wconf 88' lang='lat' dir='ltr'>illustres</span> <span class='ocrx_word' id='word_1_424' title='bbox 1548 1803 1617 1833; x_wconf 86' lang='lat' dir='ltr'>lau-</span> 
     </span>
     <span class='ocr_line' id='line_1_85' title="bbox 918 1851 1618 1893; baseline -0.006 -7"><span class='ocrx_word' id='word_1_425' title='bbox 918 1855 1001 1886; x_wconf 83' lang='lat' dir='ltr'>dant</span> <span class='ocrx_word' id='word_1_426' title='bbox 1015 1854 1108 1886; x_wconf 83' lang='lat' dir='ltr'>Julia</span> <span class='ocrx_word' id='word_1_427' title='bbox 1121 1853 1250 1893; x_wconf 84' lang='lat' dir='ltr'>templa</span> <span class='ocrx_word' id='word_1_428' title='bbox 1264 1851 1412 1882; x_wconf 86' lang='lat' dir='ltr'>Basilica</span> <span class='ocrx_word' id='word_1_429' title='bbox 1422 1852 1568 1882; x_wconf 80' lang='lat' dir='ltr'>Caesaris</span> <span class='ocrx_word' id='word_1_430' title='bbox 1585 1852 1618 1882; x_wconf 91' lang='lat' dir='ltr'>in</span> 
     </span>
     <span class='ocr_line' id='line_1_86' title="bbox 918 1901 1619 1943; baseline -0.004 -7"><span class='ocrx_word' id='word_1_431' title='bbox 918 1905 990 1936; x_wconf 90' lang='lat' dir='ltr'>foro</span> <span class='ocrx_word' id='word_1_432' title='bbox 1004 1904 1171 1942; x_wconf 86' lang='lat' dir='ltr'>Romano,</span> <span class='ocrx_word' id='word_1_433' title='bbox 1184 1912 1253 1943; x_wconf 84' lang='lat' dir='ltr'>prae</span> <span class='ocrx_word' id='word_1_434' title='bbox 1267 1901 1401 1943; x_wconf 87' lang='lat' dir='ltr'>templis</span> <span class='ocrx_word' id='word_1_435' title='bbox 1414 1901 1507 1933; x_wconf 88' lang='lat' dir='ltr'>novis</span> <span class='ocrx_word' id='word_1_436' title='bbox 1520 1911 1539 1933; x_wconf 89' lang='lat' dir='ltr'>a</span> <span class='ocrx_word' id='word_1_437' title='bbox 1551 1902 1619 1933; x_wconf 84' lang='lat' dir='ltr'>Do·</span> 
     </span>
     <span class='ocr_line' id='line_1_87' title="bbox 919 1953 1236 1988; baseline -0.009 -1"><span class='ocrx_word' id='word_1_438' title='bbox 919 1955 1062 1988; x_wconf 90' lang='lat' dir='ltr'>mitiano</span> <span class='ocrx_word' id='word_1_439' title='bbox 1079 1953 1236 1985; x_wconf 80' lang='lat' dir='ltr'>conditis.</span> 
     </span>
    </p>

    <p class='ocr_par' dir='ltr' id='par_1_18' title="bbox 920 2002 1619 2197">
     <span class='ocr_line' id='line_1_88' title="bbox 962 2002 1619 2043; baseline -0.006 -6"><span class='ocrx_word' id='word_1_440' title='bbox 962 2009 981 2037; x_wconf 82' lang='grc'><strong>7</strong></span> <span class='ocrx_word' id='word_1_441' title='bbox 1007 2005 1129 2036; x_wconf 80' lang='lat' dir='ltr'>Ennius</span> <span class='ocrx_word' id='word_1_442' title='bbox 1143 2006 1189 2034; x_wconf 85' lang='lat' dir='ltr'>est</span> <span class='ocrx_word' id='word_1_443' title='bbox 1204 2005 1310 2041; x_wconf 65' lang='lat' dir='ltr'>lecim,</span> <span class='ocrx_word' id='word_1_444' title='bbox 1323 2002 1390 2043; x_wconf 48' lang='grc' dir='ltr'>δῖα]</span> <span class='ocrx_word' id='word_1_445' title='bbox 1415 2002 1619 2043; x_wconf 85' lang='lat' dir='ltr'>Neglectum</span> 
     </span>
     <span class='ocr_line' id='line_1_89' title="bbox 920 2053 1618 2096; baseline -0.009 -7"><span class='ocrx_word' id='word_1_446' title='bbox 920 2061 993 2089; x_wconf 82' lang='lat' dir='ltr'>erat</span> <span class='ocrx_word' id='word_1_447' title='bbox 1014 2065 1099 2096; x_wconf 86' lang='lat' dir='ltr'>opus</span> <span class='ocrx_word' id='word_1_448' title='bbox 1121 2054 1287 2092; x_wconf 87' lang='lat' dir='ltr'>Maronis,</span> <span class='ocrx_word' id='word_1_449' title='bbox 1301 2053 1381 2084; x_wconf 90' lang='lat' dir='ltr'>dnm</span> <span class='ocrx_word' id='word_1_450' title='bbox 1405 2053 1477 2094; x_wconf 89' lang='lat' dir='ltr'>ipse</span> <span class='ocrx_word' id='word_1_451' title='bbox 1494 2059 1567 2084; x_wconf 88' lang='lat' dir='ltr'>erat</span> <span class='ocrx_word' id='word_1_452' title='bbox 1585 2054 1618 2085; x_wconf 88' lang='lat' dir='ltr'>in</span> 
     </span>
     <span class='ocr_line' id='line_1_90' title="bbox 922 2103 1618 2145; baseline -0.007 -6"><span class='ocrx_word' id='word_1_453' title='bbox 922 2108 1019 2144; x_wconf 84' lang='lat' dir='ltr'>vivis,</span> <span class='ocrx_word' id='word_1_454' title='bbox 1033 2105 1176 2145; x_wconf 84' lang='lat' dir='ltr'>praelato</span> <span class='ocrx_word' id='word_1_455' title='bbox 1188 2103 1296 2134; x_wconf 90' lang='lat' dir='ltr'>Ennio</span> <span class='ocrx_word' id='word_1_456' title='bbox 1311 2113 1319 2141; x_wconf 82' lang='lat'><em>3</em></span> <span class='ocrx_word' id='word_1_457' title='bbox 1337 2103 1395 2134; x_wconf 88' lang='lat' dir='ltr'>sed</span> <span class='ocrx_word' id='word_1_458' title='bbox 1407 2104 1470 2135; x_wconf 88' lang='lat' dir='ltr'>hoc</span> <span class='ocrx_word' id='word_1_459' title='bbox 1483 2103 1618 2143; x_wconf 85' lang='lat' dir='ltr'>po&#39;e&#39;tice</span> 
     </span>
     <span class='ocr_line' id='line_1_91' title="bbox 923 2153 1606 2197; baseline -0.006 -9"><span class='ocrx_word' id='word_1_460' title='bbox 923 2154 1121 2197; x_wconf 86' lang='lat' dir='ltr'>amplificat,</span> <span class='ocrx_word' id='word_1_461' title='bbox 1138 2159 1174 2184; x_wconf 91' lang='lat' dir='ltr'>ut</span> <span class='ocrx_word' id='word_1_462' title='bbox 1191 2153 1233 2184; x_wconf 87' lang='lat' dir='ltr'>de</span> <span class='ocrx_word' id='word_1_463' title='bbox 1250 2154 1400 2184; x_wconf 88' lang='lat' dir='ltr'>Homero</span> <span class='ocrx_word' id='word_1_464' title='bbox 1417 2158 1453 2185; x_wconf 87' lang='lat' dir='ltr'>et</span> <span class='ocrx_word' id='word_1_465' title='bbox 1468 2153 1606 2185; x_wconf 90' lang='lat' dir='ltr'>Ovidio.</span> 
     </span>
    </p>

    <p class='ocr_par' dir='ltr' id='par_1_19' title="bbox 924 2205 1622 2352">
     <span class='ocr_line' id='line_1_92' title="bbox 966 2205 1622 2245; baseline -0.003 -8"><span class='ocrx_word' id='word_1_466' title='bbox 966 2210 1006 2239; x_wconf 91' lang='grc'>10</span> <span class='ocrx_word' id='word_1_467' title='bbox 1031 2205 1132 2236; x_wconf 80' lang='lat' dir='ltr'>Norat</span> <span class='ocrx_word' id='word_1_468' title='bbox 1143 2205 1387 2245; x_wconf 62' lang='lat' dir='ltr'>Nasonem,&amp;c.]</span> <span class='ocrx_word' id='word_1_469' title='bbox 1410 2205 1527 2236; x_wconf 91' lang='lat' dir='ltr'>Ovidii</span> <span class='ocrx_word' id='word_1_470' title='bbox 1541 2205 1622 2235; x_wconf 89' lang='lat' dir='ltr'>ami-</span> 
     </span>
     <span class='ocr_line' id='line_1_93' title="bbox 924 2257 1621 2295; baseline -0.004 -4"><span class='ocrx_word' id='word_1_471' title='bbox 924 2271 964 2291; x_wconf 89' lang='lat' dir='ltr'>ca</span> <span class='ocrx_word' id='word_1_472' title='bbox 979 2260 1065 2291; x_wconf 88' lang='lat' dir='ltr'>falso</span> <span class='ocrx_word' id='word_1_473' title='bbox 1083 2260 1146 2289; x_wconf 90' lang='lat' dir='ltr'>hoc</span> <span class='ocrx_word' id='word_1_474' title='bbox 1171 2258 1304 2288; x_wconf 88' lang='lat' dir='ltr'>nomine</span> <span class='ocrx_word' id='word_1_475' title='bbox 1331 2257 1516 2295; x_wconf 86' lang='lat' dir='ltr'>celebrata,</span> <span class='ocrx_word' id='word_1_476' title='bbox 1544 2257 1621 2288; x_wconf 83' lang='lat' dir='ltr'>vide</span> 
     </span>
     <span class='ocr_line' id='line_1_94' title="bbox 924 2307 1365 2352; baseline -0.011 -10"><span class='ocrx_word' id='word_1_477' title='bbox 924 2309 1111 2352; x_wconf 85' lang='lat' dir='ltr'>Gyraldum</span> <span class='ocrx_word' id='word_1_478' title='bbox 1128 2309 1160 2339; x_wconf 92' lang='lat' dir='ltr'>in</span> <span class='ocrx_word' id='word_1_479' title='bbox 1175 2308 1243 2338; x_wconf 84' lang='lat' dir='ltr'>vita</span> <span class='ocrx_word' id='word_1_480' title='bbox 1260 2307 1365 2338; x_wconf 91' lang='lat' dir='ltr'>Ovid.</span> 
     </span>
    </p>

    <p class='ocr_par' dir='ltr' id='par_1_20' title="bbox 925 2356 1624 2455">
     <span class='ocr_line' id='line_1_95' title="bbox 968 2356 1624 2400; baseline -0.003 -8"><span class='ocrx_word' id='word_1_481' title='bbox 968 2364 1007 2393; x_wconf 83' lang='lat'>12</span> <span class='ocrx_word' id='word_1_482' title='bbox 1031 2361 1158 2400; x_wconf 79' lang='lat' dir='ltr'>Sipost,</span> <span class='ocrx_word' id='word_1_483' title='bbox 1170 2357 1239 2399; x_wconf 50' lang='grc' dir='ltr'>ἐξα]</span> <span class='ocrx_word' id='word_1_484' title='bbox 1263 2358 1347 2388; x_wconf 86' lang='lat' dir='ltr'>Mihi</span> <span class='ocrx_word' id='word_1_485' title='bbox 1359 2356 1504 2388; x_wconf 82' lang='lat' dir='ltr'>sufficiet</span> <span class='ocrx_word' id='word_1_486' title='bbox 1517 2358 1624 2399; x_wconf 81' lang='lat' dir='ltr'>gloria</span> 
     </span>
     <span class='ocr_line' id='line_1_96' title="bbox 925 2417 1090 2455; baseline -0.012 -11"><span class='ocrx_word' id='word_1_487' title='bbox 925 2417 1090 2455; x_wconf 85' lang='lat' dir='ltr'>postuma.</span> 
     </span>
    </p>

    <p class='ocr_par' dir='ltr' id='par_1_21' title="bbox 924 2464 1624 2747">
     <span class='ocr_line' id='line_1_97' title="bbox 968 2464 1158 2494; baseline -0.026 0"><span class='ocrx_word' id='word_1_488' title='bbox 968 2464 1072 2494; x_wconf 68' lang='lat' dir='ltr'>Erro.</span> <span class='ocrx_word' id='word_1_489' title='bbox 1108 2469 1158 2491; x_wconf 79' lang='lat' dir='ltr'>XI.</span> 
     </span>
     <span class='ocr_line' id='line_1_98' title="bbox 924 2511 1198 2545; baseline -0.015 0"><span class='ocrx_word' id='word_1_490' title='bbox 924 2513 1040 2545; x_wconf 81' lang='lat' dir='ltr'>Stenae</span> <span class='ocrx_word' id='word_1_491' title='bbox 1054 2511 1198 2542; x_wconf 85' lang='lat' dir='ltr'>Musam.</span> 
     </span>
     <span class='ocr_line' id='line_1_99' title="bbox 933 2558 1623 2600; baseline -0.001 -6"><span class='ocrx_word' id='word_1_492' title='bbox 933 2594 940 2597; x_wconf 82' lang='grc'><strong>,</strong></span> <span class='ocrx_word' id='word_1_493' title='bbox 969 2567 985 2594; x_wconf 95' lang='grc'>1</span> <span class='ocrx_word' id='word_1_494' title='bbox 1011 2561 1208 2599; x_wconf 77' lang='lat' dir='ltr'>Smaragdos,</span> <span class='ocrx_word' id='word_1_495' title='bbox 1224 2558 1293 2600; x_wconf 62' lang='lat' dir='ltr'>ilfa]</span> <span class='ocrx_word' id='word_1_496' title='bbox 1315 2559 1464 2590; x_wconf 87' lang='lat' dir='ltr'>Mediam</span> <span class='ocrx_word' id='word_1_497' title='bbox 1480 2560 1534 2591; x_wconf 90' lang='lat' dir='ltr'>hic</span> <span class='ocrx_word' id='word_1_498' title='bbox 1550 2570 1623 2594; x_wconf 85' lang='lat' dir='ltr'>cor.</span> 
     </span>
     <span class='ocr_line' id='line_1_100' title="bbox 926 2610 1624 2654; baseline -0.004 -8"><span class='ocrx_word' id='word_1_499' title='bbox 926 2614 1009 2654; x_wconf 88' lang='lat' dir='ltr'>ripit</span> <span class='ocrx_word' id='word_1_500' title='bbox 1022 2612 1177 2651; x_wconf 83' lang='lat' dir='ltr'>exemplo</span> <span class='ocrx_word' id='word_1_501' title='bbox 1192 2610 1403 2641; x_wconf 81' lang='lat' dir='ltr'>Graecorum.</span> <span class='ocrx_word' id='word_1_502' title='bbox 1450 2611 1564 2642; x_wconf 90' lang='lat' dir='ltr'>Nonni</span> <span class='ocrx_word' id='word_1_503' title='bbox 1590 2612 1624 2643; x_wconf 86' lang='lat' dir='ltr'>in</span> 
     </span>
     <span class='ocr_line' id='line_1_101' title="bbox 926 2660 1621 2705; baseline -0.004 -8"><span class='ocrx_word' id='word_1_504' title='bbox 926 2666 1070 2705; x_wconf 82' lang='lat' dir='ltr'>Dionys.</span> <span class='ocrx_word' id='word_1_505' title='bbox 1093 2662 1183 2698; x_wconf 78' lang='grc' dir='ltr'>Βίβλ.</span> <span class='ocrx_word' id='word_1_506' title='bbox 1201 2660 1234 2692; x_wconf 89' lang='grc' dir='ltr'>ε’.</span> <span class='ocrx_word' id='word_1_507' title='bbox 1257 2661 1425 2692; x_wconf 84' lang='lat' dir='ltr'>Theocrit.</span> <span class='ocrx_word' id='word_1_508' title='bbox 1450 2660 1552 2693; x_wconf 84' lang='grc' dir='ltr'>Εἷδυλ.</span> <span class='ocrx_word' id='word_1_509' title='bbox 1569 2665 1621 2694; x_wconf 89' lang='grc'>17.</span> 
     </span>
     <span class='ocr_line' id='line_1_102' title="bbox 927 2713 1197 2747; baseline -0.019 0"><span class='ocrx_word' id='word_1_510' title='bbox 927 2716 1027 2747; x_wconf 89' lang='lat' dir='ltr'>Hom.</span> <span class='ocrx_word' id='word_1_511' title='bbox 1038 2713 1197 2744; x_wconf 74' lang='lat' dir='ltr'>Bau-ach.</span> 
     </span>
    </p>

    <p class='ocr_par' dir='ltr' id='par_1_22' title="bbox 928 2760 1622 2859">
     <span class='ocr_line' id='line_1_103' title="bbox 969 2760 1622 2805; baseline -0.009 -8"><span class='ocrx_word' id='word_1_512' title='bbox 969 2769 988 2797; x_wconf 77' lang='lat'><strong>2</strong></span> <span class='ocrx_word' id='word_1_513' title='bbox 1011 2763 1171 2803; x_wconf 83' lang='lat' dir='ltr'>Articulo]</span> <span class='ocrx_word' id='word_1_514' title='bbox 1196 2762 1326 2802; x_wconf 82' lang='lat' dir='ltr'>Digito.</span> <span class='ocrx_word' id='word_1_515' title='bbox 1365 2760 1474 2802; x_wconf 78' lang='lat' dir='ltr'>Stella,</span> <span class='ocrx_word' id='word_1_516' title='bbox 1490 2763 1559 2805; x_wconf 52' lang='grc' dir='ltr'>ξω]</span> <span class='ocrx_word' id='word_1_517' title='bbox 1580 2764 1622 2796; x_wconf 88' lang='grc' dir='ltr'>Ε.</span> 
     </span>
     <span class='ocr_line' id='line_1_104' title="bbox 928 2813 1451 2859; baseline -0.01 -11"><span class='ocrx_word' id='word_1_518' title='bbox 928 2818 1102 2859; x_wconf 81' lang='lat' dir='ltr'>pigramm.</span> <span class='ocrx_word' id='word_1_519' title='bbox 1119 2817 1149 2846; x_wconf 84' lang='grc'>8.</span> <span class='ocrx_word' id='word_1_520' title='bbox 1166 2813 1253 2845; x_wconf 86' lang='lat' dir='ltr'>libro</span> <span class='ocrx_word' id='word_1_521' title='bbox 1270 2816 1299 2844; x_wconf 92' lang='grc'>1.</span> <span class='ocrx_word' id='word_1_522' title='bbox 1316 2822 1403 2844; x_wconf 80' lang='lat' dir='ltr'>vers,</span> <span class='ocrx_word' id='word_1_523' title='bbox 1424 2817 1451 2844; x_wconf 91' lang='lat' dir='ltr'>l.</span> 
     </span>
    </p>
   </div>
   <div class='ocr_carea' id='block_1_5' title="bbox 1205 2457 1623 2497">
    <p class='ocr_par' dir='ltr' id='par_1_23' title="bbox 1205 2457 1623 2497">
     <span class='ocr_line' id='line_1_105' title="bbox 1205 2457 1623 2497; baseline 0.007 -9"><span class='ocrx_word' id='word_1_524' title='bbox 1205 2457 1466 2497; x_wconf 72' lang='lat' dir='ltr'>Elegantissime</span> <span class='ocrx_word' id='word_1_525' title='bbox 1507 2458 1623 2491; x_wconf 85' lang='lat' dir='ltr'>laudat</span> 
     </span>
    </p>
   </div>
  </div>
 </body>
</html>
