1866 3131
425 193 474 222 M.
501 193 609 222 VAL.

150 281 384 313 Saturnalibus
399 292 550 323 munera,
565 288 600 315 et
616 293 655 315 eo
673 293 708 314 se
724 282 848 314 libcra-

151 331 268 362 liorem
283 332 365 364 dicit
395 333 577 373 Martialis,
603 334 690 375 quod
718 342 848 374 pauper

150 381 197 411 nil
213 382 349 413 donarit
370 383 479 421 diviti,
503 384 536 414 id
564 390 629 423 est,
652 384 734 414 nihil
761 383 848 423 peti-

151 432 242 463 verit
274 433 315 463 ab
348 434 427 464 illo:
452 434 510 465 sed
539 435 679 465 multum
698 433 850 472 donavit,

151 483 206 523 qui
224 487 388 514 {eternum
406 484 574 515 victurum
591 494 726 515 carmen
743 484 848 523 misit,

149 542 214 573 quo
227 534 368 564 amicum
384 533 467 565 fecit
482 535 718 566 immortalem.

194 586 209 614 1
231 584 397 614 Decembri
412 584 526 624 mense]
552 585 591 615 In
608 584 846 616 Saturnalibus

149 634 267 674 Epigr.
293 638 344 667 46.
381 635 440 666 lib.
464 638 496 666 4.
534 639 669 667 vei-sl.
734 636 846 667 Volant

148 685 281 725 mappae]
306 686 405 716 Ultro
422 686 577 726 citroque
601 686 690 716 iuter
718 685 845 716 amicos

149 735 264 765 amicis
289 736 398 766 missae
417 746 478 776 per
502 736 655 767 clientes.
700 736 844 777 Muppoe]

147 784 239 815 Dict.
254 786 368 826 Epigr.
385 789 437 817 89.
463 796 551 817 vers.
567 790 598 818 4.

188 838 208 866 2
242 835 379 877 Ligulae]
418 836 568 867 Gladioli
598 837 752 877 argentei
785 846 845 868 seu

147 886 321 924 spathulae.
346 887 462 927 Epigr.
481 890 554 918 120.
575 887 632 919 lib.
652 891 702 919 14.
738 888 844 927 Cerei]

148 936 286 967 Festus:
304 942 312 953 ⁸
328 938 452 968 Cereus
464 937 698 969 Saturnalibus
712 939 844 969 muneri

146 986 274 1018 dabant
317 988 511 1019 humiliores
563 989 815 1028 potentioribus
835 999 844 1027 ;

146 1037 224 1077 quia
254 1038 405 1068 candelis
432 1048 613 1078 pauperes,
654 1039 844 1078 locupletes

145 1087 253 1117 cereis
271 1087 478 1117 utebantur!
502 1088 590 1121 Vide
612 1088 764 1119 Macrob,
785 1088 843 1120 lib.

145 1140 175 1168 1.
207 1138 342 1169 Saturn.
373 1148 449 1178 cap.
474 1141 504 1168 7.
535 1144 570 1169 et
606 1138 683 1168 vide
706 1138 767 1169 lib.
794 1141 846 1171 14.

145 1187 326 1227 Epigr.42.
347 1188 547 1229 Cltartoeque]
564 1190 638 1220 Lib.
656 1192 706 1221 14.
725 1190 843 1231 Epigr.

145 1240 196 1269 10.
212 1243 247 1269 et
260 1241 310 1269 ll.

185 1290 203 1318 3
226 1288 330 1318 Acuta
341 1287 436 1328 testa]
459 1289 549 1320 Vase
564 1294 844 1328 testaceo‚metae

143 1348 200 1370 seu
219 1340 361 1371 turbinis
385 1340 528 1371 formam
556 1341 718 1381 habente,
741 1352 760 1372 α
776 1342 844 1380 jar.

141 1392 150 1408 ‘
167 1392 315 1423 Turbine
330 1392 488 1424 conditus
513 1393 625 1424 ruenti
651 1393 842 1424 Prunorum

142 1443 285 1483 globus!
314 1444 436 1484 Papin.
481 1444 610 1475 Senibus
638 1444 842 1485 damascenis]

144 1494 265 1525 Prunis
283 1496 413 1534 rugosis
425 1494 480 1536 (ut
498 1495 615 1535 Epigr.
628 1498 682 1526 29.
700 1495 759 1526 lib.
773 1494 842 1535 13.)

141 1554 160 1574 a
176 1544 346 1575 Damasco
357 1545 462 1585 Syriae
478 1545 572 1576 urbe.

181 1597 201 1624 4
231 1594 391 1633 Vernulas,
410 1595 478 1635 ξω]
506 1595 606 1626 Domi
622 1604 706 1625 meae
732 1599 842 1634 natm,

142 1644 195 1675 vel
217 1654 394 1685 procaces,
415 1645 565 1683 dicaces,
587 1645 724 1685 jocosos
746 1656 841 1686 aeque

142 1703 180 1724 ac
207 1703 344 1725 vernas.
386 1695 474 1726 Vide
500 1696 620 1736 Epigr.
643 1698 699 1726 42.
725 1696 785 1727 lib.
811 1699 841 1728 1.

142 1748 275 1777 vers.2.

182 1798 201 1826 7
227 1796 408 1835 Imitantur,
431 1797 497 1838 Era]
521 1797 639 1837 Epigr.
658 1800 709 1828 56.
737 1797 840 1829 lib.4.

142 1855 230 1876 vers.
244 1850 275 1877 5.

185 1900 223 1927 10
246 1897 412 1936 Liberalis,
433 1897 503 1937 “g-tu]
528 1898 631 1929 Dona
654 1907 722 1928 non
752 1898 840 1930 ines-

138 1952 205 1986 cat,
229 1956 292 1978 nou
309 1953 532 1987 cauponatur,
556 1947 646 1979 infra
662 1949 762 1989 Epig.
775 1952 829 1981 60.

180 1999 283 2030 Eme.
301 2008 379 2029 xrx.
405 1997 577 2029 Κολακικὺν
606 2004 675 2029 est:
713 1999 840 2039 mulget

137 2048 305 2080 laudando
317 2049 459 2080 Caesaris
473 2049 678 2089 marsupium
693 2059 702 2087 ;
720 2053 754 2079 et
767 2050 839 2090 qui-

138 2099 272 2131 ritando
297 2100 432 2131 occulte
460 2100 559 2140 petit,
579 2104 617 2130 ut
634 2100 723 2140 quod
741 2100 840 2131 amici

137 2159 201 2181 nou
217 2155 547 2190 praestant‚praestet
563 2150 634 2190 ipse
648 2151 774 2181 Caesar.

182 2203 197 2231 l
230 2201 314 2238 Veri,
327 2201 394 2240 ἂμ]
417 2201 526 2231 Immo
544 2201 753 2232 adulationis.

178 2254 198 2281 2
224 2251 463 2291 Magtsuignos]
490 2251 743 2292 ImoindignOS.
771 2252 840 2282 Tri-

140 2300 279 2340 umphos]
302 2301 341 2331 lu
363 2301 565 2341 spectaculis
582 2307 689 2341 certe,
708 2312 774 2333 non
795 2303 838 2333 «le

138 2352 305 2390 hostibus,
322 2352 384 2382 nisi
402 2351 520 2383 falsos:
545 2357 583 2383 ut
600 2352 642 2384 de
668 2353 775 2384 Dacis
803 2358 838 2384 et

140 2402 251 2433 Cattis
277 2402 463 2433 victoribus
487 2403 592 2443 magis
609 2413 708 2444 quam
726 2403 837 2436 victis,

138 2452 226 2482 Vide
237 2452 378 2483 Suetou.
389 2455 501 2493 cap.6.
515 2458 550 2484 et
563 2453 721 2484 Diouem.
734 2453 837 2483 Vide-

140 2507 195 2532 tur
212 2512 290 2542 ergo
315 2502 389 2533 heic
418 2512 483 2533 non
510 2507 643 2534 tantum
671 2503 836 2534 militares

139 2552 198 2582 hos
215 2552 415 2592 triumphos,
438 2553 498 2583 sed
525 2553 680 2585 ludorum
694 2559 729 2585 et
742 2564 836 2595 spec-

139 2602 328 2633 taculorum
345 2602 561 2633 celebritates
581 2613 780 2634 memorare.

180 2656 200 2683 4
227 2653 357 2688 Quando
395 2653 549 2692 Palatini,
581 2653 648 2694 Era]
688 2654 835 2686 Quando

138 2701 249 2734 Palat.
268 2702 342 2738 Dei,
369 2702 518 2743 Jupiter,
540 2703 642 2743 Juno,
671 2704 836 2743 Minerva,

140 2752 310 2784 beneficiis
338 2753 405 2784 suis
444 2753 607 2793 majorem
644 2754 770 2785 cultum
802 2759 836 2784 ct

644 193 918 222 MARTIAMS
949 193 1107 224 EPIGR.
1143 195 1232 225 [ΑΒ.
1268 195 1310 224 V.

1489 186 1600 227 1229

899 281 1013 321 plures
1029 289 1226 315 meruerunt
1246 284 1401 325 honores,
1415 294 1514 326 quam
1538 284 1600 316 boc

900 332 998 362 aevo?
1602 338 1605 342 ¹

940 386 961 414 6
978 383 1168 424 Tantasuit]
1184 385 1304 424 Immo,
1315 385 1449 426 quando
1465 386 1595 416 minor?

900 435 983 467 Cum
999 436 1127 467 nemini
1143 437 1186 468 de
1203 438 1289 478 Rep.
1311 438 1433 470 mutire
1457 437 1595 479 quidem

899 485 1034 517 liceret.

941 538 960 566 8
986 535 1086 576 Colit]
1109 536 1264 577 Proprie.
1282 538 1384 569 Corn.-
1411 539 1520 570 Tacit.
1537 539 1598 569 lib.

899 590 929 618 1.
951 587 1041 618 Hist.
1072 589 1081 605 ‘
1096 588 1253 629 Insignes
1274 589 1440 620 amicitias
1460 590 1599 630 juvenis

899 637 1076 669 ambitiose
1105 638 1284 670 coluerat!
1329 639 1486 671 Cultores
1519 640 1598 671 inde

898 687 1080 729 designati.
1127 689 1287 730 Ingratus,
1312 689 1382 729 ἂμ]
1407 689 1526 728 Donis,
1543 689 1601 720 be-

897 737 1038 778 neficiis,
1056 738 1186 771 officiis.
1217 739 1322 772 Quasi
1335 739 1485 771 diceret:
1505 739 1600 771 Abu-

897 793 1016 820 tuntur
1052 790 1178 822 divites
1209 791 1371 822 clientum
1408 790 1528 823 officiis
1563 796 1599 823 et

897 840 1079 882 obsequiis,
1094 851 1168 883 qua>¹
1181 842 1273 873 nullo
1289 851 1428 874 munere
1440 852 1600 883 compen-

896 895 984 921 saut.

941 943 980 971 10
1003 941 1070 972 Ant
1081 951 1170 981 quem
1181 941 1393 982 prosequitur]
1412 942 1489 973 Non
1507 942 1599 974 acci-

897 990 965 1030 pin,
991 991 1178 1031 beneficiis,
1195 992 1316 1022 donis:
1342 992 1400 1023 sed
1428 1002 1526 1034 quem
1541 992 1601 1024 de-

896 1040 1001 1081 ducit,
1031 1043 1225 1081 comitatur,
1252 1042 1464 1081 adsectatur‚
1493 1053 1598 1085 eques

897 1101 961 1122 non
988 1093 1130 1131 alienus,
1148 1094 1209 1124 boc
1228 1100 1293 1132 est,
1318 1103 1397 1124 vere
1414 1094 1533 1132 cliens,
1549 1095 1599 1135 ip-

896 1142 962 1172 sius
980 1143 1069 1182 regis
1084 1143 1249 1174 beneficio
1261 1153 1364 1185 eques
1380 1143 1505 1183 factus,
1519 1144 1598 1176 dum

895 1192 926 1222 ei
944 1193 1130 1232 supplevit,
1153 1193 1280 1224 donato
1297 1194 1387 1234 quod
1413 1194 1534 1225 deerat
1555 1195 1598 1225 ad

895 1248 1089 1282 equestrem
1116 1253 1264 1283 censum,
1287 1249 1322 1274 et
1347 1244 1394 1275 sic
1412 1244 1514 1275 babet
1531 1254 1598 1276 non

895 1292 1053 1332 alienum,
1074 1293 1133 1324 sed
1155 1293 1189 1324 in
1207 1303 1274 1324 aere
1295 1304 1368 1325 suo.
1414 1294 1514 1325 Adde
1531 1296 1597 1336 Ep.

893 1344 945 1373 67.
968 1342 1046 1373 libri
1076 1342 1314 1383 praecedentis.
1339 1344 1441 1375 Gron.
1487 1345 1600 1376 Prose-

892 1392 1013 1432 quitur]
1036 1393 1353 1434 Beneficiis,donis.
1392 1395 1463 1426 Non
1477 1396 1598 1427 alienus

893 1442 996 1482 eques]
1021 1443 1089 1475 Qui
1106 1443 1285 1474 nobilitate
1308 1450 1343 1475 et
1367 1454 1470 1475 censu
1493 1455 1596 1487 eques

893 1497 962 1524 est:
1001 1502 1069 1524 non
1094 1498 1207 1525 autem
1232 1504 1320 1536 equo
1351 1496 1523 1536 stipendia
1548 1496 1598 1527 fa-

893 1543 997 1583 ciens,
1010 1550 1068 1576 aut
1081 1545 1180 1576 titulo
1191 1546 1318 1586 equitis
1331 1545 1373 1577 ab
1382 1546 1596 1587 Imperatore

893 1594 1089 1627 honoratus.
1134 1596 1304 1626 Gruterus
1343 1601 1380 1627 et
1404 1596 1596 1629 Scriverius

893 1654 1037 1686 sequens
1054 1646 1272 1686 Epigramma
1298 1646 1375 1677 huic
1405 1646 1596 1688 adjungunt

893 1700 929 1726 et
945 1695 1140 1726 addendum
1156 1700 1310 1728 censent.

936 1750 969 1777 11
999 1746 1234 1786 Saturnalitiae]
1256 1747 1324 1777 Hic
1341 1747 1443 1787 vulgo
1462 1745 1596 1778 faciunt

891 1806 1013 1828 novum
1032 1797 1270 1837 Epigramma:
1295 1796 1355 1827 sed
1379 1802 1475 1828 recte
1500 1803 1596 1828 nota-

890 1853 969 1877 runt
981 1847 1152 1878 Gruterus
1167 1852 1202 1878 et
1214 1847 1404 1878 Scriverius
1416 1848 1501 1878 hauc
1515 1858 1594 1888 par-

891 1902 960 1928 tem
995 1902 1029 1928 et
1067 1898 1317 1929 conclusionem
1348 1907 1422 1929 esse
1462 1899 1596 1939 prioris.

891 1948 1079 1979 Gronovius.
1134 1947 1369 1989 Saturnalitioe]
1408 1948 1449 1980 In
1476 1949 1595 1980 Satur-

890 1998 1024 2028 nalibus
1049 1997 1140 2028 mitti
1164 1998 1274 2028 solitae
1300 1998 1418 2039 Epigr.
1442 2002 1495 2030 46.
1524 2000 1546 2029 l.
1563 2003 1595 2030 4.

891 2055 978 2078 vers.
996 2050 1025 2079 l.
1069 2048 1227 2088 Ligulum,
1251 2048 1320 2089 δῖα]
1348 2050 1459 2089 Supra
1476 2050 1592 2090 Epigr.

892 2100 943 2128 18.
972 2107 1058 2128 vers.
1071 2101 1104 2129 2.
1148 2099 1293 2140 Selibroe]
1318 2100 1531 2132 Semilibrae:
1557 2102 1596 2131 li-

890 2147 952 2178 bra.
973 2148 1063 2179 enim
1091 2148 1122 2178 in
1145 2148 1322 2180 duodecim
1339 2150 1455 2181 uncias
1473 2150 1594 2181 dividi·

892 2203 969 2229 tur:
1002 2205 1038 2229 et
1069 2203 1202 2230 veteres
1241 2200 1325 2231 ‘se’
1363 2210 1425 2241 pro
1448 2201 1569 2231 ‘semis
1584 2201 1592 2213 ¹

890 2253 1119 2289 usurparunt:
1138 2250 1147 2265 ‘
1159 2249 1312 2289 ligulam'
1329 2260 1409 2290 ergo
1426 2250 1589 2281 ‘selibrae'

890 2305 1001 2338 vocat,
1016 2298 1105 2340 quod
1123 2308 1183 2330 sex
1199 2301 1372 2330 unciarum
1389 2305 1493 2331 esset.

934 2352 973 2381 12
1005 2350 1238 2389 Ftammatoeve,
1259 2349 1327 2389 ὅτι]
1358 2350 1426 2380 Aut
1451 2350 1589 2382 mittere

889 2406 1005 2442 togam
1031 2410 1182 2441 purpura
1211 2401 1395 2431 micantem
1425 2405 1461 2432 et
1490 2402 1588 2442 quasi

887 2453 1131 2491 flammantem,
1146 2462 1218 2493 quae
1233 2452 1289 2482 vix
1304 2452 1403 2483 stetit
1418 2455 1472 2482 10.
1495 2462 1589 2483 scru-

888 2504 988 2544 pulis,
1004 2502 1063 2533 sed
1082 2503 1177 2539 auri;
1200 2510 1309 2541 neque
1321 2502 1412 2532 enim
1429 2504 1480 2532 10.
1498 2511 1590 2533 scru-

888 2554 976 2594 pulis
1014 2553 1145 2591 argenti
1183 2553 1289 2582 vesus
1321 2561 1493 2592 purpurea
1524 2552 1590 2584 emi

888 2609 1034 2645 poterat.
1060 2602 1137 2633 vide
1162 2602 1283 2644 Epigr.
1295 2605 1348 2634 89.
1370 2602 1430 2634 lib.
1443 2605 1475 2634 4.
1500 2612 1587 2635 vers.

888 2657 916 2685 3.

932 2707 969 2734 13
993 2702 1138 2734 Luxuria
1163 2703 1223 2743 est]
1247 2703 1445 2735 Luxuriosae
1474 2708 1510 2736 et
1539 2706 1588 2736 ni-

888 2755 962 2786 1111111
980 2754 1168 2795 largitionis
1185 2754 1319 2786 videtur
1336 2764 1409 2786 esse
1423 2754 1584 2787 divitibus
