1866 3131
724 152 1077 184 suvvosrr1'r1A.
1519 150 1631 192 1073

856 292 953 333 XV

723 390 788 419 Au
823 389 1085 421 REGULUM.

179 469 448 510 PRAEchT
473 467 783 520 Hermagoras,
805 482 891 509 non
912 471 1114 511 omnibus
1135 484 1231 513 esse
1251 473 1522 526 placendum.

234 537 360 589 Elige
379 535 433 576 de
454 536 617 586 multis,
639 534 823 589 Regulo,
846 536 917 577 cui
939 537 1135 590 placeas.

830 669 968 711 XVI.

728 770 792 800 AD
825 772 1068 802 AULlcUM.

176 847 359 889 MUL'PA
382 848 487 889 mihi
509 849 664 897 donas,
688 863 837 891 vereor
859 864 911 891 ne
933 852 1073 892 multa
1095 854 1303 907 requiras.

232 917 353 957 Nolo
375 917 479 958 mihi
501 917 654 967 dones,
677 917 849 969 Aulice,
869 920 907 959 si
929 926 1123 973 repetas.

812 1056 977 1098 XVII.

672 1156 737 1186 AD
770 1156 1129 1188 GERMANICUM.

171 1231 408 1271 EXALTAS
431 1232 473 1271 in
494 1231 570 1272 lite
593 1236 725 1281 tuam,
748 1232 1026 1284 Germanice,
1048 1249 1218 1286 vocem,

228 1299 289 1339 Ut
309 1299 446 1339 furias
469 1300 628 1340 mentis
650 1313 736 1341 vox
760 1300 925 1342 furiosa
946 1307 1086 1344 sonet.

792 1440 985 1482 XVIII.

737 1530 804 1559 AD
840 1531 1049 1561 BASSUM.

172 1596 336 1636 Omns
357 1596 525 1636 amicus
547 1600 677 1646 amat,
701 1598 775 1637 scd
800 1612 887 1639 non
909 1600 983 1652 qui
1005 1604 1125 1640 amat
1144 1601 1287 1642 omnis
1307 1603 1498 1644 amicus:

228 1662 315 1703 Sed
338 1675 480 1716 quem,
503 1663 664 1712 Basse,
686 1668 732 1703 tu
756 1677 891 1713 ames,
908 1670 1006 1706 esto
1027 1670 1070 1706 et
1092 1667 1262 1707 amicus
1279 1669 1333 1708 ei.

811 1795 959 1836 XIX.

706 1895 755 1924 1N
791 1896 1073 1926 TURGJDUM.

167 1977 222 2017 IN
247 1979 422 2016 noctem
445 1973 646 2028 prandes,
668 1974 712 2014 in
733 1978 921 2024 noctem,
940 1974 1148 2028 Turgide,
1168 1990 1336 2027 coenam,

222 2042 572 2095 Multimodoque
593 2041 748 2083 mades
769 2047 898 2083 nocte
919 2042 1082 2096 dieque
1106 2058 1239 2085 mero.

164 2110 362 2163 Cumque
385 2110 475 2151 cuti
499 2109 692 2159 studeas,
715 2123 898 2150 uxorem
923 2111 1082 2152 ducere
1100 2125 1188 2152 non
1210 2113 1304 2154 vis:

220 2177 330 2218 Cum
352 2178 482 2226 nolis,
503 2176 631 2226 dicis,
654 2176 759 2218 Vita
784 2178 946 2231 pudica
969 2179 1133 2231 placet.

162 2245 374 2298 Turgide,
395 2244 616 2285 mentiris:
648 2258 733 2285 non
755 2251 821 2285 cst
839 2245 935 2286 haec
957 2245 1048 2286 vita
1070 2245 1246 2298 pudica.

218 2312 301 2351 Vis
323 2311 478 2360 dicum,
501 2325 599 2365 quae
624 2312 681 2352 sit
704 2311 794 2353 vita
812 2311 1006 2365 pudica?
1039 2312 1206 2354 modus.

1581 2251 1608 2290 01

740 2544 788 2573 IN
825 2543 1038 2573 CHLOEN.

162 2621 376 2663 LAscuvo
399 2619 657 2674 Ganymede
674 2622 818 2663 cales:
851 2627 892 2662 te
914 2622 1101 2674 quilibet
1122 2621 1279 2664 intrat:

220 2687 496 2742 Hippolytes
515 2689 649 2730 etiam
669 2688 813 2731 reddis
831 2702 975 2729 amore
998 2701 1165 2742 graves.

247 2761 360 2800 Delph.
376 2764 403 2791 cl
428 2760 499 2791 Var.
518 2761 603 2792 Clas.
817 2761 961 2792 Martini.
1444 2765 1461 2792 3
1486 2764 1513 2794 Y
