1866 3131
200 191 313 233 1224
665 200 692 228 N
702 197 805 227 oTAE

201 297 296 329 tioris
306 296 408 335 forte,
427 298 566 336 propter
583 293 771 333 Lararium,
787 292 820 324 in
840 302 905 333 quo

201 350 382 380 Minerva:
409 352 468 378 aut
497 345 575 387 quia
599 345 672 386 ipse
691 343 907 376 Domitianus

201 399 337 429 volebat
355 397 422 427 dici
438 395 624 436 haberique
641 396 748 427 Deus.

243 452 264 479 9
287 448 378 478 Jocis
391 445 508 485 sereni]
532 445 598 477 Ubi
625 446 779 486 placidus
798 449 832 476 et
849 445 905 475 lae·

204 504 258 531 tus
275 504 328 530 est
345 498 574 530 Domitianus.
600 498 756 538 Metaph.

246 553 286 582 10
310 550 432 590 Suoque
455 548 556 589 wltzi]
589 549 714 580 Vultus
742 557 821 579 sane
839 548 908 578 Do-

202 602 333 634 mitiani
352 605 516 632 venustus
533 604 620 639 erat,
633 604 669 630 et
687 609 751 640 quo
765 608 801 629 se
817 607 907 629 com--

202 653 355 684 mendari
367 652 496 683 voluit:
522 651 616 682 Suet.
635 650 822 681 Domitian.
832 658 906 688 cap.

204 707 256 735 18.
305 703 362 734 Sic
389 701 526 744 quidem
557 702 591 732 in
621 699 810 741 principio3
846 698 904 728 sed

204 758 336 795 postea,
377 751 606 791 avarissimus,
639 755 677 781 ut
704 759 770 780 non
798 749 904 780 solum

204 814 271 835 non
287 814 347 835 sua
362 803 558 842 largiretur,
582 800 640 831 sed
665 800 730 830 alia
747 804 906 839 raperet;

204 859 242 886 ut
256 855 347 886 idem
363 857 511 885 testatur
527 861 602 892 cap.
620 854 671 882 12.

248 908 289 936 12
313 905 386 935 Non
397 901 536 943 iniquas]
559 901 682 942 Neque
695 901 782 932 enim
796 900 908 932 Poe'ta

205 954 379 995 (inquiunt
403 952 532 991 Musae)
558 950 672 983 oblato
699 952 814 982 libello
844 951 908 982 hoc

206 1010 342 1043 ornato,
357 1005 537 1046 quicquam
551 1003 769 1045 impudenter
780 1008 839 1034 aut
849 1003 908 1034 iiu-

204 1055 339 1087 modice
356 1055 456 1096 petit.

250 1110 290 1139 13
329 1108 497 1148 Nunquam
529 1106 681 1147 grandia]
727 1107 908 1148 Nunquam

204 1167 282 1189 rnea
297 1158 426 1198 charta,
437 1168 599 1199 meusque
610 1157 698 1188 liber
709 1158 811 1189 cedro
828 1157 910 1188 tinc-

206 1213 272 1248 tus,
288 1219 507 1250 purpuraque
524 1214 649 1248 tectuS,
664 1218 821 1249 magnam
843 1209 910 1239 vim

206 1260 375 1300 pecuniae,
389 1265 446 1291 aut
470 1260 600 1301 praedia
615 1260 832 1300 impudenter
856 1269 912 1299 pe-

207 1310 261 1342 tit.
285 1311 337 1341 De
354 1310 533 1351 umbilicis,
548 1310 624 1341 vide
641 1311 759 1351 Epigr.
777 1313 829 1341 67.
853 1310 910 1340 lib.

213 1365 244 1393 1.
261 1371 349 1393 νει-5.
366 1364 418 1393 10.

250 1415 290 1444 14
318 1414 428 1452 Cedro,
440 1422 649 1453 purpuraque,
662 1411 832 1451 umbilicis]
850 1410 909 1441 Vi-

210 1463 252 1495 de
268 1464 385 1504 Epigr.
410 1466 464 1495 67.
482 1463 538 1494 lib.
557 1467 586 1494 1.
613 1472 700 1493 vers.
728 1465 780 1493 11.
806 1466 841 1492 et
868 1462 911 1492 E-

210 1515 296 1555 pigr.
312 1518 344 1545 2.
364 1514 422 1545 lib.
439 1517 470 1545 3.

253 1567 293 1595 18
331 1564 515 1603 Dominum,
544 1563 616 1604 fun]
660 1562 912 1600 Domitianum,

210 1616 386 1647 Musarum
416 1615 594 1654 cultorem,
632 1614 700 1645 imo
728 1613 912 1644 dominum.

212 1664 429 1696 Adulatorie.

258 1716 362 1746 Erro.
381 1724 446 1746 vu.
484 1716 535 1745 Ad
565 1714 748 1755 Volcanum]
780 1715 846 1746 Vel
872 1714 915 1746 de

212 1767 319 1797 Roma
336 1772 412 1806 post
423 1765 617 1797 incendium
634 1772 838 1798 restaurata.

258 1820 273 1848 1
302 1817 448 1852 Qualiter
472 1816 632 1857 Assyrios,
646 1817 716 1857 Sym]
751 1818 799 1848 Ut
815 1816 919 1847 Phoe-

212 1867 270 1898 nix
302 1867 372 1897 avis
400 1867 457 1896 illa
480 1866 633 1906 Assyria,
659 1867 716 1897 ubi
744 1877 848 1898 annos
877 1875 917 1898 Μ.

212 1916 351 1957 vixerit,
362 1921 558 1948 constructo
570 1926 654 1956 rogo
664 1926 820 1947 cremans
833 1926 919 1956 sese,

214 1969 371 2000 renovari
398 1969 546 2000 dicitur:
572 1969 619 2000 ita
636 1969 848 2000 Domitianus
868 1980 918 2000 se-

213 2020 269 2052 nio
287 2024 322 2052 et
338 2020 498 2052 incendio
525 2019 712 2052 deformem
739 2022 855 2053 urbem
870 2032 921 2053 re-

215 2070 341 2102 stituit.

259 2126 279 2153 2
307 2123 392 2163 Una]
416 2123 496 2154 Duo
519 2128 633 2155 tamen
649 2124 710 2155 visi
727 2124 919 2166 aliquando,

216 2176 318 2214 pater
346 2178 381 2204 et
404 2173 504 2213 filius,
531 2174 665 2205 Pierius
693 2175 918 2215 Hieroglyph.

215 2226 238 2256 l.
255 2228 308 2256 20.
355 2225 471 2256 Decem
481 2226 612 2265 quoties,
624 2225 693 2265 ἔγω]
718 2226 770 2256 De
781 2235 920 2256 numero

219 2287 383 2308 annorum
398 2278 532 2308 variant
554 2283 700 2309 autores.
747 2278 920 2308 Lactanti-

218 2338 258 2358 us
275 2328 428 2359 Martiali
453 2328 670 2368 astipulatur.
715 2328 803 2359 Vide
832 2328 920 2359 Ptin.

220 2378 279 2410 lib.
307 2382 358 2410 10.
381 2388 459 2420 cap.
476 2382 507 2410 2.
533 2379 726 2411 Communis
753 2378 826 2410 fere
850 2389 919 2409 om-

219 2430 311 2460 nium
328 2430 496 2460 sententia
509 2434 572 2467 est,
589 2430 793 2470 quingentos
803 2429 920 2459 vivere

223 2490 329 2511 anuos
356 2480 566 2511 Phoenicem.
611 2479 750 2509 Tacitus
779 2478 864 2509 libro
890 2481 920 2509 6.

222 2530 344 2561 Aunal.
373 2530 477 2561 Ovid.
502 2533 552 2561 15.
578 2531 725 2560 Metam.
748 2531 757 2547 ‘
773 2529 840 2560 Hic
866 2528 922 2559 ubi

222 2582 368 2622 quinque
385 2591 454 2611 suae
474 2581 662 2620 complevit
675 2581 801 2612 saecula
817 2579 922 2611 vitae.’

266 2634 284 2662 3
314 2632 432 2670 Eoeutu,
457 2631 526 2671 Sym]
550 2631 734 2672 Eutropius
755 2631 813 2663 lib.
830 2634 862 2663 7.
889 2634 925 2662 et

225 2682 362 2712 Sueton.
377 2683 506 2713 Domit.
523 2692 599 2723 cap.
614 2687 646 2715 5.

267 2736 285 2763 4
316 2734 435 2774 Vultus,
461 2734 529 2775 sen]
552 2735 760 2776 Epigramm.
778 2733 927 2775 praeced.

226 2792 313 2816 vers·
329 2785 359 2816 9.

843 196 1105 227 vARwRUM
1143 198 1191 225 IN

999 296 1015 321 5
1037 292 1111 322 Jam
1140 301 1258 331 precor,
1283 291 1352 331 im]
1396 289 1476 321 Noli
1514 289 1654 320 ulterius

955 344 988 374 in
1008 353 1066 373 nos
1085 348 1227 382 nepotes
1246 347 1282 373 et
1305 350 1410 381 genus
1436 339 1571 378 Martis,
1600 340 1654 369 cui

955 399 991 425 tu
1017 394 1060 423 ob
1089 393 1292 424 adulterium
1317 392 1391 432 ejus
1416 401 1494 422 cum
1518 391 1654 420 Venere

956 450 1014 475 tua
1031 444 1179 475 infensus
1196 454 1244 481 es,
1271 442 1407 474 flamma
1424 441 1559 472 vindice
1575 440 1658 471 suri-

956 495 1087 526 bundus
1099 495 1258 535 grassari.
1302 493 1498 534 Signantius
1511 503 1591 533 ergo
1604 498 1658 522 est

957 547 1044 587 quod
1073 545 1261 586 praeferunt.
1287 545 1370 576 Mss.
1392 547 1486 583 παίω,
1516 543 1659 581 Volcune,

956 599 1095 638 qnerelae.

999 651 1019 679 ὓ
1042 647 1153 678 Sumus
1177 647 1306 685 Martis,
1329 646 1398 686 iffa]
1435 645 1556 676 Sumus
1586 643 1658 685 qui-

957 697 1032 728 dem
1051 699 1162 738 proles
1179 699 1302 729 Martis
1319 697 1466 728 adulteri
1483 696 1545 735 tui,
1557 705 1576 726 a
1592 696 1659 726 Ro-

957 750 1067 780 mulo:
1093 749 1152 780 sed
1169 754 1205 780 et
1220 748 1364 779 Veneris
1382 748 1494 779 uxoris
1513 754 1591 786 tuae,
1615 746 1659 776 ab

956 799 1072 837 AEnea,
1085 801 1147 832 &a

1001 851 1019 879 7
1043 848 1356 888 Lemniacislasciva]
1377 849 1471 880 Quas
1485 847 1516 878 in
1530 848 1659 878 Lemno

955 897 1143 930 fabricasti.
1200 900 1341 940 Catenis]
1379 898 1510 931 Quibus
1540 897 1662 937 depre-

956 950 1095 980 hensam
1113 959 1189 980 cum
1205 949 1336 988 Marte,
1363 947 1552 989 exposuisti
1574 946 1658 978 ludi-

959 1000 1032 1031 brio
1046 1000 1131 1031 Diis.

1001 1054 1020 1082 8
1045 1051 1193 1090 Ignoscat
1208 1050 1333 1089 conjux,
1348 1049 1417 1089 Era]
1438 1049 1523 1079 Tuae
1540 1048 1588 1079 illi
1610 1048 1658 1079 in-

954 1101 1070 1141 juriae,
1086 1106 1120 1132 et
1134 1111 1226 1132 suam
1245 1100 1416 1132 condonet
1431 1101 1560 1131 Venus.
1595 1100 1661 1130 Ρα-

960 1152 1072 1183 tienter
1097 1151 1193 1192 amet]
1233 1151 1306 1183 Etsi
1333 1150 1492 1183 deformis
1515 1151 1572 1191 sis,
1595 1160 1662 1182 non

960 1208 1081 1233 coacta
1112 1208 1147 1233 et
1181 1202 1386 1233 observata:
1420 1202 1474 1233 vel
1510 1202 1582 1233 sine
1619 1211 1663 1233 ae-

960 1254 1060 1285 mulo.

1003 1306 1110 1336 Epm.
1129 1313 1206 1335 vnt-
1230 1303 1412 1335 Phasidem
1434 1304 1611 1342 libertum,
1626 1307 1664 1334 ut

960 1355 1077 1387 fictum
1094 1356 1257 1396 equitem,
1273 1355 1395 1386 irridet
1412 1355 1445 1385 M
1454 1354 1583 1385 artialis
1600 1354 1663 1385 hoc

961 1406 1237 1446 Epigrammate:
1261 1405 1286 1436 is
1311 1406 1400 1436 enim
1426 1414 1528 1445 quum
1552 1404 1664 1444 legiti-

961 1465 1050 1486 mum
1066 1455 1189 1497 equitis
1206 1465 1343 1486 censum
1363 1465 1426 1486 non
1444 1455 1598 1495 haberet,
1616 1455 1663 1485 la-

962 1507 1074 1536 cernis
1086 1507 1265 1546 purpureis
1278 1506 1415 1536 volebat
1428 1505 1536 1536 videri
1548 1515 1666 1546 eques,

963 1562 997 1588 et
1022 1556 1254 1597 jactabundus
1287 1558 1319 1586 in
1351 1557 1492 1605 theatro⁹
1507 1556 1667 1596 jactabat

962 1608 1074 1648 legem
1092 1608 1251 1646 Othonis,
1269 1617 1368 1648 quam
1385 1607 1600 1638 Domitianus
1616 1616 1667 1638 re-

965 1660 1149 1696 stituerat3
1180 1657 1241 1688 sed
1270 1657 1424 1696 Lectius,
1454 1658 1508 1688 cui
1537 1657 1665 1688 ordinis

966 1710 1161 1740 Theatralis
1179 1718 1262 1740 cura
1277 1713 1350 1739 erat
1366 1708 1583 1748 demandata,
1595 1708 1669 1749 jus-

968 1760 1012 1790 sit
1028 1769 1103 1790 eum
1121 1769 1272 1799 surgere.

1014 1813 1028 1840 l
1062 1810 1225 1850 Edictum]
1262 1812 1319 1841 De
1358 1809 1554 1840 renovanda
1589 1810 1666 1851 lege

970 1859 1107 1898 Roscia,
1123 1870 1188 1900 qua
1215 1860 1296 1890 nulli
1319 1861 1351 1890 in
1370 1863 1421 1890 14.
1439 1861 1598 1900 gradihus
1615 1871 1666 1892 se-

969 1910 1050 1941 dere
1067 1911 1177 1950 licuit,
1194 1911 1257 1940 nisi
1273 1910 1326 1941 cui
1343 1920 1463 1941 census
1486 1912 1669 1951 equestris.

969 1961 1112 1992 Sueton.
1127 1970 1204 2000 cap.
1225 1964 1256 1991 8.
1272 1960 1402 1992 Domit.
1446 1961 1586 2000 Domini,
1600 1962 1668 2003 cic]

969 2014 977 2030 ‘
991 2012 1189 2043 Dominum'
1207 2021 1243 2043 se
1266 2013 1276 2029 ‘
1289 2023 1327 2044 ac
1348 2012 1475 2043 Deum'
1501 2014 1667 2053 appellari

969 2062 1114 2093 instituit
1144 2062 1371 2093 Domitianus.
1417 2062 1615 2103 Xiphilinus
1633 2069 1669 2095 et

969 2112 1149 2143 Suetonius
1176 2112 1208 2142 in
1236 2112 1363 2143 Dornit.
1388 2122 1463 2154 cap.
1488 2116 1540 2144 13.
1563 2113 1669 2144 ‘Pari

971 2163 1176 2203 arrogantia,
1205 2173 1306 2204 quum
1333 2168 1589 2203 procuratorum
1617 2175 1671 2194 su-

970 2225 1065 2246 orum
1086 2216 1232 2253 nomine,
1245 2214 1418 2246 formalem
1436 2215 1584 2246 dictaret
1599 2216 1669 2256 epi-

969 2267 1103 2306 stolam,
1118 2266 1167 2297 sic
1187 2267 1314 2306 coepit,
1337 2266 1504 2296 Dominus
1521 2270 1556 2297 et
1572 2267 1669 2297 Deus

970 2323 1086 2347 noster
1111 2317 1159 2348 sic
1183 2316 1254 2347 fieri
1275 2317 1393 2357 jubet:
1421 2316 1510 2347 unde
1537 2316 1671 2347 institu-

972 2373 1041 2398 tum
1064 2367 1220 2408 posthac,
1246 2372 1280 2397 ut
1309 2377 1350 2397 ne
1377 2367 1508 2407 scripto
1534 2366 1669 2408 quidem

972 2428 1010 2448 ac
1034 2427 1188 2448 sermone
1215 2417 1414 2459 cujusquam
1440 2418 1671 2458 appellaretur

971 2467 1097 2499 aliter.'

1014 2522 1034 2549 2
1058 2517 1225 2557 subsellia]
1242 2518 1326 2550 Quae
1341 2518 1501 2559 triplicia,
1514 2518 1547 2548 in
1559 2518 1672 2558 Circo,

971 2569 1130 2607 Theatro,
1155 2573 1190 2598 et
1208 2567 1484 2609 Amphitheatro:
1510 2575 1579 2599 tum
1597 2568 1674 2599 sub-

973 2619 1070 2650 sellia
1095 2619 1203 2659 prima
1227 2629 1284 2650 seu
1310 2620 1464 2659 proxima
1484 2629 1610 2659 caveae,
1636 2620 1669 2650 iu

974 2671 1095 2712 quibus
1112 2670 1273 2700 Senatus:
1296 2670 1463 2710 Secunda,
1484 2671 1673 2711 Equestria,

975 2721 1137 2763 inquibus
1154 2722 1314 2761 Equites:
1340 2722 1465 2760 Tertia,
1481 2721 1672 2762 popularia,

976 2774 1010 2806 in
1033 2773 1153 2815 quibus
1177 2773 1321 2813 populus
1345 2777 1381 2805 et
1405 2770 1525 2813 plebs?
1580 2772 1672 2814 Lege
