1866 3131
370 173 420 203 M.
456 173 562 203 VAL.
596 173 867 204 MAR'rlAms
902 177 1061 209 lil'lGR.
1097 181 1188 210 [ΑΒ.
1223 183 1275 212 11.

1434 178 1545 220 11:37

95 264 317 295 transscribet
333 265 418 305 liaec,
435 270 470 297 ut
483 266 676 298 melioribus
696 272 793 299 vacet
837 269 909 309 jam
925 270 1004 302 viris
1020 274 1207 315 contigere.
1255 277 1450 311 Germanici
1467 290 1545 319 cog-

94 315 337 348 exscribendis,

137 369 156 396 G
174 367 237 396 Nec
252 370 373 397 tuntum
390 367 573 407 nugis,8,·c.]
597 367 793 409 Occupabi-

95 422 149 446 tur
166 417 359 448 melioribus
383 417 475 448 libris
492 417 734 450 describendis.

138 471 158 497 9
182 469 223 498 Te
238 469 374 508 cont-ica,
391 467 460 508 fisa]
487 468 583 498 Inter
608 469 731 508 pocula
746 469 792 500 le-

97 519 199 557 geris,
217 517 290 548 vide
311 527 368 557 ep.
387 520 433 548 19.
451 518 473 547 l.
491 520 542 549 Lo,
558 522 592 548 ot
607 518 792 558 perlegeris

95 569 214 599 minori
233 569 346 609 spacio
363 577 463 609 quam
481 568 592 599 vinum
609 578 698 609 aqua
714 570 793 600 cali-

95 621 150 659 da,
165 621 198 651 in
215 621 416 661 quincunce,
431 619 580 661 quinque
593 622 793 661 cyathorum

93 672 226 710 capaci,
257 671 400 702 dilutum
423 670 598 711 frigescat.
636 671 794 712 Hyperb.

94 724 102 739 ‘
118 724 298 755 Quincunx
310 722 319 736 '
337 732 399 763 pro
411 723 530 763 quovis
548 723 680 763 poculo.
724 723 792 754 Sed

94 774 225 813 gemina
241 774 289 804 vis
316 774 402 804 latet
426 773 487 803 sub
514 773 578 803 hoc
596 772 697 803 verbo
721 773 792 804 ‘te-

93 824 203 864 puisse
215 824 233 863 ς’
256 823 308 855 vel
321 823 422 863 enim,
438 828 476 854 ut
491 823 732 863 vei-bajacent,
744 823 793 854 in-

93 876 272 915 telligitur,
301 874 335 905 id
365 879 431 913 est,
461 880 642 915 antequam
668 873 793 915 frigeat

94 926 205 956 vinum
223 925 333 956 calida
358 925 506 964 mistum,
528 924 582 955 vel
611 930 793 965 antequam

93 977 286 1006 remittatur
296 979 469 1006 certamen
483 975 623 1015 potandi
635 980 669 1006 et
682 975 793 1006 hilari-

92 1031 141 1055 tas
158 1025 386 1056 convivarum.
434 1026 487 1056 De
500 1035 592 1056 more
605 1025 742 1056 bibendi
758 1031 793 1057 et

91 1076 255 1106 miscendi
282 1075 425 1106 calidam
456 1064 687 1116 et'frigidam
719 1077 792 1117 lege

92 1127 152 1157 lib.
170 1130 197 1157 l.
213 1136 290 1167 cap.
306 1129 337 1157 4.
352 1126 502 1156 Elector.
520 1127 640 1166 Lipsii.
667 1126 747 1157 Rad.

138 1181 172 1208 ll
203 1175 336 1215 Cautus]
359 1177 488 1207 Cautus
502 1177 529 1206 is
546 1182 610 1215 est,
633 1176 691 1216 qui
708 1185 791 1215 prae-

92 1228 238 1258 munitus
250 1227 291 1258 ad
304 1225 442 1267 quodvis
456 1226 613 1257 damnum
626 1225 792 1265 futurum,

91 1287 133 1309 ne
149 1277 211 1308 sibi
228 1277 341 1316 laedat,
354 1281 419 1308 est.

135 1330 174 1358 12
198 1327 264 1358 Hei
279 1327 370 1368 milti]
394 1327 478 1359 Cum
506 1326 587 1358 illud
612 1327 688 1357 mihi
704 1326 793 1358 absit

92 1377 206 1408 Palat.
236 1378 405 1409 Gruterus
448 1384 566 1409 censet
604 1378 792 1409 rescriben-

91 1428 169 1459 dum
190 1428 287 1459 Eheu.
333 1430 439 1461 Quasi
457 1429 598 1468 diceret,
617 1429 691 1460 Non
708 1429 791 1459 vita-

92 1478 143 1509 bis
158 1485 269 1509 tamen
285 1479 430 1510 omnium
447 1480 743 1520 reprehensionem
758 1483 794 1510 et

91 1527 282 1560 fastidium:
307 1535 386 1561 sunt
402 1530 491 1561 enim
516 1530 658 1561 Romani
677 1539 793 1570 proce-

93 1589 144 1610 res
167 1579 440 1619 fastidiosissimi,
463 1587 497 1611 et
524 1581 738 1621 mellajuxta
753 1589 794 1611 ac

91 1629 174 1660 fella
192 1636 369 1661 nauseant.
395 1631 475 1661 Raa.

136 1681 241 1711 Eric.
258 1689 297 1710 11.
323 1683 338 1710 1
358 1681 452 1711 Creta
477 1681 574 1718 dedit,
593 1680 663 1720 &cd
698 1680 794 1711 Cele-

92 1731 168 1762 brat
180 1731 340 1762 Dacicam
354 1730 529 1761 victoriam
542 1735 577 1761 et
590 1731 686 1761 trium
694 1730 794 1770 plium

93 1791 193 1823 quem
221 1782 290 1821 egit
321 1781 536 1812 Domitianus
560 1781 663 1817 solus,
695 1781 793 1821 cujus

92 1833 210 1863 laurea
237 1837 310 1862 tota
336 1832 410 1871 ejus
437 1829 514 1869 fuit,
538 1839 600 1860 nec
625 1839 702 1860 cum
727 1830 792 1862 alio

93 1883 362 1913 communicata:
387 1880 574 1922 amplificat
601 1881 664 1912 hoc
693 1891 791 1920 argu-

90 1938 240 1964 mentum
257 1943 275 1963 a
291 1932 510 1972 comparatis,
526 1931 732 1963 enumeratis
752 1932 791 1962 iis

92 1985 148 2025 qui
164 1984 338 2024 praecipua
354 1989 578 2023 cognomenta
598 1992 640 2013 ex
658 1983 792 2023 provin·

89 2036 148 2067 ciis
161 2035 305 2066 devictis
319 2039 569 2076 compararunt.
580 2034 734 2065 Rama-es.
752 2036 789 2066 L.

90 2086 253 2117 Metellus
270 2085 407 2116 devicta
424 2085 541 2124 Creta,
554 2084 640 2115 Pub.
656 2085 792 2117 Cornel.

90 2136 202 2176 Scipio
218 2135 351 2166 devicta
365 2134 630 2173 Africa‚nobilia
642 2136 791 2166 assecuti

92 2191 170 2216 suut
185 2191 433 2225 cognomenta:
459 2186 672 2216 Domitianus
700 2196 794 2227 vero,

92 2235 272 2266 debellatis
294 2235 403 2266 Cattis
437 2235 620 2276 Dacisque,
650 2236 792 2268 nobilius

92 2284 216 2316 meruit
240 2294 440 2324 cognomen,
466 2285 590 2316 Dacici
606 2286 740 2317 scilicet
757 2292 792 2317 et

93 2335 301 2373 Germanici,
311 2335 360 2365 illi
372 2335 461 2366 enim
472 2336 615 2376 singula,
630 2336 683 2367 hic
697 2337 794 2378 bina,

92 2385 141 2415 illi
167 2384 348 2415 Cretenses
369 2385 481 2425 pigros
506 2391 653 2427 ventres,
672 2393 707 2418 et
726 2388 791 2418 dis-

94 2435 222 2465 cinctos
240 2433 354 2473 Afros,
370 2435 423 2466 hic
444 2436 631 2468 Germanos
654 2438 791 2470 bellico-

93 2494 158 2523 sos,
181 2483 271 2523 ὄζους
283 2484 402 2524 Ἄρηος.
445 2485 501 2517 Sic
528 2487 641 2528 itaque
665 2490 792 2520 crescit

94 2535 229 2565 collatio
288 2535 449 2575 Magnum
472 2541 507 2567 et
533 2538 647 2569 nobile
663 2538 792 2570 Cretici

94 2594 377 2628 cognomentum3
412 2589 519 2630 majus
549 2591 620 2621 sive
646 2592 791 2623 nobilius

96 2637 268 2677 Africani;
305 2639 486 2670 niaximum
521 2641 592 2671 sive
626 2641 793 2672 nobilissi-

94 2699 182 2720 mum
200 2690 408 2721 Germanici.
452 2691 498 2722 Et
523 2698 634 2722 tamen
662 2693 791 2723 Cretici

97 2744 132 2769 et
164 2739 315 2771 Africani
345 2740 487 2771 Metello
523 2747 557 2772 et
591 2742 802 2783 Scipionibus

181 2794 296 2833 Delpli.
313 2798 340 2824 et
366 2794 438 2825 l'ur.
459 2795 541 2825 Clas.

756 2796 899 2828 Martial.

844 326 1037 352 nomentum
1068 323 1262 358 Domitiano
1279 329 1424 371 contigit
1440 332 1543 363 etiam

845 379 962 410 puero.
987 373 1140 406 Musumb.

885 424 905 452 -1
928 422 973 453 Et
996 433 1087 463 puer,
1111 426 1181 465 lya]
1207 428 1424 462 Domitianus
1446 433 1546 473 juve-

843 472 894 503 nis
909 473 1089 506 admodum
1104 478 1361 516 expeditionem
1392 485 1545 523 suscepit

844 525 875 554 in
893 524 1103 558 Germanias.
1140 529 1280 561 Sueton.
1299 533 1319 562 l.
1335 536 1366 563 8.
1383 543 1412 564 0.
1437 539 1468 565 2.
1486 537 1544 566 sed

844 584 955 616 neque
970 579 1192 609 necessariam
1210 590 1320 621 neque
1336 584 1465 616 utilem.

887 631 905 658 5
930 628 1058 669 Frater,
1085 630 1153 671 ζα]
1178 631 1285 663 Pater
1314 637 1390 665 tuus
1417 636 1544 677 Vespa—

844 677 957 708 sianus
973 688 1048 710 cum
1064 679 1134 710 filio
1147 681 1224 712 Tito
1241 682 1283 713 de
1301 683 1546 727 Hierosolymis

845 728 1077 771 triumphavit,
1104 736 1140 762 tu
1167 732 1209 763 de
1232 733 1344 764 Cattis
1372 735 1545 777 Dacisque

843 780 943 812 solus.
988 781 1118 823 Frater]
1149 783 1261 815 Titus.
1287 785 1453 827 Idumoeos]
1487 788 1546 819 Ju-

843 830 970 862 daicos.
1014 832 1147 873 Idume,
1164 844 1242 874 pars
1257 835 1401 875 Judaeae,
1417 837 1458 868 ab
1475 837 1543 870 Oc-

842 880 981 913 cidente
1025 882 1210 916 Jordanem
1257 890 1432 927 spectanS,
1470 897 1544 930 quae

842 930 939 970 Ἐδῶμ
954 933 1161 973 appellatur.

886 984 906 1012 6
930 981 1029 1013 Dacis
1065 984 1181 1022 laurea,
1215 986 1286 1026 Cra]
1318 986 1386 1018 Alii
1419 989 1544 1020 Cattis:

844 1036 882 1062 ut
894 1032 1030 1072 Lipsius
1054 1034 1115 1065 lib.
1134 1038 1164 1066 1.
1181 1037 1281 1076 epist.
1299 1040 1330 1068 5.
1350 1037 1436 1069 bene
1454 1038 1545 1079 judi-

843 1086 910 1113 cat.
956 1083 1044 1115 Nam
1061 1085 1139 1125 quia
1154 1094 1201 1117 ex
1218 1087 1389 1127 triumpho
1402 1088 1445 1119 de
1467 1089 1546 1120 Cat-

843 1132 887 1163 tis
903 1143 969 1164 non
984 1135 1090 1165 traxit
1112 1135 1327 1168 Domitianus
1344 1147 1545 1179 cognomen-

843 1187 913 1213 tum
930 1183 1133 1224 triumphale
1148 1187 1321 1226 proprium
1334 1188 1472 1228 Cattici‚
1486 1190 1545 1220 sed

842 1241 1018 1264 commune
1044 1234 1260 1275 Germanici3
1295 1237 1425 1269 idcirco
1455 1240 1544 1271 hunc

842 1282 1047 1324 triumphum
1071 1290 1190 1326 argute
1204 1287 1377 1319 Martialis
1393 1299 1468 1321 cum
1485 1291 1545 1323 Ju-

842 1332 939 1364 daico
952 1333 1123 1376 triumpho
1136 1338 1308 1376 componit
1324 1348 1331 1375 ;
1348 1339 1424 1379 quia
1437 1349 1546 1381 neque

844 1392 887 1413 ex
900 1384 958 1414 illo
976 1384 1148 1425 triumpho
1172 1394 1436 1427 cognomentum
1463 1391 1545 1420 Ves—

844 1434 985 1473 pasiano
1002 1436 1092 1475 patri
1115 1442 1172 1466 aut
1187 1436 1258 1467 filio
1271 1438 1349 1469 Tito
1375 1438 1439 1470 fuit
1462 1441 1470 1456 ‘
1483 1441 1543 1472 Ju-

845 1484 959 1516 daici.’
1014 1487 1116 1525 Nam,
1132 1492 1171 1517 ut
1194 1488 1283 1527 apud
1312 1489 1456 1520 Dionem
1483 1495 1547 1529 est,

845 1534 1071 1573 repudiavere
1104 1543 1367 1576 cognomentum
1405 1539 1469 1571 hoc
1507 1547 1545 1571 ut

845 1583 992 1616 infame:
1025 1586 1240 1618 Domitianus
1275 1593 1387 1619 autem
1422 1599 1547 1630 cogno-

845 1640 996 1665 mentum
1017 1636 1136 1666 0οιιὶοὶ
1152 1637 1291 1668 videtur
1307 1639 1466 1679 accipere
1486 1650 1544 1671 no—

846 1685 959 1724 luisse,
976 1691 1014 1716 ut
1029 1686 1177 1725 ignobile
1194 1694 1252 1718 aut
1267 1688 1456 1721 ridiculum.
1470 1692 1543 1722 Mu-

844 1736 992 1766 sambert.
1015 1737 1124 1767 Datur
1137 1737 1257 1777 laurea]
1269 1739 1332 1769 Vel
1346 1740 1546 1772 Domitiano

845 1785 977 1824 victori,
1005 1787 1058 1816 vel
1086 1788 1198 1827 potius
1224 1787 1304 1819 Jovi
1335 1789 1543 1829 Capitolino.

842 1836 982 1866 Sueton.
1010 1836 1042 1866 in
1069 1837 1282 1869 Domitiano:
1308 1837 1388 1870 ‘De
1413 1840 1546 1872 Sarma-

844 1885 886 1916 tis
920 1886 1068 1917 lauream
1101 1886 1201 1918 modo
1237 1888 1432 1928 Capitolino
1463 1891 1544 1923 Jovi

842 1936 985 1967 retulit.’
1026 1937 1086 1968 Sil.
1101 1937 1244 1969 Italicus
1263 1939 1320 1969 lib.
1335 1941 1384 1971 15.
1431 1941 1440 1957 ‘
1457 1941 1543 1972 Lau-

842 1996 983 2028 rumque
1010 1989 1191 2029 superbam
1218 1989 1260 2021 In
1296 1991 1423 2030 gremio
1447 1992 1544 2024 Jovis

841 2037 965 2069 excisis
988 2038 1161 2079 deponere
1184 2040 1326 2071 Poenis.¹
1347 2041 1439 2074 Plin.
1455 2043 1477 2075 1.
1494 2047 1546 2075 15.

843 2097 872 2119 0.
897 2089 958 2121 ult.
987 2092 995 2106 ‘
1014 2090 1137 2122 Fasces
1163 2090 1414 2132 Imperatorum
1443 2094 1543 2127 deco-

842 2148 910 2169 ras.
955 2139 1007 2170 Ex
1035 2140 1085 2170 his
1117 2141 1151 2171 in
1176 2142 1307 2182 gremio
1331 2143 1429 2176 Jovis
1459 2144 1545 2186 Opt-

843 2189 939 2219 Max.
978 2188 1177 2231 deponitur,
1213 2193 1349 2232 quoties
1386 2193 1542 2226 laetitiam

843 2247 929 2269 nova
951 2240 1097 2270 victoria
1130 2242 1272 2274 attulit!
1316 2244 1424 2275 Parta
1454 2245 1541 2276 enim

844 2289 986 2320 victoria
1011 2289 1121 2321 fasces
1136 2292 1203 2332 ipsi
1224 2293 1318 2324 lauro
1334 2294 1544 2327 decoraban-

844 2344 910 2370 tur.
956 2338 1070 2380 Atque
1093 2340 1156 2371 buc
1183 2343 1371 2382 pertinent,
1407 2344 1416 2360 ‘
1434 2342 1544 2376 fasces

841 2390 1010 2430 laureati,'
1018 2395 1054 2421 et
1067 2392 1076 2407 ⁴
1086 2391 1223 2422 lictores
1233 2393 1401 2424 laureati.’
1409 2394 1543 2426 Her-am.

886 2442 988 2472 EPIG.
1008 2450 1067 2472 111.
1092 2444 1107 2472 l
1125 2441 1235 2481 Sexte,
1247 2442 1318 2483 iffa]
1330 2444 1540 2486 Sextusjac-

842 2492 936 2521 tabat
953 2500 989 2521 se
1005 2491 1087 2521 nibil
1102 2492 1259 2532 cuiquam
1275 2492 1413 2525 debere.
1449 2495 1541 2525 Mar-

841 2542 932 2572 tialis
945 2541 1302 2581 hominisjactantiam
1312 2543 1392 2583 joco
1405 2544 1540 2576 subsan-

842 2596 913 2630 nat,
929 2596 1030 2632 atque
1045 2601 1081 2622 se
1094 2591 1127 2622 id
1150 2593 1290 2624 credere
1307 2594 1368 2634 ait,
1384 2595 1540 2636 quoniam

843 2642 868 2671 is
886 2646 1016 2671 tautum
1031 2641 1149 2682 debet,
1177 2643 1233 2684 qui
1260 2649 1375 2683 potest
1397 2645 1539 2676 solvere.

842 2692 960 2721 Domit.
986 2692 1076 2722 Vere
1101 2693 1215 2733 jactat
1244 2703 1279 2724 se
1302 2695 1384 2725 nihil
1416 2695 1540 2726 debere

843 2743 900 2782 qui
938 2751 1004 2773 non
1052 2748 1103 2775 est
1153 2744 1335 2789 solvendo:
1377 2745 1541 2777 debitoris

1383 2802 1399 2828 ’1
1428 2799 1453 2829 (3
