1866 3131
417 178 466 208 M.
502 178 610 207 VAL.
644 174 920 206 MAR'PIALIS
959 176 1116 205 El’lGR.
1152 177 1244 206 LIB⁴
1284 177 1350 206 IV.

153 272 288 305 Gallum
310 272 492 313 quendam,
511 271 600 312 quod
618 280 688 302 rem
706 280 781 302 cum
799 279 858 300 no-

153 333 256 353 verca
283 323 361 353 vivo
389 326 487 363 patre
513 321 700 360 habuisset,
723 325 757 351 et
780 330 858 351 ean-

154 373 230 404 dem
247 378 378 404 mortuo
396 378 492 413 patre
508 372 693 403 retineret:
713 371 859 402 desumit

155 425 385 464 conjecturam
402 423 444 454 ab
457 434 508 462 eo,
523 423 626 464 quod,
639 428 758 453 contra
779 430 857 452 con-

154 475 366 506 suetudinem
381 474 529 505 omnium
547 473 789 513 privignorum,
799 481 857 503 no-

154 536 289 557 vei-cam
305 526 394 556 domi
416 525 592 556 retineret.
616 524 772 554 Ramires.

199 581 214 608 l
240 578 440 616 Privignum,
465 575 534 615 ⁸5⁶]
565 575 719 616 Suspicio
745 579 781 606 et
807 584 860 606 ru-

154 638 227 658 mor
245 633 320 659 crat
336 627 408 667 tibi,
424 632 523 667 patre
539 626 629 665 vivo,
656 626 731 666 plus
755 624 859 656 officii

153 688 211 709 seu
241 678 437 710 commercii
462 676 567 708 fuisse
596 687 671 707 cum
699 685 860 716 noverca,

155 740 255 771 quam
271 729 360 770 quod
377 729 567 769 privignum
583 728 737 759 deceret.

197 783 216 811 3
242 780 314 810 Non
342 783 458 820 tamen,
494 779 562 820 θα]
585 779 674 811 Vide
714 780 778 820 Ep.
807 782 860 811 75.

158 831 180 862 1.
198 834 229 864 1.

195 884 214 911 4
242 881 414 921 Nusquam,
427 880 498 920 8502]
520 881 678 911 Mortuus
707 885 783 912 est:
805 881 856 911 ul-

153 936 207 963 tra
222 941 348 963 morem
365 937 479 963 tamen
490 941 671 963 novercam
685 931 774 962 domi
789 935 855 963 tnae

155 983 297 1013 retines.

195 1036 215 1062 6
242 1033 286 1063 Te
311 1033 467 1070 defendat,
493 1033 563 1073 δῖα]
591 1033 660 1064 Per
685 1031 854 1064 adulatio-

152 1091 230 1114 nem
263 1082 420 1113 Ciceroni
451 1084 641 1124 aequiparat
676 1084 710 1114 in
750 1084 859 1115 causis

152 1135 305 1167 dicendis
325 1135 511 1176 Regulum:
536 1137 578 1168 de
602 1147 669 1179 quo
697 1147 788 1178 saepe
807 1147 860 1169 su-

155 1196 231 1227 pra.

195 1239 215 1267 7
251 1237 335 1268 Nam
362 1247 440 1276 quae,
466 1236 535 1276 Bra]
571 1236 664 1268 Rara
694 1236 858 1278 privignis

154 1296 230 1318 cum
260 1287 415 1318 novercis
444 1287 652 1319 concordia:
686 1297 762 1318 curn
797 1288 862 1319 ita-

154 1347 220 1379 que
258 1338 349 1368 elato
394 1342 491 1378 patre
529 1348 709 1370 novercam
755 1337 862 1379 feras,

154 1392 251 1420 certe
268 1388 409 1430 propior
437 1388 486 1419 illi
514 1398 588 1420 eras
614 1399 713 1431 quam
738 1390 862 1431 privig-

156 1448 230 1470 nns.

200 1491 303 1522 Eme.
319 1499 416 1521 xvu.
439 1493 458 1521 3
478 1490 583 1522 Malus
598 1501 640 1527 es,
668 1491 738 1532 Sym]
764 1492 859 1524 Malo

155 1541 264 1572 animo
281 1546 316 1572 et
332 1542 409 1572 dolo
423 1541 506 1573 facis
528 1542 603 1581 lioc,
627 1547 676 1582 ut,
691 1553 745 1574 ine
762 1544 859 1575 rivali

155 1592 306 1629 excluso,
324 1593 414 1625 solus
430 1591 552 1623 fruaris
569 1593 730 1632 Lycisca.

200 1642 301 1673 Eme..
319 1651 429 1673 xvnr.
454 1643 504 1672 De
522 1652 616 1682 puero
639 1643 859 1684 stillicitlioju-

152 1692 277 1732 galato]
305 1693 484 1724 Describit
510 1693 736 1724 miserandum
762 1696 858 1735 pueri

155 1752 282 1782 casum,
299 1743 354 1784 qui
371 1743 552 1774 decidente
569 1743 664 1774 stiria
679 1744 859 1784 jugulatus

155 1798 220 1824 est.

199 1848 214 1874 l
242 1844 331 1875 Pluit
344 1844 450 1884 porta]
474 1844 625 1884 Capena.
643 1845 705 1885 Ep.
722 1848 775 1877 47.
794 1846 815 1878 l.
830 1849 861 1879 3.

155 1898 285 1925 vers.l.
336 1894 494 1934 Vipsanis]
522 1895 575 1925 De
602 1895 754 1935 Vipsana
784 1907 861 1938 por-

154 1946 238 1984 ticu,
255 1949 391 1976 centum
409 1945 571 1976 columnis
597 1955 770 1986 suspensa,
792 1946 861 1978 ‹lic-

155 2000 226 2026 tum
251 2000 304 2026 est
331 1995 372 2025 ad
391 1995 508 2035 Epigr.
537 1998 587 2026 19.
614 1995 671 2026 lib.
690 1999 722 2026 3.
748 1997 860 2028 Etiam

153 2047 225 2087 ejus
251 2046 406 2086 porticus
437 2046 592 2077 meminit
620 2047 798 2079 Plutarch.
825 2050 859 2080 in

154 2096 287 2129 Galba:
312 2097 372 2127 Τοῦ
386 2097 410 2127 δ’
430 2096 580 2137 Ἰλλυρίου
592 2096 752 2136 τάγματος
768 2100 799 2130 ἐν
821 2101 862 2141 τῇ

153 2146 324 2188 καλουμένῃ
357 2146 491 2178 παστάδι
520 2147 657 2187 Βαψανῖα
688 2159 861 2189 στρατοπε-

153 2196 304 2228 δεύοντος.
361 2198 519 2228 Porticus
550 2199 623 2230 haec
648 2209 666 2229 a
695 2200 745 2231 Μ.
776 2201 860 2240 Vip-

155 2247 246 2278 sanio
265 2246 422 2288 Agrippa
442 2253 651 2281 constructa.
698 2251 763 2291 Ep.
790 2255 861 2282 109.

153 2299 241 2330 libro
259 2302 288 2330 1.
305 2309 392 2330 vers.
409 2303 441 2332 2.
459 2305 494 2332 et
510 2301 574 2341 Ep.
588 2304 638 2333 14.
656 2302 715 2334 lib.
729 2306 761 2335 2.
776 2313 860 2335 vers.

158 2354 190 2383 9.

195 2401 380 2432 2Lubricus
396 2402 488 2443 lapis]
513 2403 615 2444 Lapis
639 2409 779 2445 stratus,
804 2415 862 2447 pa-

156 2451 354 2491 vimentum,
371 2462 461 2484 area.

198 2506 218 2534 4
244 2503 424 2542 Proegravis
437 2504 519 2534 undu
537 2504 623 2546 gelu]
656 2507 771 2538 Stiriae
801 2517 860 2549 pe-

156 2552 329 2594 riphrasis.

196 2608 214 2634 5
242 2604 388 2644 Cumque,
404 2604 474 2645 6⁶⁶2]
499 2605 652 2647 Cumque
670 2606 859 2639 occidisset

156 2664 314 2686 miserum
333 2665 486 2695 puerum.

195 2708 215 2736 6
242 2705 351 2737 Tabuit
368 2706 400 2737 in
426 2707 524 2737 calido
549 2708 670 2739 vulnere
687 2719 789 2740 mucro
813 2713 858 2740 te-

1498 166 1612 208 1199

908 270 978 310 ner]
1003 271 1123 302 Soluta
1139 276 1190 303 cst
1203 273 1316 304 calore
1333 271 1481 303 vulneris
1504 272 1619 311 stiria,

910 321 1006 361 cujus
1034 322 1140 360 acies,
1164 333 1229 353 non
1259 332 1356 354 secus
1387 326 1489 364 atque
1518 321 1614 360 ferri,

911 371 1249 411 puerunijugulamt.

954 425 973 452 8
996 422 1198 462 Sijugulntis
1213 426 1313 465 uquoe]
1337 425 1371 455 Si
1389 435 1462 466 quae
1490 429 1612 456 natura

910 474 1029 504 molles
1057 478 1134 504 sunt
1162 483 1271 515 aquae,
1312 475 1413 506 ctiam
1444 476 1614 517 jugulent.

910 523 1093 564 Antholog.
1116 524 1175 554 lib.
1189 527 1219 555 1.
1236 534 1311 565 cap.
1333 524 1383 557 Εἷς
1408 527 1619 567 Δυσπραγῖας,

910 580 946 607 et
962 578 992 607 3.
1021 575 1208 616 Antholog.
1257 577 1369 606 Flacci
1410 577 1453 608 de
1479 579 1613 608 'l'liracc

911 635 1029 667 puero,
1041 626 1159 666 Epigr.
1175 625 1278 656 habes
1293 626 1371 658 huic
1387 629 1570 667 geminum.

954 678 1061 708 EPm.
1086 686 1165 708 X1x.
1198 676 1314 708 Mittit
1329 677 1370 707 ad
1388 679 1532 709 amicum
1557 689 1616 710 en-

911 728 1112 767 dromidem,
1130 736 1230 769 quam
1249 728 1414 759 describit
1431 739 1450 759 a
1466 730 1614 769 nominc,

912 779 997 817 loco,
1013 782 1049 809 et
1066 776 1211 817 effectis,
1228 777 1260 808 id
1279 782 1346 817 est,
1378 788 1452 810 usn⁴
1498 779 1543 810 Et
1572 779 1615 811 de

911 839 953 860 ea
970 829 1028 860 ub.
1043 831 1096 861 14.
1125 829 1334 869 Epigramm.
1353 831 1425 860 126.

955 884 971 912 1
994 880 1088 911 Hauc
1102 880 1252 920 tibi‚⁸sc.]
1269 880 1411 911 Vestem
1423 880 1510 911 hanc
1525 890 1614 912 cras-

911 941 996 971 sam,
1019 931 1196 970 hirsutam,
1211 935 1248 962 et
1263 931 1429 970 villosam,
1446 936 1576 964 textam
1595 942 1615 963 a

912 980 1050 1012 foemina
1067 981 1272 1022 Sequanica,
1289 982 1507 1021 Burgundica.
1534 983 1617 1014 Tex-

911 1032 1016 1072 tricis]
1041 1031 1240 1063 Lanificium
1269 1032 1360 1073 apud
1373 1033 1530 1074 Veteres,
1554 1032 1614 1065 fce—

912 1085 1077 1116 minarum
1126 1085 1241 1125 fuisse,
1290 1085 1501 1117 notissimum
1549 1091 1614 1118 est.

911 1135 1091 1166 Alumnam
1108 1141 1207 1167 vocat
1219 1146 1292 1167 eam
1312 1141 1452 1177 vestem,
1480 1137 1614 1177 elegan-

913 1185 938 1216 ti
954 1187 1174 1227 metaphora3
1198 1187 1302 1228 quod,
1327 1187 1613 1228 quemadmodum

912 1236 1057 1267 alnmnae
1095 1247 1114 1267 a
1151 1237 1342 1268 nutricibus
1372 1238 1546 1269 alerentur
1579 1243 1615 1269 et

913 1286 1156 1326 educerentur,
1171 1286 1220 1317 sic
1237 1292 1271 1318 et
1289 1297 1419 1328 pannus
1437 1298 1456 1318 a
1469 1289 1614 1320 textrice

913 1337 1104 1377 augebatur
1116 1341 1152 1368 et
1168 1336 1390 1368 educebatur.
1415 1338 1509 1371 Ram.

956 1391 975 1418 2
994 1388 1071 1423 Quae
1087 1388 1368 1427 Lacedoemonium,
1381 1388 1453 1428 ἦα]
1470 1388 1500 1420 Α
1515 1389 1613 1421 Grae-

914 1439 960 1469 cis
991 1448 1112 1469 nomen
1129 1439 1203 1479 ejus
1228 1438 1329 1470 fluxit
1346 1449 1412 1470 una
1434 1449 1511 1471 cum
1538 1451 1615 1481 usu,

914 1489 983 1531 qui,
999 1488 1175 1520 calefactis
1187 1499 1300 1529 cursu,
1315 1490 1489 1530 palaestra,
1505 1491 1615 1532 sphae—

913 1550 961 1578 ra,
979 1545 1067 1581 erat,
1084 1550 1125 1571 ne
1146 1540 1411 1581 refrigescerent
1427 1552 1435 1580 ;
1461 1543 1614 1582 quamvis

913 1600 934 1620 a
962 1590 1070 1621 Gallis
1095 1590 1170 1631 (qui
1187 1595 1257 1621 tum
1281 1592 1441 1622 Romanis
1464 1592 1616 1634 barbari)

913 1641 1048 1681 copiose
1067 1642 1207 1672 Romam
1229 1641 1410 1673 mittantur
1426 1643 1477 1674 hae
1495 1648 1616 1674 vestes.

955 1693 974 1721 3
1000 1690 1150 1730 Sordida]
1179 1692 1376 1732 Iuelegans‚
1389 1698 1507 1733 uncta,
1522 1703 1612 1724 cras-

915 1751 962 1779 sa,
978 1742 1123 1782 pinguis.

955 1795 975 1823 4
1013 1791 1230 1832 Peregrinam,
1259 1793 1329 1833 &ej
1367 1794 1548 1834 Gallicam,
1578 1800 1615 1826 ut

915 1843 1013 1873 modo
1030 1846 1060 1874 2.
1098 1844 1305 1879 Endromida]
1330 1845 1382 1875 Ex
1400 1845 1432 1875 ἐν
1455 1850 1491 1877 et
1506 1846 1613 1886 δρόμος

915 1893 1052 1924 videtur
1066 1892 1227 1932 deducta,
1245 1895 1376 1926 ratione
1396 1896 1498 1927 modo
1522 1897 1615 1927 dicta

915 1943 948 1974 in
965 1953 1051 1974 vers.
1068 1947 1100 1975 2.
1118 1944 1207 1985 quod
1226 1955 1266 1976 eo
1297 1956 1422 1986 genere
1440 1948 1559 1986 vestis,
1583 1948 1614 1978 ἐν

914 1993 1022 2035 δρόμῳ,
1053 1994 1085 2025 id
1112 2000 1177 2035 est,
1203 1995 1237 2025 in
1265 2005 1364 2027 cursu
1390 2001 1425 2029 et
1453 1998 1614 2039 palaestra

915 2049 1109 2076 uterentur.

956 2098 974 2125 5
1000 2094 1061 2125 Seu
1077 2095 1205 2136 lentum,
1229 2096 1300 2136 thu]
1332 2098 1399 2129 Seu
1423 2099 1551 2131 luctam
1579 2105 1613 2132 et

915 2146 1111 2185 palaestram
1150 2156 1326 2179 exerceas.
1380 2149 1466 2181 Vide
1494 2151 1612 2191 Epigr.

915 2199 967 2227 57.
994 2196 1099 2227 lib.3.
1130 2201 1261 2228 vers.4.
1313 2199 1443 2240 Incipit
1473 2211 1612 2233 narrare

914 2247 1119 2278 endromidis
1137 2248 1327 2281 utilitates:
1352 2252 1474 2290 prima,
1488 2257 1523 2283 ut
1536 2258 1613 2292 post

914 2300 1040 2330 luctam
1058 2310 1098 2330 ea
1117 2301 1187 2340 tegi
1211 2302 1329 2341 possit,
1351 2313 1393 2334 ne
1416 2304 1502 2335 ae'ris
1520 2304 1613 2344 frigi-

914 2353 1023 2384 ditate
1048 2357 1123 2393 post
1146 2353 1301 2384 sudorem
1325 2355 1481 2388 laedatur.
1527 2359 1612 2390 Tum

914 2409 952 2435 ut
983 2409 1057 2444 post
1077 2404 1151 2444 pilae
1169 2404 1282 2434 ludum
1301 2405 1388 2436 idem
1404 2407 1510 2446 possit
1526 2418 1612 2448 prae-

914 2459 1015 2485 stare.
1034 2455 1177 2485 Ceroma
1191 2464 1272 2495 ergo
1286 2461 1335 2486 est
1347 2462 1554 2497 unguentum
1569 2469 1611 2490 ex

913 2506 1000 2544 oleo,
1015 2515 1104 2544 cera,
1120 2511 1153 2536 et
1165 2506 1318 2546 pulvere.
1339 2507 1486 2549 Lentum]
1502 2510 1611 2542 Molle

912 2561 971 2587 aut
986 2557 1165 2588 viscosum.
1201 2557 1304 2598 Ter-is]
1329 2559 1505 2592 Luctando
1523 2566 1610 2593 atte-

914 2607 958 2638 ris
968 2606 1134 2638 affrictuni
1147 2608 1293 2648 corpori.
1304 2609 1387 2640 Rau.
1410 2611 1611 2653 Tepidumve]

913 2659 1012 2691 Quod
1031 2658 1188 2690 ludentes
1205 2669 1245 2690 eo
1263 2660 1295 2691 in
1313 2661 1459 2692 calorem
1477 2664 1605 2695 solvat:

914 2710 965 2739 vel
992 2708 1080 2750 quod
1108 2709 1180 2749 ipsa
1209 2712 1278 2751 pila
1308 2709 1478 2753 frequenti
1507 2715 1611 2754 agita-
