1866 3131
428 177 477 208 M.
513 178 620 206 mh.

160 268 253 298 vestis
269 268 312 299 sit
328 269 400 300 sola
413 270 528 309 vestis,
541 270 632 301 nulla
653 270 718 301 alia
740 280 777 302 re
801 271 860 302 ad-

160 319 280 351 hibita.
303 319 359 351 Sic
369 320 429 351 lib.
447 322 497 353 10.
516 321 633 361 Epigr.
647 324 700 352 75.
734 322 742 338 ‘
757 322 859 361 Spor-

159 371 229 400 tula
255 379 315 401 nos
339 371 457 411 junxit
492 370 737 412 quadrantibus
765 371 860 402 arida

164 421 330 453 centum!

202 475 221 502 2
243 472 369 503 Ultimis
383 472 474 512 ceris]
497 472 626 504 Ultimo
640 475 860 511 testamento,

158 523 211 552 vel
229 522 294 553 ima
308 532 388 553 cera
407 523 614 563 testamenti,
636 533 711 554 curn
743 524 776 554 in
793 525 858 564 pri-

159 573 274 603 oribus
290 574 498 604 nominasset
512 574 593 604 alios
608 573 762 605 heredes.

200 626 219 654 4
243 624 416 661 Mortuum,
441 622 511 663 ὅπη]
536 623 640 664 Cujus
670 629 779 655 morte
809 625 858 656 ni-

156 673 200 703 liil
218 679 344 714 praeter
361 675 474 705 restim
489 674 530 705 ad
547 685 622 706 eum
636 675 787 714 devenit,
801 686 857 706 cu-

153 725 210 764 jus
235 730 378 757 mortem
395 725 616 766 expectabat,
639 731 675 757 et
702 725 792 757 forte
815 736 858 758 ne

155 780 358 815 expectarat
383 777 532 817 quidem.
557 777 644 807 Vide
670 777 787 817 Epigr.
805 780 857 809 10.

157 825 215 856 lib.
229 829 261 857 3.

199 876 304 907 Eme.
342 885 442 908 Lxxr.
473 878 641 910 Queritur
667 878 857 918 puellarum

158 928 382 958 Romanarum
417 927 631 967 facilitatem,
662 937 704 958 ex
736 928 856 969 quibus

155 977 294 1015 nullam,
339 988 414 1019 quae
454 984 610 1019 negaret,
657 978 859 1015 invenerat;

156 1027 242 1057 adeo
271 1032 307 1058 ut
328 1037 370 1059 ne
398 1033 503 1059 castae
531 1028 681 1070 quidem,
703 1030 855 1069 quamvis

153 1086 220 1107 non
256 1077 392 1118 darent,
428 1088 495 1109 non
534 1084 646 1110 tamen
680 1084 857 1120 negarent.

153 1127 313 1158 Rama-es.

193 1180 213 1208 2
237 1177 275 1209 Si
290 1188 349 1218 qua
362 1178 480 1218 puella]
498 1179 689 1219 Negantem
708 1180 855 1220 puellam

153 1228 329 1268 quaerebat
345 1229 388 1259 ob
402 1239 477 1259 eam
492 1239 658 1269 caussam,
673 1231 761 1270 quod
776 1229 855 1261 faci-

151 1278 231 1308 litas
250 1279 280 1308 in
297 1279 408 1309 dando
425 1279 550 1309 satiare
563 1280 682 1318 soleat,
698 1284 737 1311 ut
752 1290 855 1320 supra

151 1328 240 1359 dixit
259 1329 373 1369 Epigr.
389 1332 442 1360 38.
472 1331 481 1347 ‘
494 1329 605 1366 Galla,
620 1340 728 1369 nega;
754 1330 855 1361 satia-

153 1382 207 1409 tur
225 1378 339 1418 Amor,
353 1380 413 1410 nisi
430 1379 553 1419 gandia
570 1380 756 1421 torquent.’

194 1432 213 1461 3
238 1430 371 1462 Fusnon
386 1431 443 1470 sit]
463 1431 597 1461 Natura
613 1441 685 1463 sua.

193 1483 213 1511 4
237 1481 342 1512 Liceat
355 1492 366 1518 ;
387 1483 482 1522 nulla,
497 1482 761 1522 ssc.]Facu1tate
776 1483 854 1513 alic-

151 1542 204 1564 na.
251 1533 357 1565 Quasi
373 1535 427 1564 vel
441 1544 482 1564 ex
493 1544 552 1565 sua
564 1539 687 1565 natura
701 1534 854 1575 iniquum

151 1585 206 1614 vel
224 1589 321 1624 turpe
345 1585 388 1615 sit
411 1595 556 1624 negare:
583 1585 636 1615 vel
663 1585 706 1615 ad
730 1594 854 1624 negau-

151 1635 228 1664 ‹lum
247 1644 439 1666 concessam
456 1645 522 1666 non
545 1635 691 1666 habeant
717 1634 854 1666 faculta-

152 1689 231 1715 tem.
257 1685 410 1715 Καινήν-εδ.

191 1739 212 1766 6
236 1736 308 1766 Non
336 1735 406 1775 dat]
431 1735 639 1767 Mercedem.
688 1736 766 1774 Vel,
790 1745 854 1766 non

150 1787 242 1816 ultro
267 1787 337 1825 dat,
351 1786 409 1816 sed
428 1791 545 1827 rogata
561 1796 625 1817 non
643 1795 746 1826 negat
761 1797 769 1817 :
796 1796 853 1816 un-

149 1837 192 1868 de
209 1843 350 1878 apparet
375 1847 490 1868 verum
518 1847 591 1868 esse
615 1837 700 1867 illud
726 1837 853 1877 Ovidii,

149 1888 158 1904 ⁴
173 1888 276 1918 Casta
292 1891 344 1917 est
358 1896 454 1927 quam
473 1896 571 1917 nemo
590 1886 744 1927 rogavit!

190 1938 294 1968 Eme.
310 1945 427 1968 Lxxu.
451 1937 571 1968 Tacite
595 1937 711 1967 sordes
726 1937 853 1978 aliquo-

148 1998 221 2019 rum
248 1987 469 2028 reprehendit
498 1988 559 2018 sub
588 1988 759 2026 Quinct0;
783 1988 852 2029 qui,

147 2049 250 2080 quum
282 2038 382 2069 animi
419 2048 539 2069 caussa
570 2038 689 2069 Poetae
717 2038 851 2069 libellos

149 2093 346 2130 expeteret,
360 2098 486 2130 paucos
512 2092 625 2119 tamen
655 2089 850 2129 impendere

145 2138 180 2169 in
197 2148 272 2170 eam
289 2149 360 2170 rem
387 2148 541 2169 nummos
567 2138 760 2170 recusabat.
785 2140 850 2170 Ra-

147 2188 251 2219 mires.

189 2241 209 2268 2
234 2238 409 2278 Bibliopola
427 2239 584 2280 Tryphon]
599 2239 718 2271 Clarus
731 2239 851 2280 praefa-

149 2287 241 2319 tione
279 2288 500 2320 Quintiliani:
536 2293 572 2320 et
599 2289 663 2330 Ep.
687 2293 718 2322 3.
749 2291 772 2321 l.
800 2293 850 2321 13.

150 2348 239 2370 vers.
255 2342 286 2369 2.

189 2392 209 2420 4
229 2390 302 2420 Tam
311 2388 420 2431 fatue]
443 2390 509 2423 Qui
525 2400 632 2422 emam
650 2401 766 2432 nugas.
785 2393 850 2423 Nec

146 2440 218 2481 ego]
245 2441 311 2472 Qui
339 2441 461 2472 donem
491 2441 606 2474 fatuo:
632 2444 748 2484 Epigr.
776 2447 850 2475 118.

147 2492 205 2524 lib.
225 2495 252 2523 l.
268 2502 355 2524 vers.
373 2495 425 2523 ll.

189 2543 294 2574 EP1G.
322 2552 453 2575 Lxxui.
477 2543 629 2576 Atticum
659 2547 851 2586 Vestinum,

147 2593 249 2625 filium
294 2594 383 2625 illins
423 2595 566 2634 Vestini,
606 2606 703 2638 quem
744 2599 851 2635 Nero,

144 2645 329 2683 consulem,
369 2645 602 2678 immerentem
633 2649 769 2687 occidit,
813 2654 850 2679 ut

146 2698 265 2730 scribit
298 2698 407 2729 Tacit.
437 2699 560 2729 Annal.
592 2702 642 2730 15.
680 2700 796 2731 laudat
832 2710 851 2729 a

147 2749 363 2787 liberalitate,
399 2759 463 2789 qua
506 2749 538 2779 in
579 2755 731 2781 extremo
769 2750 848 2780 vitae

233 2803 343 2842 Daph.
358 2806 385 2833 et
406 2803 479 2835 Var.
497 2803 580 2834 Clas.

656 178 929 208 MAst'rlALts
967 181 1126 211 EPIGR.
1164 183 1254 212 [AB.
1288 184 1351 213 lv.

795 2804 941 2835 Murtird.

1498 175 1611 218 1217

911 272 1034 312 spiritu
1051 284 1127 305 curn
1154 276 1268 308 amicis
1294 287 1371 308 usus
1399 282 1465 318 est,
1490 279 1612 319 quibus

909 322 1060 362 ingentia
1086 325 1201 357 divisit
1221 327 1333 359 dona:
1359 339 1426 370 quo
1454 328 1546 362 facto
1572 331 1611 361 li-

911 372 991 403 bens
1007 373 1168 407 decessit.
1196 377 1397 411 Ramiresius.

955 427 970 454 l
999 424 1116 456 Gravis
1146 429 1315 469 extremas]
1354 429 1460 461 Gravi
1493 430 1612 462 morbo

910 471 1066 506 affectus.
1118 475 1357 519 Vestinch‚ts·c.]
1383 480 1487 511 Filius
1499 481 1612 512 Vesti-

909 524 955 563 ni,
972 526 1027 565 qui
1044 526 1077 556 in
1093 528 1270 558 consulatu
1297 535 1426 569 praeter
1441 532 1576 572 culpam
1593 542 1612 563 a

908 575 1045 607 Nerone
1061 578 1144 608 mori
1156 578 1274 618 jussus
1290 585 1356 611 est.

950 630 969 657 4
986 627 1129 659 Stamina
1148 629 1251 668 pulla]
1278 631 1397 671 Nigra,
1423 642 1496 673 quae
1524 642 1612 664 rnor-

908 681 977 708 tem
1005 678 1197 710 minentur:
1224 681 1343 721 Epigr.
1370 685 1422 713 58.
1444 682 1501 713 lib.
1517 687 1548 713 ὓ.
1575 687 1613 714 nt

907 734 1028 760 contra
1043 732 1051 747 ‘
1066 729 1165 768 alba,’
1187 730 1244 762 ubi
1275 731 1374 761 vitam
1400 731 1519 763 Parcae
1538 742 1614 772 pro-

908 780 1059 811 trahunt.
1096 781 1223 813 Juven.
1256 781 1327 813 Sat.
1359 785 1409 814 12.
1436 792 1522 814 vers.
1560 787 1638 814 65.>

907 830 1016 870 Pulla]
1049 831 1137 862 Sunt
1168 831 1225 872 qui
1253 832 1382 872 legant,
1410 834 1505 873 nigra
1522 845 1532 864 .-
1555 835 1611 864 alii

905 882 1004 913 nulla.

949 935 967 962 5
991 932 1066 962 Jam
1080 932 1139 964 sibi
1158 932 1334 973 injunctus]
1359 933 1437 965 Non
1453 933 1535 965 vitae
1553 934 1612 965 de-

906 981 1033 1014 siderio
1057 993 1185 1014 moram
1216 985 1301 1015 lianc
1331 985 1466 1025 orabat,
1490 986 1551 1016 sed
1576 991 1613 1017 ut

908 1032 994 1064 bona
1009 1044 1068 1065 sua
1085 1035 1201 1065 amicis
1213 1034 1396 1066 divideret.

948 1087 968 1114 8
987 1085 1072 1116 Mori
1085 1085 1200 1125 senem]
1219 1086 1324 1117 Morti
1344 1090 1536 1117 maturum:
1562 1087 1611 1118 sic

909 1135 1026 1175 Epigr.
1040 1139 1093 1167 53.
1110 1137 1168 1167 lib.
1182 1139 1233 1166 10.

949 1185 1055 1217 Eme.
1079 1194 1208 1217 Lxxw.
1235 1187 1288 1217 De
1319 1186 1425 1217 damis
1451 1187 1485 1217 in
1510 1197 1612 1218 arena

905 1234 1056 1265 adversis
1082 1235 1252 1267 frontibus
1275 1237 1309 1266 in
1333 1247 1369 1266 se
1393 1241 1512 1268 mutuo
1535 1247 1612 1268 con-

904 1285 1131 1325 currentibus,
1146 1286 1277 1317 dictum
1291 1297 1405 1326 supra,
1419 1287 1540 1327 Epigr.
1556 1291 1611 1318 35.

948 1339 965 1367 l
998 1337 1154 1377 Imbelles]
1181 1337 1406 1378 Elegantibus
1434 1339 1611 1369 antithetis

904 1386 967 1417 hoc
997 1386 1165 1418 distichon
1203 1389 1363 1420 ornavit:
1400 1389 1610 1428 ‘Imbelles‚’

903 1437 912 1452 ‘
924 1435 1027 1468 fortia
1042 1438 1168 1469 Praelia
1180 1438 1201 1469 :’
1213 1439 1359 1470 ‘timidis
1373 1438 1476 1475 feris,’
1488 1439 1612 1480 ‘quan-

904 1487 1027 1520 taira.'

946 1540 966 1568 4
982 1538 1081 1569 Mitte
1089 1539 1192 1579 canes]
1203 1538 1234 1570 A
1247 1539 1418 1580 paradoxo
1433 1551 1441 1570 ε
1458 1540 1610 1576 canibus,

904 1587 960 1626 qni
977 1588 1059 1618 alias
1077 1588 1184 1620 damis
1201 1590 1306 1620 exitio
1328 1595 1419 1628 sunt,
1447 1590 1610 1629 immissis,

906 1638 1084 1669 dirimetur
1101 1639 1254 1678 praelium
1271 1639 1444 1670 damarum
1468 1639 1510 1670 ad
1534 1650 1612 1680 per-

905 1687 1027 1718 niciem
1057 1688 1147 1718 inter
1175 1699 1209 1719 se
1239 1688 1445 1720 furentium:
1472 1690 1521 1721 sic
1546 1691 1610 1731 Ep.

904 1739 959 1768 49.
976 1737 1033 1768 lib.
1051 1740 1080 1768 l.

948 1788 1053 1818 Eric.
1085 1796 1195 1819 Lxxv.
1235 1787 1366 1820 Laudat
1390 1788 1566 1829 Nigr-inam
1592 1801 1611 1821 a

905 1837 1112 1868 liberalitate
1136 1838 1170 1868 in
1186 1839 1355 1879 maritum,
1379 1839 1434 1870 cui
1458 1841 1610 1880 imperti-

904 1892 979 1917 erat
1008 1893 1168 1927 paternos
1195 1898 1337 1927 census;
1365 1896 1610 1932 comparatque

904 1947 979 1967 eain
995 1947 1071 1968 cum
1087 1938 1228 1968 Euadne
1246 1943 1282 1970 et
1296 1939 1447 1980 Alceste,
1471 1951 1553 1982 quas
1578 1946 1609 1976 ei

906 1987 1098 2028 postponit;
1124 1989 1214 2030 quod
1231 1989 1298 2021 illae
1316 2000 1464 2022 amorem
1482 1992 1514 2022 in
1531 2002 1608 2023 con-

900 2041 996 2082 juges
1023 2046 1132 2072 morte
1150 2051 1222 2082 sua,
1242 2042 1316 2074 haec
1340 2042 1410 2073 sine
1426 2048 1536 2075 morte
1553 2043 1609 2075 de-

903 2091 1118 2122 monstravit.
1142 2092 1300 2125 Ramires.

946 2144 960 2172 l
985 2141 1100 2172 Animo
1127 2142 1251 2183 marito,
1276 2143 1344 2183 Esou]
1369 2143 1458 2184 Tuo,
1487 2144 1519 2174 id
1545 2149 1609 2185 est,

903 2191 983 2223 vitae
1010 2198 1091 2231 tuae,
1118 2203 1192 2234 quae
1218 2194 1272 2224 vel
1298 2194 1368 2225 sine
1394 2195 1513 2225 animae
1540 2199 1606 2226 tnae

895 2243 1031 2282 jactura
1062 2243 1135 2283 plus
1162 2244 1284 2275 marito
1311 2244 1482 2285 profuisti,
1505 2255 1606 2286 quam

903 2293 1043 2323 Euadne
1066 2298 1100 2323 et
1118 2292 1266 2326 Alcestis
1294 2305 1355 2335 pro
1380 2300 1416 2326 et
1439 2305 1516 2327 cum
1537 2297 1606 2327 suis

901 2344 1110 2374 morientes:
1147 2353 1290 2386 namque
1320 2350 1357 2376 tu
1385 2347 1508 2377 marito
1536 2353 1606 2388 tuo,

900 2394 953 2424 cni
971 2394 1044 2433 lege
1072 2403 1138 2424 non
1161 2394 1259 2425 licuit
1282 2395 1521 2433 patrimonium
1546 2407 1606 2427 ux-

901 2445 965 2474 oris
990 2444 1156 2474 caducum
1185 2445 1405 2487 participare,
1432 2457 1450 2477 e
1474 2457 1540 2488 qua
1566 2448 1605 2478 li-

901 2494 998 2524 beros
1014 2504 1077 2525 non
1093 2500 1321 2535 procreasset,
1346 2496 1533 2528 liberaliter
1548 2498 1607 2529 im-

902 2546 1045 2585 pertiisti
1070 2556 1088 2575 a
1114 2549 1208 2584 patre
1232 2546 1293 2576 tibi
1319 2547 1455 2578 relictos
1480 2558 1606 2585 census,-

900 2597 946 2626 sic
971 2597 1059 2626 enim
1076 2597 1163 2627 malo
1180 2598 1294 2638 legere
1309 2608 1407 2640 quain
1427 2610 1544 2637 sensus,
1568 2605 1605 2632 ut

902 2648 1012 2688 vulgo.

944 2701 963 2728 2
998 2698 1108 2729 Gloria
1133 2698 1251 2739 prima]
1281 2700 1432 2731 Gloriam
1462 2701 1602 2741 primam

903 2750 1052 2789 appellat
1070 2760 1161 2780 more
1180 2760 1257 2789 suo;
1275 2751 1352 2792 quia
1377 2753 1602 2785 eminentissi-

1434 2808 1452 2836 4
1482 2807 1515 2836 H
