1866 3131
238 182 251 221 1
263 181 347 222 270·

235 287 350 317 loricae
381 285 581 325 Domitiani,
612 294 632 317 a
660 286 932 327 comparatione:

235 338 433 368 durissimas
457 336 580 367 habent
603 336 703 368 Getae
727 337 860 374 loricas,
877 337 936 368 dn-

235 388 305 418 rior
314 393 366 418 est
381 392 493 418 tamen
504 386 690 417 Domitiani
702 387 821 418 lorica.
848 388 938 420 Quia

234 448 317 477 ergo
334 439 428 469 Mars
446 448 465 468 a
484 438 582 469 Getis
598 437 771 477 oriundus,
791 444 936 469 armatu·

235 498 306 519 ram
321 489 368 519 illi
386 488 496 519 Poeta
518 487 675 519 Geticam
697 493 792 519 recte
815 488 935 518 induit.

235 538 354 569 Rader.

277 591 296 620 3
319 589 449 630 AEtoloe]
471 588 526 620 Ab
554 588 674 621 AEtolis
698 589 846 620 inventae
869 589 937 620 lan-

234 650 325 671 ceae:
352 641 418 679 vel,
432 641 600 682 Meleagri
616 641 720 673 AEtoli
734 642 863 672 lanceae
879 641 936 672 im-

233 691 493 732 penetrabilem.
538 692 700 732 Securam]
730 691 843 723 Ictum
872 701 936 723 non

235 743 423 773 timentem.

277 796 297 824 4
324 793 456 833 Texuit]
480 792 532 823 An
563 793 668 823 lorica
690 792 763 822 haec
792 793 937 834 squamis

235 844 337 875 aeneis
367 845 503 885 api-inas
541 844 683 884 ungulas
724 843 938 874 imitantibus

235 900 394 926 conserta
410 895 494 926 fuit?
521 904 561 926 an
584 904 626 925 ex
641 894 727 925 veris
744 894 876 934 ungulis
895 893 937 924 ad

235 947 458 978 imitationem
482 947 727 984 Sarmatarum,
754 945 823 986 qni,
849 950 939 976 teste

235 997 406 1027 Pausania
425 995 484 1027 lib.
510 999 535 1027 l.
561 1005 602 1026 ex
619 996 754 1036 ungulis
772 995 937 1033 collectis,

233 1046 354 1077 loricas
367 1047 663 1078 instardraconum
676 1056 849 1087 squameas
861 1056 939 1077 con-

234 1097 399 1128 suebant?
447 1098 607 1128 Innumeri
618 1097 702 1137 apri]
724 1097 938 1138 Synecdoch.

233 1148 399 1179 innumeri
414 1158 541 1190 ungues
557 1158 725 1189 aprorum.
772 1148 939 1188 Lam—icus]

235 1199 383 1231 Politus.

279 1254 296 1281 5
323 1251 416 1282 Felix
442 1255 525 1282 sorte
547 1251 616 1291 tua]
643 1250 673 1282 O
699 1250 836 1282 felicem
861 1252 938 1282 lori—

235 1311 329 1340 cam;
357 1312 422 1333 non
436 1308 503 1333 tam
516 1302 604 1343 qnod
621 1308 687 1332 tam
699 1301 796 1333 firma
812 1308 846 1333 et
858 1303 940 1334 dura

235 1352 387 1392 videare,
414 1362 512 1393 quam
543 1352 628 1392 quod
655 1362 732 1383 mox
759 1363 777 1384 a
804 1354 940 1385 Caesare

235 1402 388 1441 induere,
402 1408 436 1433 et
450 1403 622 1433 caelestem
637 1412 675 1433 ac
689 1403 837 1434 divinum
851 1404 940 1435 illins

236 1453 381 1484 animum
417 1453 620 1484 continebis.
679 1452 940 1494 S‹1crum....Dei]

236 1503 437 1542 Domitiani,
452 1503 507 1544 qui
531 1513 567 1533 se
586 1503 696 1544 ipsum
715 1504 826 1535 Deum
843 1514 943 1535 voca-

237 1553 308 1585 bat.

278 1608 297 1635 7
327 1606 367 1635 Et
383 1614 521 1644 magnos,
539 1604 606 1644 4502]
642 1605 686 1634 Et
708 1604 940 1635 Domitianum

235 1656 438 1686 incolumem
458 1655 600 1686 restitue
625 1655 710 1693 urbi,
734 1655 941 1695 triumphan-

234 1711 315 1745 tem,
332 1707 481 1746 palmata
505 1706 657 1736 indutum
683 1709 782 1745 toga:
815 1706 869 1736 cni
891 1706 939 1736 in-

235 1755 442 1787 texebantur
455 1755 604 1786 victoriae
622 1765 698 1786 cnm
715 1757 852 1786 ramulis
869 1758 940 1797 pal-

234 1815 376 1836 marum.

278 1858 298 1886 8
321 1856 548 1896 Palmataeque]
560 1856 743 1896 Dionysius
756 1857 938 1896 palmatam

237 1907 385 1937 tunicam
402 1906 601 1946 χρυσόσημον
625 1916 759 1946 semper
775 1907 940 1947 appellat,

236 1957 299 1987 lioc
328 1963 394 1994 est,
422 1967 503 1987 auro
530 1957 710 1993 clavatam,
740 1957 794 1987 vel
821 1967 940 1988 aureos

237 2008 351 2038 clavos
376 2007 571 2038 habentem³
619 2007 821 2037 Communes
853 2008 940 2038 enim

237 2057 468 2088 Romanorum
493 2057 617 2087 tnnieae
634 2057 720 2087 albae
739 2063 849 2096 erant,
866 2068 942 2097 pur-

237 2117 322 2149 pura
337 2108 494 2147 clavat‘ae,
510 2117 590 2148 quas
603 2108 767 2147 palmatas
783 2108 944 2140 dicebant

238 2159 439 2189 aclavorum
463 2157 668 2188 latitudine:
697 2163 814 2198 postea
831 2164 942 2189 tamen

239 2213 273 2239 et
305 2209 386 2248 ipsae
413 2218 545 2249 quoque
577 2208 671 2248 pingi
696 2214 886 2248 coepernnt,
910 2215 944 2240 et

239 2259 399 2299 palmatoe
419 2258 484 2288 dici
502 2269 520 2288 a
538 2258 683 2298 picturae
702 2268 840 2298 genere,
855 2260 942 2300 quod

239 2311 367 2350 palmas
404 2310 538 2340 scilicet
579 2310 728 2340 intextas
766 2310 942 2342 haberent.

238 2362 425 2401 Postquam
443 2370 521 2401 ergo
538 2364 573 2391 et
590 2361 714 2391 tunicae
733 2370 867 2401 quoque
885 2361 943 2392 tri-

240 2411 416 2451 umphales
435 2411 527 2451 pingi
545 2415 668 2451 coeptae
685 2417 776 2448 sunt,
793 2416 827 2442 et
845 2421 863 2441 a
875 2411 943 2451 pic-

240 2465 325 2491 turae
348 2465 547 2499 argumento
562 2461 721 2500 palmatae
739 2467 816 2492 sunt
831 2461 944 2501 appel-

242 2513 335 2549 latae,
363 2511 441 2541 inde
472 2510 601 2541 factum
626 2516 692 2550 est,
721 2515 760 2542 ut
783 2517 817 2543 et
843 2512 942 2552 pictis

242 2562 329 2601 togis
348 2562 409 2592 lioc
425 2561 513 2592 idem
530 2562 672 2592 nominis
688 2561 883 2602 donaretur,
910 2567 944 2593 et

242 2613 399 2651 palmata:
414 2612 537 2651 passim
548 2611 631 2651 ipsae
643 2618 857 2643 vocarentur.
875 2611 945 2642 Sal-

242 2671 318 2693 mas,
360 2661 425 2692 Sed
442 2661 609 2692 Brodaeus
628 2663 711 2701 vult,
724 2672 797 2693 eam
816 2666 944 2693 vestem

243 2714 261 2740 3
284 2712 406 2750 palma,
423 2711 456 2741 id
474 2716 535 2751 est,
549 2712 700 2750 victoria,
715 2722 836 2743 nomen
853 2713 945 2742 inve-

245 2761 341 2792 nisse.
392 2762 652 2802 Palnzutoelogoe]
682 2763 945 2803 Triumpliantes

695 191 831 221 No'rAE
867 191 1085 220 VAMoRL'
1098 192 1127 219 31
1179 192 1228 219 IN

987 292 1022 317 et
1053 286 1188 317 thensas
1216 286 1380 318 ducentes
1408 296 1449 317 ea
1481 285 1687 318 utebantur:

986 337 1083 369 Jovis
1113 338 1228 368 tunica.
1267 337 1370 368 dicta.
1426 337 1631 378 Tarquinius
1669 347 1688 370 a

987 388 1103 418 Tuscis
1126 388 1259 428 accepit
1279 388 1423 419 tunicam
1442 389 1637 428 palmatam,
1654 393 1689 419 et

986 448 1118 469 omnem
1135 439 1236 470 alium
1255 438 1533 478 triumphantium
1547 439 1689 476 cultum,

988 493 1025 519 ut
1043 490 1162 520 Florus
1178 495 1211 520 et
1229 489 1284 520 alii
1309 489 1491 521 tradidere.
1538 489 1622 520 Erat
1649 498 1691 519 ea

988 550 1157 581 purpurea
1185 546 1220 571 et
1235 550 1337 571 aureo
1354 540 1423 571 lato
1445 540 1544 570 clavo
1556 544 1691 578 ornata,

987 591 1076 621 unde
1103 597 1139 622 et
1163 591 1312 631 palmata
1334 590 1427 622 dicta
1443 594 1506 626 est,
1533 589 1611 630 quia
1625 590 1692 621 cla-

988 651 1048 672 vus
1067 651 1187 672 aurens
1219 641 1322 681 palmi
1349 639 1583 681 magnitudine
1604 645 1692 679 erat,

988 692 1014 722 si
1032 692 1134 722 Festo
1149 691 1244 722 fides.
1270 690 1434 732 Χρύσημον
1449 690 1564 722 Graeci
1576 691 1692 732 appel-

987 742 1072 772 lant.
1099 742 1231 773 Rubens.

1031 793 1137 824 Eme.
1169 802 1227 824 111.
1274 797 1290 825 1
1318 794 1383 824 Cur
1407 803 1467 824 non
1493 792 1597 828 mitto,
1624 791 1692 832 Esca]

988 844 1183 875 Verebatur
1207 844 1320 876 Poe'ta
1335 854 1377 875 ne
1402 844 1618 876 Pontilianus
1635 843 1693 873 be-

988 893 1146 926 neficium
1164 895 1331 926 maleficio
1346 899 1596 934 compensaret,
1613 893 1693 924 sibi—

987 955 1052 986 que
1070 955 1130 986 pro
1153 946 1223 976 suis
1249 946 1344 977 bonis
1374 945 1529 976 mitteret
1547 944 1694 985 pessima

989 996 1252 1036 Epigrammata.
1269 996 1324 1027 Sic
1339 996 1394 1027 lib.
1413 1000 1443 1026 5.
1461 995 1579 1035 Epigr.
1598 997 1650 1025 73.

1033 1048 1137 1078 EP1G.
1161 1056 1210 1077 iv.
1257 1051 1273 1078 1
1300 1048 1385 1078 Mali
1399 1045 1523 1085 coloris]
1555 1045 1694 1075 Valetu-

989 1097 1139 1128 dinarius
1169 1103 1204 1129 et
1227 1097 1347 1128 morbo
1378 1097 1536 1138 pallidus.
1575 1096 1693 1136 Epigr-

988 1151 1042 1180 42.
1060 1148 1117 1179 lib.
1130 1151 1162 1180 6.
1182 1158 1268 1180 vers.
1287 1152 1316 1180 2.

1032 1202 1051 1229 2
1081 1199 1195 1229 Versus
1206 1199 1350 1238 scribere,
1366 1198 1433 1238 25⁸⁶]
1462 1198 1527 1228 Vel
1544 1197 1621 1228 hinc
1640 1206 1697 1226 no-

989 1259 1066 1280 men
1097 1250 1310 1290 pretiumque
1342 1248 1454 1289 poe'tae
1494 1254 1695 1288 aucupatus,

990 1300 1079 1340 quod
1095 1301 1234 1340 palleat,
1259 1305 1294 1330 ut
1312 1299 1473 1330 credatur
1490 1297 1603 1328 studio
1620 1307 1695 1327 cru-

991 1351 1052 1382 dus
1079 1361 1117 1381 ac
1145 1350 1301 1392 pallidus.
1329 1349 1492 1389 ‘Decipit
1523 1347 1696 1387 exemplar

992 1401 1081 1432 vitiis
1107 1400 1294 1439 imitabile3
1329 1399 1417 1440 quod
1458 1399 1485 1429 si
1523 1398 1693 1428 Pallerem

993 1461 1083 1491 casu,
1117 1451 1274 1482 biberent
1312 1458 1467 1489 exangue
1492 1448 1698 1480 cuminumz'

994 1502 1116 1532 Horat.
1134 1501 1246 1541 Epist.
1266 1502 1316 1531 19.
1332 1499 1389 1530 lib.
1408 1501 1438 1530 1.

1049 1553 1154 1583 EPJG.
1190 1561 1224 1581 v.
1288 1550 1414 1590 Palpat
1452 1548 1696 1585 Domitianum,

993 1612 1091 1643 quem
1120 1600 1315 1632 incredibili
1352 1599 1522 1630 desiderio
1555 1608 1697 1639 exspec-

993 1654 1057 1684 tari
1076 1653 1159 1683 dicit
1177 1662 1195 1682 a
1211 1652 1332 1692 patria.
1377 1650 1411 1681 Si
1429 1655 1463 1681 te
1487 1649 1637 1680 charitas
1654 1650 1699 1681 ci-

993 1706 1082 1735 vium
1114 1709 1247 1735 tuorum
1279 1707 1415 1740 movet3
1439 1701 1465 1731 si
1490 1701 1633 1732 Senatus
1662 1705 1700 1732 et

992 1755 1098 1795 plebis
1122 1759 1202 1785 vota
1228 1763 1293 1785 non
1326 1752 1483 1793 negligis,
1508 1751 1580 1782 redi
1596 1752 1629 1782 in
1643 1761 1697 1782 ur-

993 1805 1080 1836 benh

1034 1859 1054 1886 2
1081 1855 1188 1895 Togae]
1222 1855 1346 1886 Gentis
1370 1854 1699 1894 togata’‚Ronianae.

1036 1908 1054 1935 3
1080 1905 1193 1941 Deum,
1210 1903 1278 1944 Suu]
1301 1904 1366 1941 Te,
1394 1914 1412 1933 ο
1438 1904 1566 1934 Domit.
1613 1903 1697 1933 Invi-

993 1957 1045 1986 det
1075 1954 1169 1994 hosti]
1195 1954 1293 1986 Quod
1321 1959 1379 1984 tua
1403 1953 1527 1984 fruitur
1552 1962 1698 1993 praesen-

996 2006 1053 2035 tia.

1036 2058 1053 2085 4
1086 2054 1197 2084 Veniat
1216 2055 1331 2092 laurea,
1346 2053 1413 2093 ξω]
1449 2053 1522 2084 Etsi
1544 2063 1698 2093 magnam

996 2105 1141 2136 referres
1173 2105 1363 2142 victoriam,
1397 2103 1559 2134 laureatis
1589 2103 1698 2133 literis

994 2154 1226 2195 significatam,
1253 2157 1316 2184 διο.
1345 2158 1380 2184 nt
1405 2154 1522 2194 Epigr.
1540 2163 1612 2194 seq.
1631 2154 1700 2183 lau-

996 2215 1086 2235 ream
1113 2206 1210 2235 simul
1236 2205 1277 2235 de
1303 2205 1466 2235 Sarmatis
1484 2205 1698 2235 Domitianus

996 2258 1108 2289 intulit
1124 2257 1202 2289 Jovi
1221 2257 1429 2298 Capitolino.

1038 2312 1055 2338 5
1081 2307 1444 2347 TerrurumDominum]
1470 2308 1520 2338 En
1535 2317 1698 2347 caussam,

994 2367 1054 2389 cur
1077 2358 1164 2388 hosti
1192 2359 1299 2388 Roma
1323 2358 1488 2397 invideat,
1515 2358 1595 2399 quia
1611 2367 1698 2398 prae-

993 2413 1126 2438 sentem
1162 2407 1254 2438 videt
1292 2408 1476 2438 Dominum
1515 2414 1551 2439 et
1588 2408 1698 2438 Deum

994 2464 1157 2488 nostrum.
1205 2457 1278 2498 Ille]
1310 2458 1440 2489 Hostis.

1037 2510 1056 2537 6
1083 2507 1240 2546 Terretur,
1267 2508 1335 2548 ξω]
1379 2509 1485 2539 Vultu
1525 2507 1630 2539 hostis
1662 2513 1698 2540 et

994 2559 1144 2590 victoris.
1190 2560 1338 2601 Fruitur]
1363 2561 1470 2591 Vultu
1491 2561 1643 2601 specioso
1661 2567 1698 2592 et

995 2615 1138 2649 angusto
1154 2610 1233 2640 Dei.

1038 2660 1141 2691 EP1G.
1159 2669 1208 2690 Π.
1255 2660 1307 2691 De
1331 2661 1444 2692 reditu
1466 2661 1621 2699 Caesaris,
1636 2661 1698 2699 ait,

996 2710 1117 2749 passim
1146 2719 1298 2741 rumores
1322 2714 1448 2751 spargi,
1481 2711 1538 2742 sed
1569 2710 1697 2751 absque

997 2764 1157 2799 auctore,
1174 2767 1270 2801 rogat
1288 2761 1469 2801 Caesarem,
1484 2766 1519 2792 ut
1536 2761 1608 2801 ipse
1621 2770 1698 2791 auc·
