1866 3131
257 180 367 221 1420

301 284 405 314 Eric.
423 290 522 313 mlx.
557 281 716 313 Paullum
734 292 881 318 avarum,
899 282 961 320 ait,

257 335 370 364 ornari
395 334 436 364 ab
464 333 594 371 amicis,
619 333 677 362 sed
701 333 826 364 amicos
850 342 916 363 non
943 342 961 363 a

257 386 391 416 Paullo.
415 384 711 417 Quemadmodum
726 384 865 425 antiqua
882 393 962 424 ope-

257 447 296 467 ra
327 436 524 476 poculorum
556 442 591 466 et
621 436 811 466 tabularum
843 440 964 465 ornant

257 487 393 528 quidem
410 486 597 525 dominum,
614 486 671 516 sed
690 497 708 516 a
731 486 867 517 domino
884 485 965 515 nihil

258 538 454 578 accipiunt:
485 538 533 568 ita
565 538 663 568 ainici
691 548 709 568 a
737 537 859 568 Paullo
884 537 964 567 nihil

258 587 416 619 beneficii
435 588 663 628 accipiebant.
691 588 773 618 Raa.

302 642 318 670 l
344 639 399 670 Sic
410 642 580 679 tamquam,
596 639 666 679 &ej
690 639 784 672 Quos
804 642 963 679 tanquam

258 697 462 722 ornamenta
481 695 647 726 ostentet,
664 699 730 720 non
748 689 867 729 quibus
892 693 964 719 uta-

259 746 326 773 tur.
363 743 418 773 De
432 741 627 781 archetypis
647 740 722 770 vide
739 739 839 780 Epig.
854 741 885 770 6.
898 738 921 769 l.
935 741 964 769 8.

259 802 347 823 vers.
366 795 394 822 l.

303 842 406 873 Eme.
423 850 508 872 Lxx.
533 840 628 880 Aper
645 839 766 878 tenuis,
782 839 815 869 in
835 838 965 869 balneis

260 892 534 933 reprehendebat
549 892 661 921 luxum
680 890 871 930 potantium
886 900 893 919 ε
919 890 966 919 in-

260 944 359 974 terim
380 943 485 983 legati
502 943 533 973 ei
550 941 647 972 fuere
673 946 880 972 testamento
897 945 965 970 tre-

261 994 353 1024 centi
371 994 511 1032 nummi,
526 1002 607 1033 quos
624 993 681 1023 ille
699 992 814 1023 statim
833 991 863 1020 in
882 990 966 1021 doli-

260 1054 316 1075 um
333 1044 502 1081 coutulit3
528 1043 708 1083 ebriusque
724 1052 742 1073 e
759 1041 897 1072 thermis
924 1050 966 1070 ae·

261 1104 321 1135 gre
335 1094 470 1124 domum
490 1093 603 1124 rediit.
630 1094 785 1124 Raderus.

307 1148 321 1176 1
347 1143 477 1184 Lintea]
516 1144 600 1175 Cum
630 1144 724 1175 tenui
752 1153 791 1173 ac
824 1142 967 1182 pauperi

261 1195 356 1236 Apro
373 1195 405 1225 in
419 1195 548 1226 balneis
566 1196 691 1225 lavanti
708 1194 861 1225 servulus
879 1193 966 1231 vilis,

262 1245 476 1286 pedibusque
500 1245 646 1276 obtortis
671 1244 777 1275 ferret
793 1245 901 1274 lintea
924 1243 966 1274 ad

259 1296 473 1336 tergendum.
522 1295 631 1326 Ferret
652 1295 752 1335 Apro]
778 1295 965 1335 Postquam

263 1347 352 1377 enim
378 1347 409 1376 in
436 1346 566 1376 balneis
594 1347 761 1384 laverant,
786 1346 863 1376 oleo
892 1354 966 1375 sese

262 1396 528 1437 perfundebant,
545 1402 581 1426 et
597 1396 801 1436 quandoque
816 1405 967 1435 unguen-

263 1454 298 1479 to
317 1448 498 1487 beatiores,
514 1458 552 1478 ac
570 1447 682 1477 linteis
711 1452 831 1486 postea
855 1451 967 1483 terge-

263 1500 358 1538 bant,
374 1509 446 1540 quae
466 1499 565 1528 domo
581 1497 645 1528 sibi
667 1496 856 1528 adferenda
872 1506 968 1527 cura-

265 1550 358 1581 bant.
405 1549 509 1589 Apul.
527 1549 585 1579 lib.
604 1552 633 1579 1.
659 1548 803 1578 Metam.
828 1547 895 1578 Sed
913 1547 969 1578 be·

264 1602 392 1632 atiores
418 1600 705 1640 delicatioresque
734 1609 772 1630 ac
802 1599 971 1628 molliores

264 1652 397 1682 mollius
410 1652 647 1691 tergebantur.
665 1649 864 1681 Petronius:
881 1651 889 1664 ⁶
902 1648 971 1678 Ita-

265 1712 331 1743 que
356 1703 555 1732 intravimus
579 1701 752 1738 balneum,
780 1704 816 1730 et
847 1699 970 1729 sudore

265 1751 439 1790 calefacti,
455 1756 625 1782 momento
643 1751 806 1790 temporis
823 1749 864 1780 ad
876 1749 969 1789 frigi-

266 1803 344 1833 dam
356 1804 497 1833 eximus.
513 1802 592 1834 Jam
604 1800 807 1831 Trimalchio
820 1809 970 1839 unguen-

268 1859 303 1884 to
322 1853 480 1893 perfusus
505 1852 717 1891 tergebatur,
744 1860 808 1880 non
834 1850 970 1887 linteis;

268 1905 328 1935 sed
346 1904 458 1944 palliis
475 1913 518 1933 ex
540 1902 736 1933 mollissima
751 1902 829 1931 lana
845 1899 970 1931 factis)

269 1956 403 1986 Herald.
455 1952 579 1992 Vatius]
603 1953 611 1970 ⁶
627 1952 751 1982 Vatius
765 1951 773 1963 '
791 1960 871 1991 ergo
888 1951 971 1982 dici-

268 2011 325 2037 tur
340 2006 396 2046 qui
413 2004 568 2035 distortis
584 2008 637 2034 est
654 2002 806 2043 pedibus·

309 2059 330 2088 2
354 2057 400 2087 Et
424 2065 518 2095 supra
540 2055 698 2092 togulam,
724 2053 792 2093 ξω]
818 2053 864 2083 Et
882 2056 971 2092 togae

268 2107 356 2148 Apri
375 2106 538 2137 insideret
555 2105 649 2135 lusca
664 2114 746 2134 anus
771 2113 846 2144 quae
864 2108 973 2134 custo-

269 2157 386 2189 diebat
407 2161 520 2187 vestes
543 2155 730 2186 lavantium
753 2153 916 2195 repositas
939 2153 972 2183 in

270 2207 471 2250 apodyterio
487 2217 530 2237 ne
545 2205 830 2236 subducerentur.

315 2263 333 2290 3
358 2261 459 2299 Atque
474 2258 534 2288 olei
548 2257 680 2296 stillam,
703 2255 774 2296 ἔγω]
804 2256 850 2287 Et
866 2254 974 2286 berni-

271 2320 349 2341 osus
362 2309 515 2340 servulus
528 2313 674 2339 uncturo
684 2306 779 2348 Apro
793 2315 895 2347 parce
908 2305 974 2337 dis-

273 2360 397 2391 tillaret
416 2360 540 2390 oleum.

314 2414 333 2441 4
351 2411 488 2442 Udorum
498 2409 638 2447 tetricus,
645 2407 713 2449 ὅτ]
728 2407 822 2449 Aper
832 2406 975 2439 lavanti-

273 2473 328 2493 um
345 2463 460 2492 luxum
472 2460 575 2501 quiin
593 2459 721 2490 balneis
733 2459 911 2499 potabant,
923 2467 974 2489 as·

274 2523 356 2554 pere
369 2509 874 2552 reprehendebat,frangendos
885 2509 972 2539 scili-

274 2569 331 2594 cet
340 2562 475 2602 calices,
484 2560 518 2591 id
530 2565 592 2599 est,
602 2569 668 2590 non
680 2558 908 2590 admittendas
920 2568 974 2599 po-

275 2614 433 2644 tationes,
478 2616 486 2629 ⁶
501 2613 728 2643 Detestautur
739 2611 811 2640 haec
823 2611 856 2641 in
868 2608 975 2641 felici-

276 2663 351 2703 bus,
362 2663 479 2694 eadem
492 2662 518 2692 si
533 2661 722 2702 potuerint,
732 2659 882 2691 facturi!
894 2660 973 2691 Seu.

277 2714 398 2746 Benef.
427 2714 487 2745 lib.
505 2717 534 2744 1.
558 2722 634 2753 cap.
663 2713 694 2742 9.
727 2712 806 2742 ‘Sic
833 2711 974 2742 aliorum

278 2764 369 2795 vitiis
406 2765 612 2802 irascuntur,
649 2762 743 2803 quasi
781 2762 975 2793 invideant.'

727 187 867 217 No'rffi
903 186 1164 216 [titionum
1203 187 1250 214 ΙΝ

1013 281 1101 311 Plin.
1121 281 1184 321 Ep.
1199 284 1251 311 22.
1270 279 1327 313 lib.
1342 283 1372 311 8.
1419 281 1463 311 Et
1479 289 1539 321 pro
1550 281 1601 320 qui
1618 280 1716 319 modo,

1011 332 1100 362 forte
1117 332 1252 371 legend.
1264 332 1308 362 sic
1318 332 1423 361 mado.-
1447 332 1605 371 aut‚quorl
1616 331 1713 360 modo.

1013 383 1068 414 Sic
1101 382 1279 413 ‘biberet'
1303 382 1398 421 dicit,
1425 391 1499 412 nam
1525 382 1558 412 in
1586 380 1714 411 balneis

1013 434 1115 465 etiam
1135 433 1308 464 bibebant.

1057 488 1077 515 6
1102 484 1232 515 Biberet
1253 484 1305 524 qui
1319 484 1405 515 modo
1421 482 1516 523 Iulus]
1538 480 1579 512 Τὸ
1601 481 1610 498 ‘
1624 480 1717 512 bibe-

1015 535 1088 567 ret’
1128 535 1365 576 accipiendum
1405 545 1466 575 per
1503 534 1716 564 intellectum

1016 587 1195 628 particulae
1219 589 1227 604 ‘
1241 587 1272 617 Si
1285 586 1305 624 3⁷
1330 586 1411 617 utin
1429 585 1499 622 illo,
1521 585 1530 600 ‘
1544 584 1609 615 Illa
1623 583 1717 620 velit,

1015 639 1144 679 poterit
1164 648 1301 678 magnes
1325 646 1392 668 non
1418 637 1544 667 ducere
1567 633 1720 672 ferrum,'

1015 689 1049 720 id
1068 695 1131 729 est,
1147 689 1172 719 si
1190 689 1246 719 illa
1264 688 1357 719 velit.
1402 688 1459 718 Sic
1473 686 1569 724 dicit,
1583 687 1610 716 si
1623 684 1718 716 bibe·

1016 746 1082 778 ret,
1119 740 1176 781 qui
1215 740 1313 770 modo
1353 740 1441 769 lotus
1478 742 1564 776 erat,
1601 746 1717 777 eques.

1016 792 1157 822 Frustra
1174 791 1277 830 igitur
1293 788 1597 827 Gruterus‚biberet
1614 789 1640 818 si
1655 798 1718 818 mo-

1015 843 1065 880 clo,
1078 846 1136 871 aut
1146 841 1223 881 quod
1241 841 1325 870 modo
1343 840 1493 871 Gronov.

1059 894 1078 922 7
1102 891 1180 922 Sene
1196 892 1260 927 scd,
1276 890 1343 931 Bra]
1374 890 1440 922 Qui
1459 890 1605 920 moriens
1624 887 1720 929 Apro

1016 943 1193 983 legaverat
1223 947 1428 973 testamento
1455 943 1528 971 300.
1552 949 1719 970 nummos.

1018 994 1187 1033 Postquam
1202 992 1324 1032 venere]
1353 991 1520 1022 ‘Venire'
1544 991 1598 1022 hic.
1619 990 1722 1031 signi-

1016 1044 1113 1082 ficat,
1141 1043 1241 1074 alicui
1281 1042 1458 1081 obvenire,
1496 1042 1718 1082 contingere:

1018 1095 1067 1126 sie
1090 1095 1230 1125 ‘venire
1257 1093 1374 1125 alicui'
1401 1093 1527 1124 dicitur
1557 1092 1722 1122 ‘baeredi-

1019 1145 1094 1176 tas!
1140 1144 1249 1175 Porro
1275 1145 1302 1175 si
1321 1145 1413 1183 legas
1435 1144 1564 1174 trecenti
1591 1142 1721 1179 nummi,

1018 1205 1083 1226 non
1101 1201 1200 1225 erunt
1225 1195 1289 1225 nisi
1314 1195 1431 1225 decem
1449 1193 1568 1224 floreni
1586 1204 1593 1224 :
1618 1193 1645 1223 si
1659 1196 1720 1222 tre-

1016 1250 1118 1284 centa,
1144 1245 1285 1276 subaudi
1308 1245 1414 1275 millia
1439 1244 1643 1280 sestertium,
1658 1243 1721 1272 hoc

1018 1303 1083 1336 est,
1101 1296 1218 1327 decem
1232 1296 1336 1326 millia
1353 1294 1568 1326 florenorum.
1613 1294 1723 1325 Malui

1018 1357 1099 1387 ergo
1110 1351 1247 1378 trecenta
1263 1347 1398 1386 legere:
1418 1346 1518 1376 docet
1532 1345 1619 1376 enim
1635 1344 1723 1375 Poe*-

1019 1402 1054 1428 ta
1069 1397 1197 1437 Aprum
1210 1401 1287 1437 post
1298 1401 1473 1435 acceptam
1483 1394 1722 1424 haereditatem

1019 1457 1037 1478 a
1055 1453 1189 1487 patruo,
1212 1456 1278 1477 non
1301 1447 1443 1486 amplius
1467 1444 1568 1475 fuisse
1596 1454 1722 1484 paupe-

1022 1507 1104 1528 rem.
1129 1498 1261 1528 Salmas.
1286 1497 1367 1528 Rad.
1417 1494 1580 1535 Trecenta]
1606 1495 1723 1525 Omni-

1022 1560 1066 1580 no
1093 1549 1288 1589 legeudnm,
1312 1559 1378 1579 non
1397 1549 1538 1579 trecenti.
1583 1547 1649 1578 Sed
1675 1552 1725 1578 ta-

1021 1611 1096 1631 men
1112 1601 1242 1631 trecenti
1264 1599 1389 1630 nummi
1418 1608 1482 1628 non
1511 1604 1587 1628 sunt
1605 1597 1724 1628 decem

1021 1650 1153 1689 ssoreni,
1185 1660 1245 1681 nec
1273 1654 1425 1686 trecenta,
1457 1650 1574 1679 ‹lecem
1608 1648 1724 1679 millia.

1023 1701 1161 1732 Trecenti
1176 1707 1253 1731 sunt
1268 1706 1336 1730 tres
1348 1700 1440 1729 aurei
1456 1699 1612 1729 Romani.
1658 1698 1726 1729 Au-

1021 1762 1097 1784 reus
1116 1761 1201 1783 xxv.
1225 1752 1355 1782 denarii
1373 1752 1442 1781 sive
1461 1750 1636 1790 schelliugi
1654 1760 1726 1780 nos-

1022 1804 1079 1841 tri,
1095 1803 1160 1833 duo
1178 1803 1352 1843 Philippei
1369 1809 1403 1832 et
1425 1801 1633 1832 dimidiatus.
1666 1801 1727 1832 Er-

1023 1864 1076 1894 go,
1090 1861 1219 1894 septem
1234 1853 1352 1884 floxeni
1369 1858 1404 1884 et
1420 1852 1626 1884 dimidiatus.
1653 1853 1727 1883 Tre-

1020 1906 1103 1937 centi
1118 1915 1195 1936 vero
1212 1905 1336 1935 nummi
1353 1905 1422 1934 sive
1437 1904 1542 1943 aurei,
1556 1912 1650 1934 xxlt.
1667 1902 1726 1933 flo-

1022 1956 1093 1987 reni
1127 1960 1163 1986 et
1200 1956 1298 1986 unius
1326 1955 1513 1985 dimidium.
1577 1955 1726 1984 Trecenta

1022 2006 1182 2037 sestertia
1197 2010 1328 2045 septem
1339 2004 1632 2044 milliaquingenti
1646 2004 1724 2034 Phi-

1022 2057 1142 2097 lippei,
1158 2057 1221 2086 hoc
1249 2060 1314 2094 est,
1340 2054 1457 2095 viginti
1481 2054 1546 2085 duo
1571 2054 1675 2085 millia
1693 2062 1728 2086 et

1023 2107 1201 2149 quingenti
1217 2104 1348 2137 floreni.

1066 2161 1085 2189 8
1110 2157 1238 2189 Sobrius
1252 2167 1270 2186 α
1283 2156 1422 2194 thermis,
1433 2155 1503 2196 esc]
1522 2155 1614 2196 Aper
1630 2156 1727 2187 modo

1023 2208 1056 2239 in
1073 2217 1109 2238 re
1126 2206 1220 2238 tenui
1236 2212 1305 2238 tam
1322 2206 1433 2247 gravis
1450 2216 1572 2237 censor
1593 2206 1730 2237 damna-

1024 2263 1146 2298 torque
1165 2257 1378 2298 potationum
1396 2257 1429 2287 in
1449 2256 1591 2295 balneis,
1605 2258 1676 2298 jain
1694 2258 1727 2288 in

1024 2318 1061 2339 re
1078 2309 1252 2349 aliquanto
1264 2307 1396 2339 lautiori
1411 2307 1555 2339 mutavit
1569 2308 1729 2347 animum,

1023 2360 1138 2392 factus
1170 2360 1249 2391 bibo
1276 2359 1316 2390 ad
1348 2359 1562 2390 ebrietatem.
1623 2359 1727 2390 Multi

1025 2420 1105 2442 sane
1123 2421 1163 2441 ea
1191 2410 1446 2450 reprehendunt
1477 2416 1512 2441 et
1536 2410 1727 2441 tristissime

1023 2462 1197 2501 damnant,
1223 2472 1312 2502 quae,
1333 2461 1359 2492 si
1392 2465 1546 2501 possent,
1573 2460 1727 2492 labentes

1023 2511 1192 2543 facerent.
1234 2511 1395 2542 Invident
1418 2512 1570 2552 plerique
1596 2512 1726 2542 beatis:

1023 2568 1060 2594 et
1078 2563 1157 2593 vitia
1172 2563 1205 2592 in
1231 2563 1270 2593 iis
1296 2561 1502 2602 improbant,
1529 2572 1604 2603 quae
1621 2563 1683 2602 ipsi
1701 2563 1727 2592 si

1023 2613 1064 2644 ad
1081 2613 1255 2643 beatorum
1269 2622 1404 2653 gregem
1420 2613 1729 2643 transcriberentur

1025 2664 1294 2695 ambitiosissime
1307 2664 1472 2694 colerent.
1494 2663 1584 2693 Vere
1596 2663 1728 2693 Seneca

1025 2715 1083 2746 lib.
1103 2718 1133 2746 l.
1149 2715 1191 2745 de
1208 2713 1329 2745 Benef.
1343 2723 1419 2754 cap.
1437 2716 1468 2744 9.
1492 2713 1501 2729 ‘
1516 2713 1664 2752 Colunt,’
1680 2713 1727 2743 in-

1026 2766 1112 2807 quit,
1136 2767 1144 2783 ‘
1164 2765 1448 2805 detestanturque
1472 2762 1624 2803 felicem,
1651 2768 1685 2794 et
1701 2764 1728 2794 si
