1866 3131
220 180 332 221 '1218

218 295 308 316 mum
320 284 461 326 quodvis
478 283 510 315 in
523 292 583 314 suo
596 291 720 324 genere
735 283 784 314 sic
798 291 921 314 vocare

218 336 316 367 solet.

259 390 277 416 5
302 386 431 415 Euadne
444 383 597 425 flammis,
617 383 688 424 ὁμῇ]
712 384 797 415 Quae
827 392 862 413 se
887 382 919 412 in

218 445 334 476 rogum
353 434 504 476 Capanei
518 435 672 475 conjugis
689 433 816 474 injecit.
841 433 920 464 Ovi·

217 486 290 517 dius
307 488 337 517 3.
356 485 398 516 de
416 485 513 525 Arte,
528 489 563 516 et
579 484 702 526 Papin.
718 484 777 515 lib.
792 487 843 515 12.

260 542 280 569 6
304 537 551 577 Alcestem,&0.]
574 537 659 570 Quae
684 537 838 577 conjugis
856 534 922 566 Ad-

217 589 298 619 meti
319 593 460 618 mortem
475 598 535 618 sua
552 587 720 618 redemit:
744 586 811 618 fab.
830 592 921 617 nota.

259 642 277 670 7
303 640 349 670 Tu
363 638 485 680 melius]
507 638 562 669 Sc.
591 643 625 669 te
655 637 804 678 gessisti,
822 646 921 677 quam

217 690 357 722 Euadne
385 695 420 720 et
445 688 617 727 Alcestis;
643 687 763 728 quibus
780 692 818 717 ut
834 695 921 716 amo-

217 750 287 772 rem
309 741 342 771 in
359 740 522 780 conjuges
548 739 748 780 probarent,
764 737 848 767 mori
866 744 921 766 ne—

215 801 311 824 cesse
334 790 411 823 fuit.
457 791 591 822 Deinde
620 789 798 830 subjungit
825 788 922 819 aitio-

216 844 356 883 logiam:
384 842 472 874 Nam
490 846 527 873 tu
554 842 711 882 pignore,
738 838 773 870 id
799 842 866 877 est,
883 848 923 868 ea

217 893 440 931 liberalitate,
455 902 520 933 qua
544 901 622 922 usus
647 900 681 921 es
698 890 730 920 in
751 889 922 926 maritum,

217 950 313 976 certo
328 944 423 982 vitae,
446 942 540 973 nulla
565 946 710 982 cogente
733 940 851 971 mortis
867 949 923 970 ne-

217 995 399 1032 cessitate;
423 992 483 1024 sed
515 993 549 1023 in
577 1000 706 1023 summa
734 989 923 1031 tranquilli—

217 1051 290 1077 tate
321 1044 485 1084 meruisti,
509 1050 547 1075 ut
577 1048 691 1074 tantus
722 1052 817 1073 amor
846 1046 923 1073 tuus

217 1098 405 1135 videretur,
432 1100 578 1136 quantus
605 1099 719 1136 posset
746 1093 868 1132 videri,
896 1093 923 1124 si

218 1158 280 1190 pro
297 1148 443 1188 conjuge
461 1152 602 1178 mortem
618 1146 843 1186 oppetiisses:
861 1144 922 1175 ita-

217 1208 284 1241 que
301 1197 536 1239 praeferendus
554 1207 647 1228 amor
662 1202 753 1234 tuus,
770 1196 825 1236 qui
843 1195 924 1234 vita,

217 1261 285 1282 non
312 1255 433 1289 morte,
463 1253 641 1290 spectatus
667 1247 745 1278 fuit.
771 1247 924 1278 Ramires.

219 1301 297 1340 Vel,
322 1305 361 1331 nt
388 1298 656 1330 Musambertius
682 1297 847 1337 exponit:
871 1297 923 1326 Tu

218 1351 338 1383 melius
366 1350 526 1390 Nigrina,
556 1359 632 1390 quae
663 1353 760 1379 certo
783 1347 925 1388 pignore

218 1402 311 1441 vitae,
327 1411 386 1432 seu
409 1401 499 1439 viva,
526 1404 620 1430 certo
644 1399 678 1429 in
707 1398 864 1429 maritum
882 1397 927 1427 vi-

218 1458 354 1484 ventem
374 1452 518 1492 pignore
534 1449 774 1481 communicati
794 1458 869 1479 curn
886 1457 926 1478 eo

219 1502 414 1544 patrimonii
431 1502 492 1537 tui,
518 1499 678 1537 effecisti,
701 1504 750 1538 ut,
774 1500 838 1530 etsi
860 1508 926 1529 non

219 1564 282 1595 pro
295 1554 367 1584 viro
385 1558 443 1584 aut
456 1562 531 1583 cum
547 1551 617 1582 viro
629 1551 800 1589 moriaris,
812 1560 927 1591 quem-

219 1602 399 1635 admodum
417 1602 558 1633 Euadne
578 1602 656 1632 olim
685 1605 744 1631 aut
764 1600 928 1638 Alcestis,

218 1664 286 1686 non
303 1653 425 1685 minori
443 1659 556 1684 tamen
571 1661 669 1693 quam
687 1652 751 1682 illae
765 1651 809 1682 sis
828 1651 927 1682 laude

219 1704 321 1736 officii
336 1710 371 1735 et
389 1703 511 1734 amoris
528 1712 609 1742 erga
623 1702 814 1742 conjugem.
859 1700 928 1732 Alii

217 1759 321 1794 certoe,
339 1754 394 1785 vel
410 1757 505 1784 certe.
532 1753 613 1785 Juv.
626 1753 635 1769 ‘
652 1752 754 1783 Certe
777 1753 930 1783 meruisti

221 1806 364 1847 pignora
379 1803 484 1834 vitae.’

262 1858 281 1886 8
303 1855 344 1885 Ut
362 1854 420 1885 tibi
435 1864 508 1892 non,
524 1853 592 1894 Sym]
619 1853 665 1884 Ut
683 1853 800 1893 Epigr.
821 1856 852 1884 9.
871 1853 930 1884 lib.

220 1909 250 1936 1.
268 1910 303 1937 et
318 1905 435 1946 Epigr.
452 1906 504 1934 57.
519 1904 576 1935 lib.
593 1906 642 1934 11.

262 1958 367 1988 Eme.
387 1964 514 1988 Lxxvr.
538 1955 696 1985 Ridicule
723 1953 840 1993 docet,
863 1964 929 1994 quo

218 2013 322 2049 pacto
347 2008 389 2038 ab
416 2007 537 2046 amico,
563 2006 737 2036 dimidium
765 2007 927 2046 postulati

221 2059 303 2089 dare
324 2058 439 2098 solito,
467 2062 577 2089 totum
599 2057 784 2097 impetrare
813 2057 928 2096 possis.

221 2108 391 2141 Quoniam
430 2113 467 2138 tu
505 2107 567 2138 tibi
603 2116 715 2146 caveS,
752 2106 927 2137 dimidiato

219 2158 308 2200 quod
323 2157 495 2199 petebam,
505 2157 599 2198 (vide
613 2158 730 2197 Epigr.
743 2160 795 2188 76.
810 2157 867 2188 lib.
881 2157 929 2198 1.)

221 2220 282 2251 ego
300 2210 497 2241 necessitati
515 2219 599 2241 meae
615 2209 786 2240 consulam
805 2209 839 2239 in
856 2218 928 2249 pos-

222 2267 332 2292 terum
362 2260 513 2301 petendo
544 2260 712 2300 geminum
744 2260 815 2300 ejus
843 2269 928 2290 sum-

220 2322 296 2352 mae,
316 2321 383 2352 qua
399 2311 478 2342 milii
495 2320 580 2351 opus
596 2309 712 2341 fuerit.
757 2310 809 2340 Ex
826 2309 928 2349 Cuja-

222 2362 264 2393 cii
282 2366 407 2400 mente,
423 2361 480 2403 qui
507 2361 612 2393 dicit:
637 2361 719 2391 Plus
743 2360 926 2401 petendum

221 2422 294 2443 esse
324 2422 423 2453 qnam
451 2417 504 2443 sat
527 2416 591 2452 est,
616 2416 654 2442 ut
680 2419 927 2451 consequamur

223 2468 369 2504 quantus
386 2467 440 2494 sat
457 2467 521 2493 est.

264 2515 369 2545 EPIG.
387 2506 529 2545 ixxvu.
554 2513 685 2545 Zoilum
706 2513 853 2543 invidum
871 2512 927 2543 de—

222 2565 331 2606 pingit
357 2564 505 2604 eleganti
530 2563 713 2605 paradoxo,
738 2563 818 2594 dnm
841 2562 927 2593 dicit

221 2619 354 2645 mutata
388 2615 564 2646 voluntate
602 2624 636 2644 se
667 2615 807 2645 divitem
838 2614 926 2644 velle

221 2665 306 2705 fieri,
325 2675 426 2706 quum
444 2675 548 2705 supra
564 2665 679 2696 multis
698 2665 928 2706 Epigramma-

220 2714 264 2745 tis
300 2720 537 2755 paupertatem
578 2715 743 2755 amplecti
782 2720 927 2746 testatus

223 2770 326 2804 esset,
354 2771 392 2795 ut
409 2765 524 2796 Zoilus
553 2775 621 2806 prat
649 2765 775 2795 invidia
799 2775 832 2795 se
857 2775 924 2795 sus-

670 187 812 218 NO'r-xE
848 187 1109 218 vAluoRUM
1150 188 1196 217 ΙΝ

973 280 1114 322 pendat.
1137 280 1298 311 Ramires.

1015 334 1033 361 3
1056 331 1244 371 Paupertas,
1270 329 1337 370 dra]
1362 329 1588 370 Paupertati,
1603 340 1676 371 quae

971 383 1049 414 mihi
1082 383 1247 413 hactenus
1271 381 1366 413 cordi
1388 386 1422 412 et
1440 382 1473 412 in
1491 382 1577 412 votis
1595 387 1680 418 erat,

965 434 1036 475 jam
1049 434 1228 471 renunci03
1244 439 1374 464 mutato
1386 432 1528 464 consilio
1542 438 1576 462 et
1589 438 1680 471 voto,

973 485 1143 514 ditescere
1174 484 1269 514 volo:
1306 493 1370 514 nec
1398 483 1464 513 alia
1492 483 1533 513 dc:
1566 492 1680 520 causa,

972 545 1071 575 quam
1090 540 1126 565 ut
1145 534 1177 571 ii,
1193 534 1248 575 qui
1261 534 1360 564 rebus
1374 535 1459 564 meis
1475 532 1606 563 modice
1623 532 1680 563 la:-

973 587 1013 616 tis
1038 585 1203 621 invident,
1225 585 1414 615 laesusimas
1438 584 1496 615 ubi
1522 583 1682 621 viderint,

973 636 1101 666 invidia
1128 642 1342 676 rumpantur,
1366 642 1424 666 aut
1450 635 1491 666 ad
1522 635 1678 676 laqueum

973 686 1117 726 fugiunt.

1017 738 1120 768 Eme.
1156 745 1314 768 Lxxvm.
1344 737 1471 766 Varum
1502 735 1680 777 quemdam

974 792 1010 818 ut
1036 796 1157 817 vanum
1185 787 1418 826 reprehendit,
1447 786 1503 827 qni
1532 786 1682 816 convivis

976 845 1131 871 ornatum
1152 839 1293 870 divitem
1319 838 1527 875 ostentabat,
1552 847 1680 868 coenam

976 895 1090 921 autem
1127 890 1304 929 parvulam
1337 888 1545 929 apponebat.
1592 888 1681 918 Ven-

976 945 1063 970 trem
1077 949 1112 970 se
1126 939 1223 978 dicit,
1248 949 1313 970 non
1341 940 1456 970 oculos
1475 943 1609 979 pastum
1628 947 1684 969 ve-

977 991 1078 1022 nisse.
1097 990 1254 1022 Ramires.

1020 1045 1035 1072 l
1061 1042 1114 1072 Ad
1139 1051 1254 1072 coenam
1278 1052 1388 1082 nuper,
1417 1041 1489 1082 ξιτ]
1519 1040 1681 1081 Ejusdem

977 1094 1167 1133 argumenti
1205 1093 1283 1124 vide
1315 1094 1435 1135 Epigr.
1461 1096 1515 1125 44.
1557 1092 1616 1124 lib.
1652 1096 1682 1123 1.

976 1143 1094 1183 Epigr.
1110 1145 1164 1174 59.
1182 1143 1238 1174 lib.
1253 1146 1282 1174 3.
1307 1150 1342 1175 et
1367 1145 1484 1185 Epigr.
1501 1147 1554 1175 68.
1578 1144 1637 1175 lib.
1652 1147 1683 1175 4.

975 1194 1184 1234 Abjudicant
1212 1195 1274 1226 hoc
1309 1196 1476 1237 epigram.
1505 1195 1681 1233 Martiali3

976 1253 1039 1275 nec
1063 1244 1187 1284 injuria
1216 1245 1304 1285 quod
1332 1245 1418 1277 Aur.
1444 1245 1564 1277 Junius
1588 1250 1623 1275 ut
1649 1250 1684 1276 et

977 1294 1130 1336 quaedam
1148 1296 1216 1325 alia
1232 1295 1410 1336 adoptavit
1425 1296 1560 1335 priums.
1577 1296 1684 1335 Ἀργυ-

976 1343 1028 1386 ρέῃ
1047 1345 1127 1383 λιμῷ
1150 1356 1199 1376 τις
1229 1345 1259 1376 ἐς
1285 1344 1442 1382 εἰλαπίνην
1461 1357 1499 1384 με
1527 1345 1684 1376 καλέσσας

971 1396 1114 1432 '‘Bit-rave,
1130 1396 1236 1428 Anth.
1253 1396 1311 1428 lib.
1327 1400 1359 1428 2.
1376 1407 1454 1437 cap.
1472 1399 1525 1427 50.

1020 1450 1040 1478 6
1063 1447 1130 1478 Aut
1160 1458 1277 1488 appone
1309 1449 1415 1487 dapes,
1444 1447 1512 1487 δῖα]
1546 1447 1682 1479 Nullum

977 1507 1129 1538 acumen,
1143 1498 1223 1528 nulli
1237 1499 1333 1530 sales.
1379 1499 1540 1529 Rescribo
1564 1508 1684 1528 venus-

979 1549 1106 1579 tissimo
1124 1558 1220 1579 sensu
1237 1560 1244 1580 :
1260 1549 1325 1580 Aut
1339 1558 1455 1589 appone
1467 1549 1573 1588 dapes,
1592 1548 1686 1586 Vare,

977 1600 1025 1630 vel
1040 1599 1146 1637 aufero
1160 1609 1240 1639 opes.
1285 1599 1391 1631 ,lubet
1407 1599 1494 1629 enim
1505 1598 1688 1638 Martialis,

979 1656 1017 1681 ut
1048 1656 1264 1691 apponantur
1296 1649 1414 1690 dapes,
1442 1658 1508 1680 non
1541 1658 1683 1686 aurum;

980 1711 1068 1740 nam,
1086 1701 1149 1731 nisi
1168 1701 1273 1741 dapes
1291 1705 1516 1740 apponantur,
1536 1699 1685 1729 minatur

981 1761 1016 1782 se
1031 1751 1224 1782 ablaturum
1240 1761 1357 1782 aurum
1383 1749 1471 1791 quod
1492 1749 1683 1789 appositum

981 1808 1073 1840 erat;
1101 1801 1382 1843 quemadmodum
1397 1810 1415 1832 e
1439 1799 1584 1840 dapibus
1608 1808 1684 1839 par-

982 1858 1048 1883 tem
1064 1852 1199 1883 domum
1214 1851 1429 1882 auferebant.
1451 1850 1586 1881 Petita-3.

1023 1900 1684 1933 EPiG.Lxmeusectaturfacetissime

981 1952 1102 1983 Afrum
1132 1952 1299 1994 quendam
1317 1952 1536 1990 ardelionem,
1561 1951 1684 1991 impor-

981 2009 1062 2034 tune
1074 2009 1109 2034 et
1122 2003 1363 2043 intempestive
1375 2001 1573 2041 officiosum,
1585 2011 1683 2042 quem

980 2054 1237 2093 sexagenarium
1257 2053 1328 2093 jam
1345 2057 1472 2091 monet,
1498 2057 1534 2082 ut
1557 2061 1598 2082 ea
1614 2050 1684 2082 offi-

979 2104 1030 2135 cia
1042 2104 1236 2144 junioribus
1253 2104 1436 2144 relinquat.
1464 2103 1615 2133 Rumires.

1025 2157 1039 2185 1
1067 2155 1272 2194 Sexagesima
1300 2154 1421 2194 messis]
1448 2153 1489 2184 Id
1521 2159 1585 2193 est,
1607 2163 1683 2184 cum

974 2205 1046 2245 jam
1060 2205 1298 2246 sexagenarius
1311 2206 1367 2244 sis,
1383 2211 1419 2236 et
1433 2206 1525 2236 canis
1541 2206 1683 2237 obsitus.

1022 2259 1041 2287 3
1065 2256 1228 2287 Discurris
1242 2260 1316 2296 totu,
1338 2256 1407 2296 lje]
1432 2257 1619 2288 Ambitiosa
1634 2259 1682 2289 in-

980 2307 1101 2347 dagine
1128 2306 1296 2338 officiosus
1324 2317 1385 2348 per
1411 2309 1522 2339 onmia
1541 2308 1683 2340 divitum

979 2359 1075 2397 atria,
1094 2368 1176 2399 quos
1194 2360 1246 2389 vel
1262 2360 1294 2390 in
1310 2359 1389 2399 ipsis
1401 2360 1496 2390 atriis
1508 2360 1684 2400 egredien-

978 2413 1043 2448 tes,
1060 2409 1112 2440 vel
1129 2410 1162 2440 in
1184 2410 1356 2441 cathedris
1376 2410 1534 2442 sedentes
1564 2411 1684 2442 admis-

979 2469 1033 2490 sus
1064 2460 1201 2499 salutas,
1227 2460 1398 2500 discurris,
1423 2466 1564 2501 portans
1589 2462 1684 2501 inep-

979 2516 1049 2541 tum
1075 2510 1201 2548 ‘Ave‚’
1231 2511 1282 2541 cui
1299 2511 1369 2552 jam
1399 2513 1618 2551 sexagenario
1647 2516 1681 2542 et

978 2571 1064 2592 cano
1078 2561 1256 2592 dicendum
1285 2562 1399 2602 potius
1415 2562 1524 2594 fuerat
1552 2565 1560 2580 ‘
1575 2563 1684 2594 Vale.’

977 2612 1064 2642 Vide
1082 2612 1147 2652 Ep.
1165 2615 1216 2643 67.
1241 2613 1297 2643 lib.
1316 2617 1348 2644 5.
1385 2613 1471 2644 Vide
1495 2613 1614 2645 Senec.
1639 2613 1681 2644 de

977 2663 1157 2702 Tranquil.
1173 2673 1248 2703 cap.
1269 2666 1318 2694 12.

1020 2718 1038 2744 5
1057 2714 1101 2744 Et
1116 2713 1194 2752 sine,
1210 2714 1276 2753 esan]
1298 2714 1418 2754 Epigr.
1433 2716 1487 2744 99.
1501 2713 1559 2743 lib.
1576 2716 1626 2743 11.

1019 2766 1038 2793 7
1063 2763 1159 2794 Sacro
1187 2764 1298 2802 decies,
1325 2763 1394 2803 ὄπι]
1415 2763 1595 2794 Multoties
1619 2774 1680 2804 per
