1866 3131
223 169 333 209 1100

222 273 424 304 Vaticanum
462 272 696 313 reprehendit,
738 273 917 303 Falernum

221 324 349 363 laudat,
371 325 521 354 Tuccam
547 328 584 354 ut
609 322 780 353 sordidum
799 323 920 363 tangit,

223 375 280 415 qui
309 374 461 405 convivis
489 374 612 404 malum
630 374 742 404 vinum
762 374 920 414 propina·

220 425 277 461 rit,
294 429 329 455 ut
342 425 450 454 minus
463 425 631 455 biberent.
662 425 768 455 Vetulo
785 425 920 463 miscere,

219 475 286 514 ξω]
312 475 411 507 Quod
429 485 533 506 annos
551 474 640 506 ferat
664 475 836 516 vivatque,
851 476 920 506 lau-

222 525 314 556 dato.

265 578 284 606 2
308 575 348 605 1η
370 574 542 613 Vaticanis,
567 576 636 616 2512]
659 576 735 606 Vile
763 582 798 607 et
820 577 921 616 pessi-

221 635 283 656 mae
301 632 390 657 notae
410 626 520 656 vinum
539 636 555 656 e
568 627 653 657 colle
666 627 850 667 Vaticano,
864 628 920 668 qui

220 677 382 709 Janiculo
396 678 640 708 conterminus.

265 733 282 759 5
309 730 359 760 De
380 729 475 767 nohis,
490 729 559 769 δικ]
582 729 837 768 Nosjugulare,
857 728 920 759 tibi

221 778 313 810 forte
340 789 402 818 pro
426 779 489 810 levi
519 783 582 810 est.
626 779 780 817 Jugulare
815 779 919 809 Faler-

220 829 307 869 num]
332 829 453 860 quuso
478 830 644 859 Vaticano
664 829 845 859 Falernum
864 838 921 859 oc—

221 881 347 912 cidere.
385 881 540 921 Metaph.
564 880 697 911 sublato
714 880 783 911 vini
807 880 920 911 calore

221 932 355 962 animali
383 932 500 972 (quam
517 931 558 962 ab
587 931 694 962 anima
711 931 786 961 vitis
803 930 921 967 habet)

219 982 252 1013 in
271 989 403 1013 acetum
420 988 564 1019 vertere,
590 982 678 1022 quod
703 986 739 1012 et
767 981 921 1012 bibentes

215 1033 373 1073 jugulare
405 1033 550 1064 videtur.
581 1043 634 1073 ep.
664 1035 717 1063 45.
750 1032 770 1062 Ι.
805 1035 855 1062 10.
886 1037 920 1062 et

221 1084 244 1113 l.
262 1086 311 1114 12.
328 1084 419 1124 epig.
436 1087 490 1114 45.

263 1137 283 1164 6
309 1133 481 1174 Campano]
506 1134 650 1164 Falerno
676 1143 694 1164 e
722 1133 919 1172 Campania.

224 1185 338 1215 Toxica
363 1195 458 1222 ,πει-α,
479 1185 548 1225 lisa]
575 1184 753 1221 Vaticana,
781 1193 857 1224 quae
884 1189 919 1213 et

221 1235 328 1274 epigr.
355 1238 408 1266 92.
439 1236 458 1266 l.
486 1238 516 1266 6.
545 1245 711 1265 venenum
742 1234 918 1274 appellat3

221 1285 371 1316 toxicum
397 1290 510 1316 autem
539 1295 556 1315 a
580 1290 659 1316 taxo
686 1294 854 1314 venenosa
871 1293 919 1314 ar-

222 1336 317 1375 bore,
349 1337 416 1375 vel,
445 1336 526 1376 παρὰ
547 1336 586 1366 τὰ
607 1335 679 1374 τόξα
704 1345 815 1374 arcus,
840 1335 920 1374 tela,

221 1396 295 1427 quaa
312 1386 443 1417 barbari
463 1397 591 1417 veneno
608 1387 757 1427 tingunt.

265 1437 369 1468 Epic.
388 1447 451 1469 xx.
478 1441 491 1468 l
512 1438 549 1469 Si
563 1438 698 1475 memini,
715 1437 784 1477 Qu]
812 1437 918 1469 Jocus

219 1489 252 1519 in
264 1489 458 1519 edentulam
476 1495 509 1519 et
527 1489 725 1519 tussientem
743 1488 919 1518 aniculam.

219 1538 306 1569 Vide
323 1540 430 1579 epigr.
447 1543 499 1570 41.
518 1540 538 1570 1.
557 1542 587 1570 2.
606 1544 641 1569 et
657 1539 764 1578 epigr.
778 1541 829 1568 92.
847 1539 867 1568 Ι.
886 1541 916 1569 3.

261 1593 281 1621 4
306 1592 365 1621 Nil
380 1591 463 1631 istic]
487 1591 577 1622 Nihil
596 1591 738 1630 amplius
754 1589 918 1631 est‚quod

219 1649 378 1681 exspuas,
393 1647 518 1680 praeter
533 1641 690 1672 animam.

263 1691 370 1723 Eme.
389 1700 470 1722 xxn
504 1696 519 1723 1
549 1692 613 1722 Dic
636 1692 728 1732 mihi]
751 1691 822 1723 Sub
840 1701 916 1732 per-

219 1751 301 1773 sona
319 1742 502 1782 Caeciliani,
519 1743 698 1773 barbarum
716 1747 751 1773 et
766 1743 917 1774 inhuma-

220 1803 297 1824 num
321 1793 486 1833 hospitem
515 1794 728 1831 insectatur3
765 1793 821 1834 qui
849 1803 915 1824 non

221 1848 289 1874 tam
308 1848 446 1873 vocarat
459 1843 583 1874 amicos
602 1843 643 1874 ad
671 1844 861 1874 convivium
878 1849 917 1875 ut

221 1898 453 1934 essent‚quam
481 1898 518 1924 ut
543 1894 671 1934 optima
695 1904 838 1934 qumque
865 1904 918 1925 vo-

224 1950 356 1976 rantem
389 1945 499 1986 jejuni
531 1950 745 1985 spectarent,
784 1946 917 1987 ipsique

220 1995 389 2026 vilissimis
417 1996 499 2027 cibis
529 2001 761 2027 vescerentur.
820 1997 916 2027 Idem

221 2046 374 2086 queritur
390 2046 564 2078 Juvenalis
584 2046 656 2077 Sat.
670 2051 700 2077 5.
716 2052 751 2077 et
768 2047 918 2079 Martial.

221 2097 243 2126 l.
257 2099 286 2127 2.
297 2099 338 2127 43
353 2107 361 2134 ς
385 2099 415 2127 3.
432 2100 484 2128 59.
502 2099 565 2127 διε.
604 2096 734 2137 Vocata]
759 2098 918 2129 Convivis

220 2147 381 2178 invitatis.

263 2202 281 2229 2
305 2199 443 2237 Boletos,
472 2199 540 2240 852]
586 2199 780 2239 Fungorum
811 2210 918 2240 genus

220 2249 474 2290 nobilissimum,
498 2251 711 2281 novissimum
741 2251 827 2291 gula>
844 2252 918 2282 irri-

221 2305 419 2339 tamentum,
443 2307 490 2339 et,
514 2307 551 2332 ut
571 2302 707 2341 jocatus
735 2308 785 2332 est
811 2303 918 2343 Nero,

219 2353 227 2369 ‘
243 2353 352 2383 cibum
368 2352 539 2383 Deorum!
577 2353 731 2393 Namque
749 2359 917 2385 venenato

219 2402 333 2433 boleto
352 2402 542 2443 Agrippina
559 2403 736 2434 Claudium
755 2403 842 2434 Caes.
860 2412 916 2433 ex-

221 2453 334 2492 tinxit,
345 2453 400 2494 qui
414 2453 537 2483 deinde
556 2453 805 2493 Imperatorum
820 2454 916 2485 Rom.

221 2512 312 2533 more
329 2508 545 2533 consecratus
567 2509 630 2541 est,
650 2505 733 2534 etin
750 2505 915 2535 Divorum

221 2563 396 2583 numerum
414 2554 548 2585 relatus.
583 2555 592 2571 ‘
604 2555 736 2585 Vilibus
751 2555 917 2595 ancipites

222 2602 315 2643 fungi
335 2609 502 2643 ponentur
515 2604 645 2643 amicis,
658 2605 802 2637 Boletus
816 2607 918 2636 domi-

222 2663 288 2684 no:
314 2654 372 2684 sed
399 2655 529 2694 qualem
553 2655 713 2686 Claudius
740 2657 834 2696 edit,'
857 2657 917 2689 Ju-

223 2714 297 2735 ven.
319 2706 391 2734 Sat.
420 2708 449 2734 5.
474 2705 585 2735 Tacit.
610 2708 660 2736 12.
687 2705 750 2738 An.
777 2708 916 2738 Sueton.

224 2754 343 2785 Claud.
361 2764 435 2793 cap.
460 2756 511 2784 41.
532 2754 607 2784 Dio.
624 2755 646 2785 l.
663 2759 692 2786 7.
715 2757 794 2788 hinc
809 2763 843 2788 ct
860 2758 918 2787 Se-

222 2814 316 2836 necae
328 2802 616 2835 ἀποκολοκύνθωσις.

684 177 824 207 NOTAE
861 178 917 205 vA
932 178 1080 208 mom&
1093 179 1122 207 M
1163 179 1210 207 {N

1010 276 1029 304 4
1054 275 1195 305 Boletum
1211 274 1343 314 qualem]
1368 274 1582 314 Imprecatur
1599 276 1671 306 Cae-

969 324 1094 354 ciliano
1111 324 1244 355 fatalem
1257 334 1383 355 caenam
1399 330 1433 355 et
1450 325 1635 357 exitialem.

1014 375 1118 406 EP1G.
1144 384 1239 405 xxn.
1276 376 1326 405 De
1347 375 1488 406 Porsena
1511 379 1540 406 ct
1566 376 1672 406 Mucio

969 424 1120 465 Sem-ola]
1167 426 1303 456 Mucius
1341 425 1496 457 Scaevola
1533 426 1671 456 heroum

970 477 1120 515 sanguis,
1147 485 1264 515 regum
1290 481 1413 515 terror,
1437 476 1591 507 columen
1618 486 1674 516 pa-

971 527 1057 565 trim,
1073 528 1126 567 cuj
1136 537 1171 557 us
1196 528 1339 558 dextera
1366 527 1535 558 labantem
1554 526 1671 557 urbem

971 579 1185 617 sustentavit,
1233 579 1431 609 Hetruriam
1477 579 1671 609 vincentem

971 629 1158 667 superavit,
1185 638 1327 669 quaeque
1344 628 1420 668 plns
1444 628 1588 658 errando
1616 638 1674 668 po-

971 678 1050 716 tuit,
1067 688 1166 718 quam
1184 680 1326 709 aliorum
1356 678 1524 710 feriendo.
1549 678 1671 709 Patra-

972 733 1043 758 tum
1063 734 1114 759 est
1138 730 1198 760 hoc
1213 729 1317 760 decus
1334 729 1377 760 A.
1404 731 1447 760 U.
1465 729 1502 761 C.
1527 738 1672 760 CCXLvr.

972 778 1011 808 Ι).
1046 779 1181 810 Valerio
1212 780 1335 811 iterum
1365 786 1402 811 et
1439 781 1477 812 Τ.
1510 780 1671 811 Lucretio

970 829 1178 868 Tricipitino
1197 831 1294 861 Coss.

1002 881 1017 907 l
1035 879 1177 919 Peteret]
1191 879 1344 919 ”Ωρμησε·
1362 880 1530 918 assaulted,
1543 881 1672 910 assassi-

969 931 1073 959 nated.
1134 929 1253 968 Regem
1282 929 1423 970 decepta]
1477 931 1672 960 Porsenam.

971 979 1123 1010 Historia
1140 986 1221 1010 nota
1233 989 1273 1011 ex
1288 981 1383 1011 Livio
1395 983 1426 1011 2.
1440 980 1670 1011 Halicarnass.

969 1033 1000 1060 5.
1021 1029 1095 1061 Val.
1124 1031 1214 1061 Max.
1242 1031 1263 1061 l.
1280 1033 1312 1062 3.
1334 1041 1364 1061 c.
1378 1033 1409 1061 2.
1435 1031 1558 1062 Senec.
1572 1031 1671 1071 epist.

969 1084 1021 1111 156.
1081 1081 1243 1121 Satellite]
1282 1082 1417 1121 Scriba,
1456 1091 1567 1123 quem,
1597 1081 1671 1121 pari

969 1141 1044 1162 cum
1076 1141 1156 1170 rege
1183 1138 1305 1162 ornatu
1337 1132 1526 1170 sedentem,
1556 1140 1670 1171 regem

970 1181 1130 1212 credidit.
1180 1183 1324 1223 Dextra]
1354 1183 1462 1214 Mucii
1479 1183 1655 1213 Scaevolae.

1012 1236 1030 1263 :2
1058 1233 1210 1274 Ingessit]
1244 1234 1349 1266 Quasi
1382 1243 1443 1274 per
1466 1233 1546 1270 vim,
1569 1233 1670 1263 etiam

969 1283 1041 1323 ipso
1058 1284 1135 1323 igne
1149 1292 1360 1324 repugnante
1376 1294 1411 1315 se
1424 1284 1575 1324 ingessit.
1613 1284 1672 1314 Su·

969 1334 1138 1374 criss'ocz's]
1165 1334 1321 1366 Accenso
1337 1335 1377 1366 ad
1404 1335 1604 1367 sacrificium
1622 1334 1670 1366 fo-

969 1387 1057 1417 culo.

1014 1440 1030 1467 3
1056 1437 1149 1468 Soeva
1169 1436 1254 1478 pins]
1290 1437 1454 1478 Epitheta
1477 1437 1485 1453 ‘
1502 1436 1610 1467 saeva'
1634 1442 1670 1467 et

969 1487 1086 1528 ‘pius’
1124 1498 1186 1528 per
1212 1489 1431 1529 Hypallagen
1463 1487 1671 1527 transposita

971 1540 1043 1570 vult
1074 1539 1302 1577 Ramiresius;
1337 1539 1470 1578 signata
1496 1538 1607 1578 potius
1636 1542 1671 1568 et

969 1590 1010 1620 ad
1046 1599 1117 1620 rem
1145 1589 1402 1620 accommodata
1438 1588 1598 1626 arbitror,
1634 1592 1672 1618 ut

969 1640 1121 1671 Porsena
1137 1645 1234 1670 tanta
1258 1640 1320 1670 viri
1344 1639 1535 1670 constantia
1551 1639 1673 1670 attoni-

968 1697 1034 1730 tus,
1045 1700 1087 1721 ex
1105 1701 1196 1722 saevo
1211 1691 1306 1722 hoste
1323 1691 1487 1731 pietatem
1499 1690 1672 1729 indueret,

967 1742 1085 1772 Mucio
1101 1742 1141 1772 ad
1155 1752 1233 1772 suos
1251 1743 1400 1773 remisso.

1009 1795 1028 1823 7
1054 1793 1160 1831 Major
1181 1794 1327 1833 deceptae,
1352 1792 1422 1832 ssa]
1458 1790 1670 1823 Acclamatio

968 1842 1219 1883 epigrammatis
1238 1842 1487 1873 encomiasticis
1510 1842 1669 1873 solennis.

968 1893 1136 1933 Majorem
1150 1894 1280 1924 scilicet
1293 1893 1423 1923 laudem
1433 1898 1580 1924 meretur
1591 1902 1671 1924 con-

967 1944 1093 1975 stantia
1121 1945 1221 1974 ultrix
1247 1954 1364 1975 manus
1392 1945 1549 1983 errantis,
1569 1953 1668 1985 quam

969 1995 1056 2025 tanti
1097 1993 1258 2026 facinoris
1300 1994 1469 2025 fiducialis
1506 1995 1670 2035 inceptio.

970 2046 1107 2078 Quanto
1139 2045 1245 2075 rarius
1283 2050 1347 2083 est,
1379 2045 1488 2086 inquit
1524 2045 1669 2081 Seneca,

969 2095 1099 2126 hostem
1125 2095 1245 2125 amissa
1272 2104 1372 2125 manu
1403 2096 1539 2133 vicisse,
1569 2105 1667 2136 quam

969 2154 1110 2177 armata.
1134 2147 1222 2177 Vide
1237 2146 1346 2187 epigr.
1359 2149 1409 2177 30.
1425 2147 1446 2177 l.
1461 2149 1492 2178 8.
1510 2151 1545 2177 et
1557 2146 1668 2187 epigr.

968 2201 1021 2229 25.
1040 2198 1062 2228 l.
1081 2201 1131 2228 10.

1011 2251 1030 2278 S
1055 2248 1090 2278 Si
1106 2257 1166 2278 non
1181 2247 1331 2287 errasset]
1354 2247 1388 2278 Si
1405 2256 1519 2288 regem
1544 2247 1668 2279 Porse-

968 2309 1045 2330 nam
1062 2299 1304 2330 interemisset.

1011 2351 1116 2381 EPIG.
1149 2359 1262 2381 xxru.
1301 2353 1316 2380 1
1348 2350 1432 2385 Quid
1460 2360 1540 2380 nunc
1569 2351 1665 2390 saeva]

966 2405 1054 2435 Vide
1071 2414 1124 2444 ep.
1140 2407 1171 2435 7.
1185 2408 1219 2434 et
1235 2406 1286 2434 15.
1310 2412 1424 2442 supra.
1470 2402 1538 2432 Hic
1556 2406 1669 2432 autem

967 2455 1161 2486 Domitiano
1178 2455 1334 2485 adulatus
1356 2452 1667 2493 magnanimitatem

967 2511 1002 2536 et
1019 2515 1222 2545 generosum
1242 2509 1360 2545 pectus
1378 2504 1511 2542 tribuit,
1527 2502 1616 2543 quali
1633 2502 1666 2532 in

969 2557 1113 2586 minores
1128 2555 1260 2596 praedas
1275 2555 1446 2595 supplices
1461 2559 1496 2584 et
1507 2554 1666 2593 jacentes

967 2611 1110 2637 utuntur
1126 2607 1253 2637 leones.
1296 2607 1305 2622 ‘
1322 2606 1476 2644 Corpora
1493 2604 1666 2643 magnani-

967 2667 1020 2688 mo
1036 2659 1118 2687 satis
1134 2664 1187 2688 est
1203 2661 1389 2697 prostrasse
1405 2654 1507 2693 leoni,
1523 2657 1585 2685 dcc.
1617 2653 1666 2684 At

968 2708 1077 2747 lupus,
1103 2711 1139 2737 et
1165 2712 1280 2746 turpes
1296 2705 1426 2735 instant
1443 2703 1665 2735 morientibus

969 2757 1060 2787 ursi.’
1107 2756 1251 2787 Ovidius
1266 2758 1297 2786 ·2.
1315 2756 1414 2785 Tris-t.
1430 2755 1558 2794 5.eleg.

1012 2810 1028 2836 3
1055 2808 1238 2845 Scri-antur,
1263 2806 1331 2845 ἔγα]
1358 2805 1515 2845 Respicit
1539 2805 1578 2836 ad
1609 2814 1664 2836 na-
