1866 3131
392 198 440 227 M.
474 197 584 226 VAL.
619 194 892 227 MARTlAmS
928 195 1089 225 EPIGR.
1125 195 1216 225 LlB.
1250 195 1320 224 lx.

134 289 251 331 Epigr.
274 292 327 320 43.
356 290 412 321 lib.
432 294 462 321 2.
484 299 573 321 vers.
602 293 632 320 3.
659 295 694 320 et
711 288 827 329 Epigr.

132 343 184 372 37.
208 340 264 371 lib.
288 344 319 371 5.
345 343 477 372 vers.7.
503 346 535 371 et
561 341 754 381 Epigr.133.
771 339 828 369 lib.

133 393 183 421 14.
203 395 238 421 et
257 390 373 430 Epigr.
392 394 464 422 100.
482 391 538 421 lib.
558 393 608 421 12.

173 444 192 472 4
221 442 354 472 Bructeri
376 442 445 472 vica
465 441 569 481 pecus]
603 441 750 480 Rutilus,
771 449 827 471 au—

133 501 208 522 reus
226 493 318 522 color
334 493 478 522 nativus.

172 546 192 572 6
218 543 398 573 Caesariana
422 541 528 581 comis]
566 540 709 572 Caesaris
726 550 827 571 manu

132 597 215 623 sata.

174 646 191 673 7
218 642 379 683 Hospitis]
403 642 547 673 Ctesaris
565 641 714 672 victoris.

172 695 192 723 9
218 694 336 723 Nemus
374 693 488 723 sentire
527 691 662 731 videtur]
713 690 827 722 Arbor

131 753 238 783 opaca
262 744 390 783 ingens.

175 797 212 825 12
237 795 393 835 Tacitum]
425 795 548 825 Somno
566 793 713 833 sopitam
735 794 826 824 exci-

132 846 217 875 tavit
232 846 346 876 fistula
369 846 471 876 Panis
496 850 531 876 et
557 844 717 883 Dryadis.
757 845 827 875 Fis-

130 897 193 925 tula
205 905 273 926 sera
283 895 419 935 domum]
453 896 578 936 Syrinx
595 895 628 925 iu
646 895 827 926 arundines

130 945 299 984 palustres
316 956 492 976 conversa.

172 997 211 1024 14
240 995 361 1035 Dryas]
377 995 534 1035 Nympha
547 995 826 1037 querquetulana.

129 1044 274 1083 Singulis
307 1046 394 1075 enim
425 1046 601 1076 arboribus
635 1045 826 1086 Nympham

129 1103 274 1134 praeesse
309 1095 496 1126 credebant
534 1097 684 1137 antiqui:
716 1106 830 1136 quam,

128 1145 217 1186 qnod
234 1155 298 1176 una
316 1156 390 1176 cum
408 1147 529 1178 arbore
545 1153 742 1178 nasceretur
758 1157 827 1178 mo-

128 1202 343 1238 rereturque,
368 1198 644 1238 Hamadryadem
680 1199 829 1238 appella-

129 1249 232 1286 bant;
256 1258 330 1278 cum
346 1249 355 1264 ‘
378 1248 507 1288 Dryas’
532 1250 576 1280 sit
600 1259 673 1288 quae
692 1248 755 1278 toti
772 1257 828 1278 ne-

127 1299 212 1330 mori
229 1299 392 1337 silvaeque
410 1299 539 1337 praesit,
558 1309 577 1328 a
591 1300 669 1337 δρῦς.

171 1352 208 1379 15
233 1348 439 1380 Comissatore
460 1348 568 1389 Lyceo]
599 1349 737 1379 Baccho
753 1358 829 1380 con-

128 1399 217 1431 vivia
232 1399 438 1430 celebrante.

173 1453 212 1480 16
238 1450 347 1490 Eff'nso
375 1451 480 1490 latior,
508 1450 575 1491 Sym]
610 1451 665 1481 Ita
696 1451 828 1482 Scrive-

129 1501 219 1530 rius:
259 1502 320 1531 liae
344 1506 478 1531 mente:
520 1502 704 1540 Postquam
734 1511 828 1532 cere-

131 1551 226 1580 brum
244 1560 336 1583 xnero
353 1551 502 1582 saucium
527 1552 679 1589 incaluit,
694 1551 829 1582 accedit

130 1612 288 1632 uumerus
308 1603 466 1641 lucernis,
484 1608 518 1634 et
533 1603 649 1633 umbra
662 1602 700 1634 iit
717 1604 829 1641 latior,

131 1659 232 1693 atque
253 1653 363 1682 omnia
383 1654 540 1684 videntur
556 1653 651 1693 justo
676 1654 825 1693 majora:

130 1712 204 1732 cum
234 1704 330 1741 vulgo
362 1704 497 1743 legatur
523 1704 634 1733 loetior.
682 1702 828 1733 Aluntur

130 1763 216 1783 enini
246 1754 322 1784 vino
347 1754 494 1793 irrigatae
513 1753 657 1793 platani:
683 1753 770 1794 quod
786 1753 827 1783 de

132 1804 307 1833 Hortensii
326 1804 403 1833 luxu
418 1803 524 1834 refert
545 1803 779 1833 Macrob.Sat.
798 1806 827 1833 3.

133 1854 189 1883 lib.
208 1856 258 1883 13.

175 1906 210 1933 17
236 1903 462 1942 1)‹jccta,&c.]
495 1902 597 1933 Grut.
622 1904 761 1932 detecta:
787 1912 827 1932 eo

131 1963 247 1984 sensu:
291 1954 528 1993 Depreliensa,
570 1953 692 1992 inquit,
737 1958 828 1983 terra

129 2005 253 2035 nubem
271 2005 413 2043 coronis,
428 2006 491 2034 ἃς.

170 2056 211 2084 20
237 2054 285 2084 Ne
302 2053 562 2093 ›actuasset-rum]
596 2053 658 2083 Est
673 2053 761 2083 enim
779 2063 828 2084 sa·

129 2115 186 2135 cra
202 2104 341 2135 Caesari.

172 2157 212 2185 22
239 2155 310 2185 Non
327 2155 610 2195 I³ompeianae‚&0.]
638 2155 711 2185 Non
726 2154 826 2184 Pom-

131 2207 273 2245 peiana’,
295 2207 327 2237 id
354 2212 417 2246 est,
436 2207 549 2245 victae,
563 2207 621 2237 sed
647 2207 826 2245 Caesareae,

132 2257 302 2287 victrices.

174 2307 279 2337 EmG.
300 2315 403 2338 Lxm.
428 2307 656 2347 Purpuratam
674 2308 720 2338 ait
737 2307 826 2338 ince-

132 2356 212 2386 dere
248 2356 484 2394 Phil-widem,
512 2367 578 2387 nun
607 2357 650 2387 ob
680 2356 825 2396 fastum3

132 2405 189 2435 sed
227 2411 264 2435 ut
304 2407 406 2436 odore
443 2407 633 2437 vehementi
665 2417 825 2448 purpurae

132 2456 288 2486 t'aetorem
299 2457 418 2495 impuri
433 2457 583 2496 corporis
594 2458 736 2488 obruat:
752 2467 827 2488 nam

133 2506 294 2536 Philaenis
319 2506 436 2545 Epigr.
459 2509 510 2537 67.
526 2507 582 2538 lib.
597 2510 627 2538 7.
646 2507 763 2538 eodem
782 2508 827 2538 la-

133 2556 277 2586 berabat
294 2556 423 2594 morbo,
454 2565 518 2595 quo
543 2557 695 2587 Baeticus
712 2558 827 2597 Epigr.

132 2608 185 2636 77.
210 2606 267 2636 lib.
284 2608 313 2635 3.
333 2615 488 2646 pnrpurae
514 2606 627 2647 itaque
652 2608 754 2637 odoro
771 2607 827 2637 de-

135 2656 340 2693 lectabatur,
356 2657 412 2696 qui
433 2656 503 2686 vitii
516 2657 566 2686 sui
583 2657 707 2687 saniem
728 2656 829 2687 refer-

135 2710 199 2736 ret.
223 2705 312 2736 Vide
326 2706 444 2745 Epigr.
462 2709 493 2736 4.
510 2706 566 2737 lib.
585 2710 614 2737 4.
632 2717 716 2737 vers.
733 2710 764 2737 6.

178 2756 280 2786 Eme.
301 2764 381 2786 va.
405 2759 418 2786 l
446 2756 602 2794 Herculis,
617 2758 687 2798 εμπ]
712 2759 829 2789 Domi-

1465 183 1578 225 1341

880 288 990 319 tianus
1008 298 1043 319 se
1066 289 1106 319 ad
1125 289 1302 329 imaginem
1330 288 1504 326 Herculis,
1524 288 1578 319 cui

880 339 1043 379 templum
1072 339 1105 369 in
1136 339 1251 380 Appia
1293 339 1346 369 via
1376 343 1499 369 octavo
1534 338 1575 368 ab

879 389 962 420 urbe
979 389 1093 430 lapide
1110 390 1324 428 condiderat,
1345 388 1427 429 fingi
1451 393 1487 419 et
1511 388 1578 419 coli

878 440 995 470 voluit.
1021 440 1138 480 Epigr.
1170 443 1242 471 104.
1266 439 1366 470 iufra.
1400 439 1438 469 In
1460 438 1577 478 vultus]

879 491 948 522 Cur
963 490 996 520 id
1013 490 1216 529 factitarint,
1233 500 1276 520 ex
1293 490 1406 521 Dione
1422 494 1457 520 et
1481 490 1579 519 Lam-

879 541 990 581 pridio
1006 541 1107 573 docet
1124 541 1313 572 Heraldus:
1340 541 1473 572 inillius
1488 541 1576 571 enim

878 593 994 632 specie
1009 602 1044 624 se
1062 593 1142 633 fingi
1160 592 1320 634 pingique
1339 593 1578 632 volebant,cui

879 653 914 674 se
931 644 1057 674 similes
1074 643 1181 674 videri
1198 642 1393 683 cupiebant.

920 697 939 724 3
969 694 1098 734 Tri'vz‘oe]
1133 694 1256 725 Dianae
1284 693 1433 723 Aricinae
1466 692 1576 722 lucum

878 750 913 776 et
929 747 1115 786 templum:
1141 755 1200 777 cur
1217 750 1328 776 autem
1352 744 1466 775 Diana
1489 743 1578 773 dica-

879 800 934 827 tur
957 796 1086 835 Trivia,
1102 796 1179 827 vide
1202 805 1276 836 quae
1301 794 1450 825 Farnab.
1473 794 1577 825 adno—

879 846 965 877 tavit
992 846 1033 877 ad
1062 847 1288 887 Hippolytum
1310 845 1466 884 Senecae,
1491 854 1578 875 vers.

877 898 952 926 411.
991 897 1176 937 Nemorosa]
1223 895 1312 929 Quia
1344 895 1507 935 templum
1547 895 1580 924 in

878 955 1028 977 nemore.
1052 949 1061 964 ‘
1078 947 1194 984 Regna
1210 944 1359 981 l)ianae‚’
1376 945 1580 985 quiasacer-

878 995 937 1026 dos
952 1006 1012 1027 rex
1029 996 1279 1037 appellabatur.
1318 997 1374 1027 De
1394 995 1491 1035 Rege
1511 996 1580 1026 Ne-

879 1047 1062 1084 maurensi,
1098 1046 1176 1077 vide
1215 1045 1416 1076 Strabonem
1454 1045 1512 1076 lib.
1546 1049 1579 1077 5.

880 1095 981 1128 Ovid.
997 1099 1026 1127 3.
1044 1097 1173 1128 Pastor.
1206 1096 1331 1136 Viator]
1369 1095 1495 1132 Pedes,
1521 1106 1580 1126 ne-

878 1156 943 1187 que
971 1147 1059 1177 enim
1088 1147 1120 1178 in
1149 1148 1292 1187 gratiam
1321 1147 1504 1189 Hippolyti
1535 1148 1578 1178 ab

879 1197 975 1236 equis
1005 1196 1185 1238 discerpti,
1216 1197 1272 1238 qui
1304 1198 1467 1238 templum
1494 1198 1577 1228 illud

879 1246 1002 1277 Dianae
1033 1247 1172 1287 dicavit,
1200 1257 1318 1278 nemus
1346 1248 1430 1278 illud
1462 1248 1578 1279 aditur

879 1297 986 1336 equis.
1011 1297 1113 1328 Ovid.
1129 1299 1159 1328 3.
1179 1298 1312 1329 Fastor.

920 1349 939 1377 4
967 1347 1120 1377 Octavum
1149 1347 1298 1387 marmor]
1335 1347 1504 1379 Octavum
1535 1349 1580 1379 la-

879 1399 1005 1439 pidem,
1034 1399 1067 1429 id
1095 1403 1160 1435 est,
1192 1400 1382 1430 milliarium
1412 1410 1431 1431 a
1462 1401 1581 1433 Roma.

879 1449 990 1489 Legit]
1016 1449 1125 1487 Petit,
1139 1450 1222 1482 adit.

922 1504 942 1532 6
966 1501 1059 1532 Nunc
1081 1502 1194 1542 minor]
1217 1502 1285 1533 Sed
1301 1512 1390 1534 nune
1408 1503 1479 1543 ipse
1494 1504 1583 1535 Her-

880 1551 972 1582 cules
996 1551 1136 1582 inferior
1163 1557 1281 1583 nostro
1305 1551 1430 1591 factus,
1457 1555 1577 1585 Domi-

880 1600 1008 1631 tionum
1025 1601 1118 1631 colit.
1143 1601 1239 1632 Infra
1263 1602 1380 1642 Epigr.
1401 1605 1472 1634 104.
1490 1613 1580 1634 vers.

883 1653 933 1680 ll.

922 1703 940 1731 7
967 1701 1075 1743 Hunc]
1101 1703 1351 1743 Domitianum,
1380 1704 1485 1736 Herc.
1511 1715 1578 1736 ma-

873 1751 998 1790 jorem.

921 1805 941 1832 8
965 1803 1019 1833 Illi
1049 1813 1181 1841 securus,
1207 1804 1275 1844 esox]
1301 1804 1355 1836 Ab
1387 1806 1444 1837 illo
1473 1807 1577 1838 Herc.

878 1853 1005 1883 minore
1021 1855 1192 1894 supplices
1210 1856 1357 1886 minores
1374 1862 1494 1896 petant
1518 1860 1578 1889 mi-

879 1913 974 1934 nora.

923 1953 1028 1984 Epic.
1045 1962 1142 1985 vai.
1171 1955 1309 1985 Nullum
1326 1955 1580 1989 facitadulandi

877 2002 977 2034 finem
995 2003 1114 2039 Poeta,
1129 2004 1382 2047 Herculemque
1400 2018 1419 2038 a
1435 2008 1578 2039 Caesaris

877 2053 963 2085 facie
977 2060 1107 2085 tantam
1124 2056 1326 2095 dignitatem
1340 2068 1462 2098 capere
1480 2060 1577 2095 dicit,

877 2109 916 2134 ut
932 2104 959 2134 si
976 2104 1068 2134 illum
1088 2106 1199 2135 vultus
1215 2106 1378 2138 honorem
1394 2113 1428 2139 et
1443 2110 1575 2148 elegan-

877 2155 957 2185 tiam
974 2155 1124 2185 mortalis
1149 2155 1325 2188 habuisset
1342 2158 1432 2196 olim,
1450 2160 1577 2190 nullum

877 2205 1012 2235 omnino
1046 2206 1234 2245 periculum
1267 2206 1436 2239 aditurum
1474 2208 1577 2240 fuisse

876 2254 980 2285 dicat.

922 2309 936 2336 l
965 2306 1055 2336 Nunc
1081 2307 1270 2343 agnoscende
1302 2306 1450 2347 Tonanti]
1475 2308 1578 2340 Nunc

877 2355 1011 2386 tandem
1031 2356 1151 2395 probas
1170 2360 1201 2385 te
1228 2356 1324 2387 Jovis
1339 2356 1521 2396 Capitolini
1539 2358 1578 2388 fi-

876 2405 969 2442 lium,
998 2411 1179 2445 postquam
1207 2405 1342 2436 indutus
1375 2416 1410 2437 es
1436 2406 1577 2439 formam

877 2455 1081 2491 Domitiani,
1099 2455 1197 2485 modo
1215 2456 1329 2495 Epier.
1347 2459 1399 2488 65.
1417 2467 1503 2488 verS.
1522 2462 1553 2489 l.

921 2507 939 2535 3
963 2504 999 2535 Si
1023 2505 1172 2546 tibi,85c.]
1207 2506 1242 2536 Si
1269 2507 1430 2546 gessisses
1454 2519 1513 2539 ora
1542 2514 1578 2541 et

878 2557 1007 2588 vultum
1025 2557 1184 2595 Caesaris,
1200 2566 1275 2587 cum
1292 2557 1381 2588 feras
1399 2558 1566 2592 domares.

920 2610 938 2636 5
959 2606 1105 2643 Argolico
1116 2606 1262 2647 tyranno]
1282 2608 1485 2648 Eurystheo,
1498 2611 1574 2651 My-

879 2667 1037 2689 cenarum
1068 2659 1151 2697 regi,
1172 2658 1240 2698 qui,
1264 2658 1413 2689 dictante
1429 2660 1576 2700 Junoue,

880 2707 1066 2738 Herculem
1083 2707 1124 2737 ad
1142 2706 1340 2738 difficillima
1355 2719 1497 2751 quaeque
1518 2711 1579 2742 ol»-

881 2757 992 2787 eunda
1018 2756 1144 2797 adegit.
1188 2757 1275 2788 vide
1302 2768 1374 2800 quae
1401 2760 1443 2791 ad
1469 2761 1575 2794 Herc.
