1866 3131
420 190 466 219 M.
501 190 611 220 VAL.
646 188 918 218 MARTIALIS
953 188 1112 218 EPIGR.
1148 190 1238 218 LIB-
1272 189 1335 217 lv.

158 291 177 312 a
215 281 411 313 Domitiano
441 287 649 323 extructum,
677 282 855 314 Molorcho

157 333 317 363 sacellum
344 333 545 364 condiderat
559 338 594 363 et
619 334 726 373 ipsum
754 333 855 362 ‹lona-

156 382 214 412 riis
231 382 386 413 ditatum.
411 382 578 422 Molorchi]
603 383 769 422 Pauperis
781 391 855 422 pas-

157 434 254 472 toris,
285 435 339 473 qui
366 434 546 464 Herculem
568 432 610 463 ad
636 433 768 463 leonem
786 431 854 462 Ne-

155 494 296 514 meaeum
314 483 534 514 occidendum
562 482 754 513 venientem
780 481 854 512 lios-

159 534 244 573 pitio
257 534 407 574 excepit.

202 588 240 615 31
285 585 340 615 Vos
376 593 467 622 nnnc,
502 582 570 623 ἔξω]
609 581 851 622 Epiphonema.

155 635 209 665 Ite
230 636 315 675 jam,
341 634 433 665 avari
457 633 618 671 Vectidii,
644 632 762 673 quibus
787 641 853 662 non

155 684 326 715 sufficiunt
339 683 612 725 latifundia,quae
625 683 744 713 milvus
756 682 852 713 ober-

153 740 206 766 ret
251 735 374 776 quique
408 740 543 765 centum
577 735 701 774 jugera
737 733 852 764 aratis.

156 785 228 824 Ego
266 785 318 814 vel
355 784 417 814 toti
445 784 577 823 Tiburi,
604 784 786 823 Praenesti,
817 790 852 814 et

154 835 270 873 Setiae,
302 844 410 874 pauca
439 835 512 866 liaec
538 834 705 866 Martialis
729 835 853 876 jugera

154 884 322 916 antefero.

197 939 238 967 32
263 937 421 974 Gelidum,
435 935 505 977 δμκ]
529 937 654 977 Supra,
675 935 852 976 Epigram—

155 992 247 1017 mate
264 990 317 1018 62.

197 1039 236 1067 33
284 1037 529 1077 Pendulamque]
575 1036 616 1067 In
657 1036 853 1068 declivitate

154 1087 276 1118 montis
289 1088 399 1118 sitam.

195 1140 236 1168 34
265 1137 328 1167 Um‘
363 1137 481 1178 dedite]
512 1137 579 1168 Uni
614 1137 732 1168 colono
767 1137 853 1168 Seti-

154 1196 232 1217 num
248 1196 364 1227 agrum
389 1186 569 1218 locandum
593 1186 691 1226 dixit,
707 1187 762 1227 qni
779 1187 852 1218 scil.

153 1247 230 1268 eum
258 1238 348 1268 colat
362 1247 437 1268 cum
465 1236 603 1268 familia.
647 1237 744 1268 Setia
762 1246 852 1276 ergo

154 1288 274 1318 civitas
291 1288 324 1319 in
341 1292 496 1319 extrema
512 1287 602 1318 Latii
620 1293 730 1328 parte,
750 1297 854 1328 supra

154 1336 262 1368 forum
287 1338 412 1379 Appii:
437 1337 526 1369 unde
552 1343 588 1369 et
622 1338 777 1368 Setinum
806 1338 852 1368 vi-

154 1398 244 1428 num,
257 1388 300 1419 de
318 1399 384 1429 quo
400 1388 456 1419 lib.
469 1391 520 1418 13.
565 1388 574 1404 ‘
589 1387 745 1418 Pendula
763 1389 853 1418 Pon-

154 1439 240 1469 tinos
279 1449 354 1480 quae
395 1442 530 1479 spectat
563 1437 657 1468 Setia
693 1436 855 1477 campos.'

156 1489 240 1520 Rati.

197 1542 236 1570 35
262 1540 358 1574 Dum,
374 1539 444 1579 effic]
468 1539 560 1569 Malo
581 1537 743 1577 jugerum
772 1547 853 1577 pau-

154 1600 269 1621 corum
291 1590 374 1622 Julii
391 1590 495 1620 Mart.
510 1598 609 1629 quam
626 1588 729 1618 totins
744 1588 853 1618 Setini

155 1641 225 1680 agri
243 1640 396 1670 dominus
413 1647 498 1669 esse.

201 1691 306 1721 Emo-
319 1698 401 1720 va.
416 1691 435 1719 2
452 1688 553 1719 Lusca
574 1687 634 1727 est]
650 1686 853 1727 Ἀπροσδοκή-

154 1752 212 1771 τως
228 1749 317 1779 resp.
334 1748 442 1779 neque
458 1739 546 1768 enirn
569 1738 712 1768 alterum
729 1738 852 1769 habet:

154 1791 181 1820 si
212 1790 299 1820 enim
334 1794 513 1829 utrumque
541 1788 670 1818 salvum
701 1789 854 1829 haberet,

155 1845 299 1880 utroque
318 1839 479 1879 ploraret.

195 1891 302 1920 EmG.
320 1897 421 1920 var.
447 1887 573 1918 Irridet
587 1887 649 1918 snb
665 1888 779 1928 specie
796 1888 853 1919 ad-

154 1939 345 1972 mirationis
368 1939 488 1970 Linum
516 1937 708 1979 quemdam,
730 1939 786 1979 qui
804 1939 852 1969 in-

154 2000 235 2032 gens
267 1989 507 2031 patrimonium
538 1988 784 2028 dilapidaverat
813 1999 852 2020 eo

155 2043 249 2073 victu
271 2045 306 2072 et
331 2041 440 2079 cultu,
467 2049 533 2081 quo
563 2039 647 2070 alius
676 2045 792 2080 posset
819 2040 854 2071 id

154 2092 294 2123 multum
317 2100 462 2131 augere:
497 2089 649 2131 dicitque
679 2100 755 2121 enm
783 2100 853 2122 rem

154 2143 277 2175 fecisse
302 2141 484 2173 difficilem.
528 2142 616 2172 Nam
640 2141 759 2172 eadem
777 2152 853 2182 par-

155 2194 308 2231 simonia,
337 2202 402 2232 qua
422 2193 506 2222 alius
531 2192 605 2233 quis
634 2201 676 2222 ex
704 2202 854 2233 paupere

156 2243 250 2273 dives
287 2242 360 2272 fieri
393 2245 539 2282 poterat,
576 2242 631 2272 ille
663 2248 782 2273 contra
812 2253 855 2274 ex

155 2293 320 2324 diussimo
359 2291 470 2324 factus
514 2296 568 2324 cst
608 2293 855 2333 pauperrimus.

157 2344 311 2374 Ramz'res.

199 2397 214 2424 1
242 2393 478 2433 Municipalem]
511 2393 703 2434 Frugalem,
733 2399 854 2435 utpote

157 2444 329 2480 rusticam,
356 2453 456 2484 quam
490 2442 616 2483 degunt
649 2445 683 2475 in
714 2446 854 2476 munici-

157 2496 234 2536 piis,
256 2505 331 2536 quae
357 2494 484 2534 oppida
500 2499 578 2525 sunt
592 2500 688 2526 certa
705 2496 779 2536 lege
795 2496 853 2527 do-

156 2551 236 2576 nata
247 2545 398 2583 civitate,
408 2544 622 2585 munerisque
635 2550 766 2585 partem
779 2556 854 2577 cum

159 2606 238 2636 pop.
256 2595 410 2625 Romano
427 2594 578 2634 capiunt.

204 2648 223 2676 2
263 2644 381 2684 Vilius]
403 2644 518 2675 Minus
536 2649 782 2686 sumptuosum,
800 2646 855 2677 ab·

156 2695 295 2737 jectius.

203 2749 222 2777 3
248 2746 353 2778 Idibus
382 2749 412 2778 et
440 2745 534 2787 raris,
561 2746 631 2786 δῖα]
664 2747 733 2779 Ubi
763 2756 854 2778 raras

1489 178 1600 219 1215

905 282 1068 322 appellat,
1088 292 1151 313 non
1169 283 1256 324 qnod
1274 292 1349 314 raro
1367 281 1469 313 Linus
1486 281 1518 312 in
1537 282 1601 312 Ur-

905 332 979 363 bem
1010 333 1217 372 ventitaret3
1241 335 1300 364 sed
1326 332 1412 374 quod
1436 333 1600 364 Kalendae

905 388 940 413 ct
966 382 1058 421 Idus,
1087 383 1207 423 quibus
1232 384 1421 424 municipes
1439 383 1481 414 ad
1505 392 1602 414 sacra

904 433 1012 473 togati
1037 434 1302 472 conveniebant,
1325 444 1408 465 rarae
1425 438 1524 473 sunt;
1552 443 1603 465 se-

904 483 971 513 mel
988 484 1076 514 euim
1105 488 1238 515 tantum
1264 485 1297 514 in
1322 495 1435 515 mense
1452 484 1604 516 veniunt.

905 533 1080 565 Ferrarius.
1126 534 1247 572 Idibus,
1273 535 1340 575 lya]
1380 535 1538 566 Calendis
1567 539 1604 566 et

903 583 1022 614 Idibus
1037 584 1266 615 conveniebat
1283 585 1324 615 ad
1348 585 1483 624 publica
1507 595 1604 616 sacra

904 633 1048 673 populus
1076 639 1230 675 togatus:
1264 635 1298 665 in
1329 635 1520 674 municipiis
1548 641 1598 666 ta-

903 693 980 714 men
1004 684 1113 714 rarior
1127 690 1212 724 togae
1237 694 1330 724 usus,
1345 685 1474 717 Juven.
1489 685 1602 725 Satyr.

902 736 934 765 3.
956 744 1044 765 vers.
1072 737 1145 767 171.
1171 740 1207 766 et
1232 735 1322 766 Plin.
1350 735 1409 766 lib.
1435 738 1466 766 7.
1490 736 1602 776 Epist.

902 788 932 814 8.
991 785 1124 824 Togula]
1163 785 1241 816 Non
1270 786 1374 824 lauta,
1405 795 1469 816 nec
1514 786 1604 823 laxa,

902 836 1037 875 qualem
1078 836 1247 867 beatiores
1294 836 1495 877 gestabant3
1542 837 1604 867 sed

902 885 1024 925 exigua
1045 892 1080 917 ct
1095 893 1250 927 angusta.
1277 888 1418 918 Excussa
1435 887 1604 927 Kalendis]

904 936 1098 976 Explicata‚
1110 938 1168 968 ubi
1184 938 1396 978 depromitur
1405 946 1423 968 e
1435 937 1607 977 vestiario,

903 995 963 1016 seu
981 987 1108 1026 praelo:
1132 988 1189 1018 alii
1216 987 1274 1018 tibi
1295 990 1428 1027 sumpta.
1474 987 1602 1018 Diebus

904 1036 992 1066 enim
1009 1035 1105 1068 festis
1124 1040 1255 1068 tantum
1273 1042 1308 1068 et
1335 1036 1531 1067 solennibus
1557 1041 1607 1067 to-

905 1095 963 1125 gas
978 1091 1012 1117 et
1024 1087 1238 1118 candidiores
1251 1091 1364 1118 vestes
1378 1087 1557 1118 sumebant
1570 1087 1604 1117 in

903 1137 1109 1176 municipiiS.

947 1190 967 1218 4
990 1187 1168 1229 Synthesis]
1200 1189 1286 1221 Quae
1318 1193 1372 1220 est
1403 1189 1605 1229 compositio

904 1243 938 1268 et
960 1239 1171 1269 constructio
1186 1239 1373 1279 aliquarum
1393 1248 1520 1278 rerum,
1543 1239 1605 1269 sed

904 1288 1076 1328 praecipue
1095 1288 1248 1320 vestium.
1291 1289 1392 1320 Unde
1409 1289 1605 1329 etSynecd.

904 1347 966 1378 pro
982 1348 1049 1368 una
1066 1345 1157 1370 veste
1175 1339 1331 1379 sumitur,
1347 1344 1386 1371 ut
1402 1345 1436 1370 et
1453 1339 1520 1370 hic.
1559 1340 1606 1370 Et

904 1388 979 1419 vide
996 1389 1051 1420 lib.
1069 1393 1099 1419 5.
1115 1390 1232 1430 Epigr.
1245 1393 1298 1421 80.
1327 1391 1336 1408 ‘
1352 1391 1523 1422 Undecies
1539 1401 1606 1421 una

901 1440 1059 1479 surrexti,
1081 1440 1188 1480 Zone,
1203 1451 1311 1480 coena,
1336 1441 1381 1473 Et
1396 1446 1528 1473 mutata
1543 1441 1605 1473 tibi

902 1495 954 1520 est
978 1490 1156 1530 Synthesis
1185 1491 1367 1523 undecies?
1411 1492 1457 1523 Et
1487 1492 1606 1523 ultimo

903 1550 1018 1572 versu:
1043 1542 1051 1556 ‘
1069 1541 1188 1582 Frigus
1216 1543 1303 1573 enim
1334 1552 1488 1582 magnum
1518 1543 1604 1584 Syn„

903 1589 1007 1620 thesis
1022 1599 1087 1620 una
1102 1589 1207 1622 facit)
1251 1591 1329 1622 Hoc
1345 1592 1434 1622 enim
1452 1593 1526 1623 loco
1548 1602 1607 1624 no-

902 1645 996 1671 tatur
1022 1651 1149 1671 summa
1175 1642 1251 1672 Lini
1277 1642 1496 1682 parsimonia,
1513 1642 1604 1683 quod

903 1694 1035 1721 tantum
1077 1690 1213 1721 abesset
1245 1700 1264 1721 a
1294 1692 1388 1730 luxu,
1421 1696 1458 1722 ut
1486 1691 1604 1723 eadem

903 1746 1000 1771 veste
1016 1739 1134 1771 decem
1147 1741 1241 1771 annis
1258 1746 1424 1772 uteretur.
1448 1742 1606 1773 Ramires.

904 1791 1110 1831 Epigrannn.
1125 1794 1176 1823 46.
1195 1791 1278 1822 libro
1292 1794 1322 1821 2.
1338 1801 1426 1821 vers.
1444 1794 1475 1822 3.

945 1844 963 1870 5
988 1841 1094 1872 Saltus
1121 1840 1243 1880 aprum]
1267 1841 1535 1872 Commoditates
1562 1851 1605 1873 ex

905 1901 981 1922 rure
1020 1892 1101 1922 Lino
1141 1891 1380 1931 provenientes
1419 1898 1606 1932 enumerat,

904 1951 1004 1982 quum
1032 1941 1208 1972 esculenta
1233 1947 1268 1973 et
1294 1942 1476 1982 poculenta
1493 1944 1606 1974 omnia

904 1991 1043 2022 haberet
1066 2002 1138 2031 sua,
1165 1992 1255 2022 nullo
1272 1992 1380 2032 pretio
1397 1998 1604 2033 comparata.

906 2043 1093 2083 Inemptum]
1110 2044 1240 2075 Labore
1257 2044 1443 2076 venationis
1460 2049 1606 2085 tantum,

905 2103 969 2125 non
983 2095 1094 2135 pretio
1109 2096 1299 2135 quaesitum.
1322 2095 1331 2110 ‘
1342 2095 1497 2136 Dapibus
1511 2105 1604 2126 men-

906 2155 959 2175 sas
1005 2146 1170 2176 onerabat
1206 2145 1396 2186 inemptis?
1435 2146 1531 2185 Virg.
1570 2148 1603 2178 4.

904 2195 1067 2234 Georgic.

948 2248 967 2275 8
991 2245 1114 2276 Rubens
1131 2243 1237 2284 fudit]
1261 2246 1408 2284 Figlinus
1423 2256 1463 2277 ex
1483 2247 1604 2286 argilla

904 2295 1015 2326 rubra.
1076 2296 1146 2326 Non
1165 2297 1328 2335 peregrina
1355 2297 1463 2337 cadus]
1499 2297 1602 2327 Domi

904 2351 996 2385 nata,
1013 2347 1045 2376 in
1059 2346 1145 2385 agris
1165 2346 1240 2377 tuis.

947 2400 967 2428 9
991 2397 1058 2428 Nec
1073 2400 1171 2435 tener,
1195 2397 1264 2437 ξω]
1289 2397 1366 2428 Νοη
1390 2396 1453 2427 tibi
1475 2406 1600 2428 mensae

904 2448 1060 2479 minister
1090 2456 1211 2487 magno
1248 2446 1358 2486 pretio
1397 2452 1530 2486 emptus
1560 2457 1603 2478 ex

905 2498 1049 2529 Graecia.
1094 2497 1148 2527 Ita
1161 2501 1196 2527 ut
1210 2494 1423 2528 effunderent
1436 2497 1470 2527 in
1483 2506 1603 2538 puero-

904 2557 977 2578 rum
997 2547 1107 2587 pretia
1121 2547 1274 2586 ingentes
1290 2556 1383 2586 opes.
1427 2547 1483 2578 Sic
1498 2557 1602 2587 supra

902 2597 962 2628 lib.
981 2600 1010 2627 1.
1026 2597 1145 2637 Epigr.
1166 2599 1218 2626 59.
1262 2597 1271 2613 ‘
1290 2596 1396 2626 Millia
1408 2606 1468 2636 pro
1485 2606 1602 2637 puero,

904 2652 1040 2679 centum
1084 2656 1137 2677 me
1171 2655 1289 2686 mango
1327 2647 1491 2687 poposcit.
1528 2648 1599 2678 Risi

905 2706 966 2737 ego
981 2707 989 2733 ;
1006 2696 1064 2727 sed
1082 2695 1227 2726 Phoebus
1247 2696 1469 2736 protinusilla
1482 2696 1601 2729 dedit!

949 2749 987 2777 10
1012 2747 1074 2778 Sed
1095 2745 1197 2787 stetit,
1211 2746 1280 2786 ὅρα]
1302 2746 1369 2778 Sed
1387 2746 1488 2778 villici
1503 2748 1603 2788 pueri
