1866 3131
213 203 319 243 loeo

210 306 375 347 Esquilias
389 314 494 346 nsque
504 304 611 336 fecit.’
629 304 819 344 Radiahant]
834 304 901 336 Au-

211 366 247 387 ro
263 356 466 397 gemmisque
483 354 668 394 fulgebant.
701 355 814 395 Atria]
835 356 902 385 Do-

211 416 281 436 mus
299 406 390 445 prius
416 405 667 445 ‘Transitoria‚’
691 417 767 437 mox
790 407 902 437 incen-

211 457 266 486 dio
291 455 471 496 absumpta
488 456 727 498 restitutaque,
750 458 758 473 ‘
777 455 901 487 Aurea‘

209 506 391 536 nominata.
424 506 520 536 Suet.
549 506 686 538 Nerone
714 511 813 539 c.31.
840 508 903 538 Re-

206 555 271 595 gis]
295 556 449 587 Crudelis
477 556 625 596 Tyranni
655 557 819 588 Neronis:
846 567 903 588 no-

209 616 284 636 men
315 611 428 637 autem
459 606 545 647 regis
578 617 711 647 semper
744 607 902 638 Romanis

207 658 362 690 invisum.

249 712 269 740 4
297 707 516 748 Umquam]
541 709 668 740 Notum
693 709 755 740 hoc
782 719 800 739 e
830 718 903 739 car-

208 759 297 789 mine
316 759 384 796 ino,
399 759 528 789 ‘Roma
554 759 673 790 domus
701 758 772 799 fiet,
799 759 901 789 Veios

207 810 352 849 migrate
384 809 548 847 Quirites,
576 809 609 839 Si
638 818 703 839 non
731 814 766 839 et
797 809 900 839 Veios

208 865 357 900 occupat
374 860 431 890 illa
451 858 592 897 domus‚'
621 858 793 890 referente
819 859 900 889 Sue·

208 910 303 941 tonio
327 909 410 940 Ner.
425 918 455 939 c.
479 912 531 939 39.
564 908 709 939 Neronis
737 909 824 939 enim
843 909 900 939 do-

206 971 278 991 mus
295 969 313 991 e
327 960 462 990 Palatio
473 959 513 990 ad
530 959 695 1000 Esquilias
711 969 813 999 usque
827 969 899 998 per-

207 1010 349 1042 fineban

249 1065 266 1092 5
294 1061 358 1091 Hic
371 1060 434 1098 ubi,
447 1059 514 1100 ssa]
540 1059 637 1090 Inter
651 1059 791 1090 Coelium
806 1070 898 1090 mon-

205 1118 271 1143 tem
283 1117 316 1142 et
328 1110 506 1152 Esquilias.
520 1110 767 1150 Amphitheatri]
782 1111 898 1152 Epigr.

207 1166 234 1194 l.
251 1172 281 1193 v.
297 1165 327 1193 7.

247 1215 266 1243 6
292 1212 454 1252 Erigitur]
490 1212 897 1252 ErigiAmphitheatrum

205 1265 314 1296 dixit:
354 1264 565 1294 altitudinem
599 1265 672 1304 ejus
704 1265 897 1296 declarans.

202 1316 211 1332 ‘
223 1313 449 1345 Venerabilis’
465 1319 576 1344 autern
595 1324 634 1344 ea
649 1316 657 1331 ‘
670 1315 800 1351 moles‚’
816 1325 896 1355 quo-

203 1365 291 1395 niam
308 1374 404 1395 sacra
418 1365 534 1395 Marti.
563 1364 694 1404 Stagna,
710 1365 779 1404 &sc-‚J
797 1367 895 1406 Stag-

204 1424 282 1445 num
319 1415 418 1444 maris
468 1415 587 1453 instar,
630 1416 893 1457 circumseptum

203 1463 355 1495 aedificiis
371 1465 411 1495 ad
433 1464 523 1495 urbis
539 1467 699 1505 speciem.

244 1517 262 1544 7
289 1515 365 1551 Hic,
380 1515 447 1554 ἐγὼ]
469 1515 509 1545 In
525 1516 628 1546 tertia
642 1517 734 1547 urbis
749 1518 894 1556 regione.

207 1565 339 1602 velocia,
353 1566 420 1606 550]
454 1566 619 1597 Celeriter
640 1573 809 1599 extructa.

244 1617 264 1645 8
285 1614 476 1653 Abstulerat,
508 1617 575 1656 ξω]
611 1617 773 1649 Incendio
804 1620 893 1650 enim

203 1669 236 1695 et
251 1664 354 1695 ruinis
375 1664 494 1705 patriae
508 1666 641 1697 domum
653 1667 715 1698 sibi
726 1669 893 1708 extruxit,

203 1715 243 1745 ad
260 1723 401 1756 eamque
418 1725 511 1755 arva,
528 1721 660 1756 stagna,
676 1719 797 1758 sylvas,
820 1730 896 1760 pro-

203 1770 353 1804 spectus,
367 1767 431 1796 ἃς.
447 1766 557 1797 Tacit.
573 1770 623 1798 15.
643 1767 764 1799 Annal.
781 1769 895 1809 Super-

203 1815 272 1855 bus]
297 1814 350 1845 An
364 1815 442 1855 quia
459 1817 684 1857 amplissimus
698 1824 732 1849 et
744 1820 895 1857 magnifi-

203 1865 439 1896 centissimus?
457 1875 497 1896 an
512 1866 591 1907 qnia
602 1868 765 1907 privatus,
777 1875 811 1901 et
829 1871 896 1901 Ne-

204 1915 273 1945 roni
290 1915 482 1954 singularis,
505 1926 567 1947 nec
596 1919 719 1957 populo
748 1929 896 1951 commu·

202 1965 266 2003 nis,
282 1969 320 1996 ut
336 1965 491 1996 Thermae
507 1967 596 1998 Titi?
621 1968 773 2001 Raderus.

245 2019 265 2047 9
291 2016 434 2053 Claudia,
450 2018 516 2058 Sym]
552 2018 636 2050 Quae
652 2024 687 2050 et
700 2020 806 2059 Livia,
823 2020 895 2052 aliis

202 2070 315 2096 tamen
346 2076 364 2096 a
401 2066 496 2097 Livia
533 2067 676 2100 diversa.
736 2070 896 2112 Porticus]

202 2116 316 2146 Romae
342 2116 491 2154 porticus
507 2118 631 2149 additae
649 2125 727 2151 sunt
743 2122 796 2152 vel
813 2122 894 2153 aedi-

201 2165 261 2195 bus
275 2166 390 2204 sacris,
406 2167 458 2196 vel
480 2167 657 2199 illustrium
675 2171 820 2202 virorum
833 2172 893 2204 do-

200 2215 343 2254 miciliis,
369 2218 421 2246 vel
449 2218 592 2257 publicis
616 2220 690 2250 aliis
715 2221 890 2255 aedificiis:

198 2265 297 2307 idque
324 2267 377 2297 vel
402 2268 444 2297 ob
469 2268 598 2307 pluvias
628 2271 756 2303 subitas
787 2273 893 2305 decli·

199 2315 337 2355 nandas,
354 2317 405 2346 vel
421 2322 533 2356 gratas
551 2328 611 2359 per
637 2326 792 2353 aestatem
822 2333 892 2354 um-

200 2366 273 2396 bras
303 2370 338 2397 et
364 2366 493 2407 frigora
514 2371 707 2410 captanda:
733 2373 786 2403 vel
819 2374 892 2414 ipsa

197 2424 393 2449 ornamenta
407 2418 557 2451 fabricae.
591 2422 706 2455 Rader.
742 2425 889 2465 Umbras]

197 2468 279 2498 Cum
292 2479 378 2508 suaS,
393 2474 462 2500 tum
475 2472 647 2513 vitiS‚quae
661 2475 831 2506 subdiales
843 2477 890 2507 in-

196 2519 440 2550 ambulationes
465 2522 627 2554 umbrosis
644 2526 793 2565 pergulis
808 2536 888 2567 opa-

197 2567 308 2598 cabat.
333 2569 463 2599 Plinius
480 2571 500 2600 l.
518 2574 566 2602 14.
584 2582 612 2602 c.
630 2577 659 2604 1.

242 2620 280 2647 10
306 2619 434 2658 Ultima,
448 2621 516 2660 Qua]
553 2622 714 2655 Extrema
735 2635 812 2665 pars
829 2626 886 2658 do-

194 2677 265 2698 mus
282 2667 418 2707 Aureae,
441 2669 473 2699 id
504 2675 568 2708 est,
593 2672 695 2711 juxta
720 2677 887 2718 Esquilias

195 2718 227 2749 in
244 2718 361 2759 quinta
378 2719 468 2749 urbis
486 2721 631 2761 regione.

238 2771 273 2800 11
303 2769 440 2801 Reddita
458 2771 557 2802 Roma
570 2772 646 2812 sibi]
670 2774 745 2806 Una
768 2775 884 2810 domus

673 211 810 240 No'l‘AE
846 211 903 239 VA
916 210 1065 241 RlORU
1078 212 1103 239 M
1145 211 1193 240 {N

954 310 1055 337 antea
1071 307 1215 337 etunius
1226 310 1311 344 erat,
1322 314 1420 346 quam
1436 305 1551 337 Caesar
1564 306 1649 347 pub·

955 357 1028 387 licis
1052 357 1218 388 extructis
1248 356 1409 396 operibus
1440 366 1649 388 communem

954 406 1049 442 fecit.
1063 409 1123 438 hoc
1137 413 1200 446 est,
1214 408 1329 439 urbem
1344 407 1428 446 urbi,
1445 408 1650 448 Romanique

957 459 1070 489 Roma*
1089 458 1247 489 reddidit.
1288 459 1403 489 Rader.
1441 458 1482 489 Te
1507 459 1651 498 prccside,

957 508 1078 548 Caesar]
1101 509 1146 538 Te
1166 508 1389 548 imperatore.

1000 561 1037 589 12
1063 559 1205 598 Deliciae,
1226 560 1292 599 ἐγὼ]
1329 560 1517 600 Postquam
1545 570 1650 600 opera

955 616 991 641 et
1017 621 1155 641 munera
1180 611 1315 651 publica
1345 611 1438 641 facta
1459 615 1547 650 sunt,
1574 622 1649 652 quae

955 671 1064 701 nuper
1080 662 1111 691 in
1139 661 1280 702 privatis
1306 661 1437 692 deliciis
1466 667 1651 701 occuparat

956 710 1061 742 Nero.
1107 710 1252 741 Videtur
1267 711 1416 742 alludere
1440 710 1481 741 ad
1504 712 1648 751 elogium

953 770 1130 791 commune
1145 762 1226 798 Titi,
1248 770 1347 801 quem
1374 761 1486 792 ‘orbis
1502 761 1649 793 delitias'

952 812 1183 851 appellavere.
1218 812 1362 852 Domini]
1407 813 1552 844 Caesaris
1579 814 1650 845 Ne-

953 862 1053 892 rouis.

954 911 1055 942 Eme..
1089 920 1144 942 ιιι.
1207 913 1256 942 Ex
1299 913 1388 942 omni
1432 912 1522 943 orbis
1551 919 1648 954 parte

994 962 1052 1001 (ad
1069 972 1167 1002 quam
1186 962 1285 994 Rom.
1303 963 1415 1003 populi
1436 973 1555 994 nomen
1574 974 1648 1004 per-

997 1012 1152 1051 venerat)
1176 1011 1378 1043 confluxisse
1402 1018 1520 1051 gentes
1552 1025 1649 1054 spec-

995 1063 1087 1092 tandi
1111 1063 1218 1102 ludos,
1239 1064 1474 1105 salutandique
1504 1065 1649 1096 Caesaris

995 1113 1128 1144 studio:
1161 1114 1377 1154 generalique
1401 1115 1647 1146 acclamatione

993 1163 1086 1194 illum
1105 1164 1238 1194 Patrem
1250 1163 1367 1204 patriae
1380 1165 1559 1195 salutasse.

996 1217 1010 1244 l
1038 1215 1116 1250 Quae
1132 1218 1196 1245 tam
1212 1215 1344 1254 seposita
1361 1215 1421 1255 est]
1447 1216 1585 1247 Nullam
1599 1216 1647 1246 ait

949 1270 1084 1304 gentem
1112 1265 1197 1296 adeo
1226 1270 1389 1296 remotam
1417 1266 1458 1296 ab
1485 1266 1582 1305 urbe,
1606 1276 1647 1297 ex

950 1325 1015 1356 qua
1039 1325 1104 1346 non
1122 1315 1251 1347 fuerint
1274 1317 1306 1346 in
1334 1316 1418 1347 urbe
1436 1318 1494 1347 visi
1512 1323 1646 1358 specta·

950 1370 1062 1404 tores;
1092 1372 1207 1397 tantus
1233 1376 1326 1397 amor
1350 1373 1423 1397 erat
1452 1373 1488 1398 et
1519 1368 1645 1409 cupido

948 1416 1139 1456 spectandi.
1161 1418 1345 1458 Tranquill.
1359 1417 1390 1448 iu
1404 1418 1537 1449 Caesare
1551 1429 1580 1450 c.
1593 1421 1645 1450 39.

946 1467 955 1483 ‘
976 1466 1027 1496 Ad
1044 1477 1121 1508 quae
1147 1468 1258 1497 onmia
1287 1469 1484 1508 spectacula
1514 1474 1645 1500 tantum

947 1517 1094 1557 undique
1113 1515 1276 1549 confluxit
1294 1518 1476 1557 hominum,
1491 1525 1527 1550 ut
1547 1520 1648 1560 pleri·

947 1577 1012 1609 que
1030 1568 1167 1600 adveuae
1185 1573 1244 1599 aut
1260 1569 1348 1600 iuter
1371 1570 1461 1600 vicos
1483 1575 1540 1600 aut
1559 1571 1646 1600 inter

949 1619 1018 1649 vias
1045 1619 1274 1649 tabernaculis
1306 1619 1425 1659 positis
1457 1625 1646 1657 manerent,

948 1677 988 1698 ac
1002 1678 1094 1708 saepe
1113 1678 1182 1708 prae
1197 1669 1296 1699 turba
1308 1669 1381 1699 elisi
1394 1670 1646 1711 exanimatique

944 1718 1012 1749 sint
1029 1719 1176 1759 plurimi,
1194 1720 1277 1751 etin
1296 1720 1344 1750 his
1361 1720 1428 1750 duo
1448 1721 1644 1752 senatores!

948 1769 1028 1800 Rati.
1052 1769 1211 1808 Barbara,
1223 1770 1290 1810 350]
1319 1771 1369 1801 Ex
1384 1771 1582 1803 Graecorum
1596 1772 1646 1804 di·

945 1818 1072 1849 visione
1090 1819 1216 1858 mundi,
1229 1820 1351 1860 quihus
1364 1821 1419 1851 alii
1431 1831 1546 1852 ornnes
1558 1823 1643 1853 Bar·

946 1868 1015 1898 bari
1042 1868 1137 1907 dicti,
1164 1869 1229 1900 imo
1255 1879 1297 1900 ex
1325 1871 1394 1900 suis
1415 1872 1553 1912 quinon
1570 1873 1642 1904 *Ελ-

942 1918 1023 1949 λάδα
1048 1920 1252 1958 incolebant,
1278 1921 1377 1961 quive
1408 1931 1473 1952 non
1500 1932 1559 1953 ore
1591 1933 1642 1954 ro-

946 1970 1061 2009 tundo,
1082 1971 1230 2002 molliter
1254 1976 1289 2001 et
1315 1971 1433 2003 Attice
1456 1973 1642 2014 loqueban-

944 2024 1009 2052 tur.
1056 2020 1109 2051 Ab
1125 2031 1247 2061 aspera
1263 2022 1350 2053 enim
1369 2028 1404 2053 et
1420 2023 1548 2054 inculta
1564 2034 1641 2065 pro-

942 2071 1163 2102 nunciatione
1187 2072 1358 2103 Barbaros
1381 2072 1493 2104 dictos
1520 2080 1641 2106 censet

942 2121 1064 2152 Strabo
1080 2122 1101 2152 l.
1117 2125 1167 2153 14.
1189 2123 1224 2155 J.
1237 2124 1275 2154 C.
1287 2124 1413 2165 Scalig.
1429 2125 1639 2167 affin-‚quod

942 2172 1091 2203 Arabice
1106 2174 1114 2189 ‘
1127 2173 1320 2205 Desertum’
1338 2180 1448 2213 sonat,
1465 2185 1558 2206 more
1569 2177 1640 2207 He-

942 2222 1032 2253 braeo
1057 2224 1228 2263 geminato
1245 2224 1287 2255 ad
1314 2225 1551 2258 intentionem.
1574 2227 1640 2257 Ex-

941 2281 1010 2303 ere.
1024 2278 1059 2303 et
1074 2274 1106 2303 in
1122 2274 1346 2314 Theophrast.
1364 2275 1406 2306 de
1421 2276 1529 2316 plant.

982 2326 1001 2354 2
1031 2324 1112 2355 Urbe
1127 2327 1193 2363 tua,
1215 2325 1286 2365 Esau]
1330 2325 1418 2357 Sede
1447 2327 1639 2368 Imperiali,

940 2374 1006 2412 vel,
1021 2383 1040 2403 a
1053 2379 1086 2404 te
1102 2375 1280 2406 restituta:
1306 2381 1343 2406 nt
1355 2377 1504 2416 praeced.
1518 2378 1627 2418 epigr.

982 2427 1001 2454 3
1027 2424 1149 2464 Orpheo
1175 2425 1300 2466 Haemo]
1331 2425 1384 2457 Ad
1396 2432 1545 2460 montem
1556 2428 1638 2460 Hae-

938 2484 1028 2505 mum
1063 2474 1192 2515 Orphei
1231 2481 1391 2516 parentes
1425 2477 1635 2510 habitarunt.

941 2525 1050 2555 Cultor
1061 2525 1272 2567 Rhodopeius]
1293 2526 1408 2557 Thrax
1419 2528 1636 2568 agriculturae¹

938 2575 1122 2606 studiosus.
1145 2576 1308 2616 Rhodope
1325 2579 1412 2608 enim
1428 2587 1521 2609 mons
1533 2580 1636 2610 Thra-

937 2625 1018 2656 ciae:
1053 2626 1148 2667 quasi
1180 2626 1286 2666 dicat,
1318 2636 1441 2658 venere
1473 2630 1635 2662 Boreales

935 2676 1065 2708 incolae.

977 2730 997 2758 4
1021 2727 1179 2765 Sarmata,
1193 2726 1264 2767 Sym]
1299 2728 1438 2768 Tartari,
1456 2730 1633 2768 Russifflo.

935 2780 1009 2820 loni,
1039 2779 1234 2818 ἴππομολγοί.
1273 2780 1416 2822 Dionys.
1454 2782 1631 2823 Pei-leges,
