1866 3131
319 178 366 208 M.
400 177 510 207 VAL.
543 176 816 206 MARTIAMS

81 277 127 307 se,
143 278 241 309 quam
268 269 348 309 ipsae
373 270 526 309 ingenuae
542 274 575 300 et
592 271 774 309 naturales,

79 330 161 361 quas
174 321 259 351 liber
271 322 423 352 continet
437 331 475 352 ac
485 322 661 353 describit.
677 322 774 354 Gron.

122 371 225 402 Eme.
238 380 375 403 cxcvu.
399 375 418 403 2
435 372 540 403 Altius
554 372 584 402 in
597 376 692 410 terra,
703 371 772 411 aya]

77 420 308 460 Hyperbolice
324 431 331 451 :
358 422 450 461 quasi
467 421 569 460 dicat,
582 430 647 452 non
668 422 773 452 multo

77 470 216 500 altiores
233 479 330 510 quam
345 470 400 500 ubi
418 470 449 499 in
468 475 557 500 terra
569 470 677 501 sedes.

122 520 226 550 ΕΡιο.
242 528 396 551 cxcvnl.
419 523 438 550 2
453 520 566 551 Brevis
587 524 632 550 est
646 520 775 561 pagina]

80 569 158 600 Non
176 568 311 600 sufficit.
357 570 433 600 Tota
448 570 539 609 mihi]
569 570 774 610 Alii,prima,

79 624 117 650 ut
132 618 190 649 lib.
209 622 238 650 1.
254 619 460 659 intelligatur
479 620 595 660 Epigr.
614 623 686 651 110.

121 669 228 701 Eme..
263 677 384 699 exelx.
428 672 442 699 l
477 670 542 700 Hic
555 670 667 708 brevis,
704 670 774 711 fisa]

78 718 264 749 Gradarius
276 720 339 749 iste
351 723 385 750 et
397 719 576 751 tolutarius
589 730 708 761 equus,
717 720 774 761 qui

80 777 214 808 gressus
231 769 407 808 glomerat,
427 773 478 800 est
494 769 536 800 ab
554 769 704 809 Asturia,
720 779 772 801 re-

82 818 182 858 gione
213 818 386 858 Hispaniae
417 820 575 851 Callaicae
604 820 775 859 auriferae,

78 868 251 909 Epigram.
267 872 315 900 16.
337 870 395 902 lib.
412 873 463 901 10.
497 871 585 902 Vide
599 871 683 904 Lud.
695 873 776 904 Car-

79 918 162 949 rion.
192 919 333 950 Emend.
350 919 406 950 lib.
425 923 456 951 1.
472 930 547 961 cap.
564 924 615 952 17.

122 968 227 998 Epic..
244 976 296 999 cc.
322 972 336 999 l
362 968 606 1010 Vertagusacer]
629 970 657 1002 A
675 972 773 1002 tumb-

79 1019 135 1050 ler.
170 1019 224 1050 De
235 1019 298 1050 hac
312 1029 393 1051 voce
405 1021 553 1053 Turneb.
567 1022 700 1053 laborat
716 1022 774 1055 lib.

81 1071 131 1099 18.
148 1078 177 1100 c.
196 1072 225 1100 l.

124 1117 324 1150 Emmccu.
348 1122 363 1150 1
384 1120 534 1161 Emissw,
546 1121 617 1162 lisa]
634 1121 776 1153 Evitare

79 1167 194 1198 missas
209 1168 242 1198 in
259 1178 293 1199 se
310 1169 437 1200 hastas.

121 1220 140 1248 2
166 1218 400 1258 Cercopithecus
426 1219 524 1259 eram]
559 1219 677 1260 Epigr.
703 1222 776 1251 128.

80 1275 194 1306 supra.

124 1317 230 1348 EP1G.
246 1325 340 1348 cciv.
364 1319 379 1347 l
398 1318 477 1348 AEra
505 1319 678 1358 Gemmas,
705 1319 774 1359 ssa]

81 1367 256 1407 Cymbala,
280 1368 501 1398 instrumenta
525 1377 626 1406 aerea,
647 1369 776 1400 tinnula

81 1422 116 1448 et
132 1426 264 1456 sonora,
279 1417 401 1458 quibus
424 1417 514 1448 Galli
539 1418 571 1448 in
589 1419 692 1449 sacris
711 1420 774 1460 Cy-

82 1468 176 1499 beles
211 1469 273 1508 usi,
315 1468 476 1507 lugebant
506 1468 600 1510 Atyn
634 1479 774 1510 puerum

83 1517 231 1558 Cybeles
258 1519 430 1558 amasium,
456 1520 554 1559 cujus
577 1519 687 1560 patria
703 1523 778 1551 erat

82 1570 242 1607 Celaenae,
257 1579 338 1609 opp.
354 1570 525 1609 Plirygiae.

126 1619 232 1650 EP1G.
247 1626 322 1649 ccv.
347 1622 361 1650 1
379 1620 487 1650 AEtate
500 1630 586 1659 puer,
606 1620 676 1660 Bra]
712 1620 779 1651 Im-

83 1669 203 1710 pubes,
219 1679 284 1699 non
303 1669 433 1709 pumice
457 1675 514 1700 aut
538 1669 682 1710 dropace
699 1670 779 1701 levi-

84 1724 193 1760 gatus.
218 1719 333 1759 Epigr.
347 1722 400 1749 29.
419 1719 477 1749 lib.
495 1722 526 1750 2.
543 1729 627 1750 vers.
642 1723 673 1750 6.

127 1770 235 1801 EPm.
270 1778 367 1800 ccvt.
414 1772 429 1800 1
464 1770 548 1800 Collo
579 1773 676 1809 necte,
713 1769 780 1809 ἔξω]

85 1819 204 1860 Epigr.
224 1821 274 1849 13.
291 1819 348 1849 lib.
364 1821 395 1849 6.
409 1828 496 1849 vers.
510 1822 540 1850 8.

127 1869 353 1899 E1³1G.ccv11.
378 1871 391 1898 1
414 1868 691 1909 Cytheriacoffijw]
714 1869 780 1900 Ve-

84 1927 197 1949 nereo.
233 1918 320 1948 Vide
343 1924 629 1950 commentatores
646 1919 781 1949 Horatii

83 1968 125 1999 ad
143 1968 242 1999 Oden
261 1968 386 1999 13.l'1b.
405 1971 433 1999 l.
456 1969 465 1985 ‘
481 1969 606 2008 oscula,
623 1978 695 2009 quae
713 1969 780 1999 Ve-

85 2027 146 2049 nus
163 2018 291 2050 Quinta
304 2023 398 2058 parte
413 2017 463 2049 sui
478 2019 627 2049 nectaris
640 2018 783 2049 imbuit.'

119 2070 139 2098 2
150 2067 281 2098 Balteus
293 2067 350 2098 iste
361 2067 484 2107 Jovem]
498 2068 562 2107 Ep.
576 2071 626 2099 13.
637 2069 658 2099 1.
669 2071 700 2099 6.
710 2077 740 2098 ν.
749 2071 780 2098 7.

127 2118 233 2149 Eme.
250 2126 376 2149 ccvm.
400 2117 568 2157 Notarius]
592 2118 687 2149 Dicti
703 2122 783 2149 sunt

87 2167 239 2208 Notarii,
250 2167 306 2208 qui
318 2167 529 2208 excipientes
543 2169 646 2199 verba
654 2168 784 2198 dictau-

88 2217 145 2255 tis,
162 2226 224 2257 per
249 2223 345 2248 notas
374 2222 408 2249 et
433 2218 635 2258 compendia
659 2217 783 2248 scribe-

89 2266 185 2305 bant,
211 2271 279 2297 tam
304 2267 462 2298 celeriter
489 2272 524 2298 et
550 2266 724 2308 expedite,
747 2271 784 2298 ut

88 2316 233 2356 linguam
251 2316 405 2355 dicentis,
430 2318 483 2348 vel
509 2317 667 2348 dictantis
683 2317 784 2347 etiam

89 2370 356 2397 anteverterent.
387 2366 477 2397 Dein
495 2372 529 2396 et
541 2370 638 2397 erant
649 2366 785 2397 Notarii

92 2416 248 2454 actuarii,
264 2415 350 2455 quod
375 2415 406 2445 in
423 2420 501 2445 acta
517 2414 697 2454 referrent,
712 2425 785 2456 quae

92 2465 294 2496 dicebantur
310 2465 343 2495 in
361 2469 478 2494 senatu
494 2469 527 2494 et
543 2464 584 2494 ad
603 2466 773 2505 populum.

135 2518 151 2546 1
180 2515 317 2545 Currant
332 2514 424 2544 verba
440 2514 522 2551 licet,
537 2515 605 2555 εμπ]
628 2515 714 2545 Utut
730 2524 786 2545 vo-

92 2565 187 2597 lubili
203 2564 285 2596 fluat
300 2565 422 2604 lingua,
436 2574 550 2596 manus
566 2566 620 2596 τοῦ
635 2564 677 2597 εἷς
689 2564 788 2605 ταχὸς

93 2618 140 2649 διὰ
155 2616 283 2654 σημείων
299 2614 468 2655 ’γράφοντος
483 2615 536 2657 (ut
557 2616 705 2657 loquitur
719 2616 787 2647 Ga-

94 2667 205 2708 lenus)
238 2668 433 2708 loquentem
465 2667 643 2706 praevcnit.
700 2666 788 2697 Vide

94 2717 214 2749 Senec.
233 2718 340 2757 Epist.
353 2719 406 2748 91.
421 2721 455 2747 ct
474 2714 600 2747 Auson.
619 2715 684 2757 Ep.
700 2718 773 2747 137.

183 2769 338 2811 Delph.el
360 2769 433 2801 Vur.
448 2769 533 2799 ctus.

758 2767 903 2799 Martini.

852 177 1009 209 Et‘lcR.
1044 178 1134 208 mn.
1168 179 1272 210 xiv.
1408 171 1519 213 1457

870 271 975 302 Eme..
988 280 1082 303 celx.
1099 275 1115 303 l
1131 273 1221 303 Levis
1235 271 1272 304 ab
1285 282 1435 313 oequorea,
1449 274 1519 314 ξω]

826 320 981 362 Papyrus
1005 332 1022 351 e
1044 323 1172 353 cortice
1190 322 1286 362 junci
1303 322 1455 363 AEgyptii
1473 324 1519 354 le-

825 371 959 409 vigetur
986 372 1113 402 concha
1135 382 1301 413 aequorea,
1324 382 1390 413 quo
1416 382 1519 414 expe·

824 419 928 451 ditior
938 424 1110 451 sternatur
1120 421 1249 452 calamo
1263 431 1389 453 cursus,
1412 422 1519 452 Illare-

822 471 917 511 otica]
934 471 1105 511 AEgyptia.

866 522 971 551 Eric.
985 529 1066 552 ccx.
1090 523 1105 551 1
1125 521 1197 551 Non
1208 522 1339 551 mendax
1348 525 1453 561 stupor
1462 525 1520 562 est,

822 569 889 610 fisa]
915 571 991 601 Nou
1011 570 1186 608 mentitur,
1200 579 1265 600 non
1289 571 1422 602 simulat
1438 574 1519 604 stul·

823 620 944 658 titiam,
957 620 1099 660 simplex
1111 624 1146 650 et
1161 629 1179 649 a
1192 625 1314 650 natura
1328 619 1441 652 fatuus
1455 627 1519 653 est.

822 670 910 700 Vide
927 669 1097 710 Epigram.
1116 671 1165 699 13.
1180 668 1237 700 lib.
1255 672 1285 700 8.

867 719 972 749 EP1G.
987 727 1083 750 ccxl.
1109 722 1123 749 1
1142 718 1254 749 Mollia
1276 718 1431 759 Phryxei‚
1451 719 1521 760 ssa]

825 769 936 808 Caput
953 768 1178 799 vervecinum.
1205 769 1286 801 Juv.
1303 770 1373 800 Sat.
1386 772 1417 802 3.
1431 780 1517 802 vers.

825 822 898 849 294.
930 822 1033 859 caput
1063 819 1177 849 arietis
1208 819 1315 860 qualis
1341 820 1517 861 Phryxum

825 868 1070 900 transfretavit.
1094 870 1181 900 Vide
1195 870 1318 909 Ep-5l.
1335 870 1356 902 1.
1374 873 1422 902 10.
1436 881 1472 903 ν.
1487 874 1517 904 1.

867 923 886 951 2
912 920 1074 960 Tunicam]
1095 921 1147 951 Ex
1162 920 1287 951 vellere
1301 919 1457 953 detonso.

868 971 976 1001 Erro.
993 978 1107 1001 ccxxi.
1131 973 1146 1001 1
1165 970 1306 1002 Hectora
1319 971 1439 1011 credas]
1463 971 1521 1003 Vi·

826 1029 920 1051 rum:
946 1025 1026 1051 sunt
1047 1020 1137 1051 enim
1151 1020 1238 1052 bene
1255 1020 1397 1061 capitati
1413 1021 1518 1062 pumi-

825 1069 942 1100 liones,

869 1122 888 1150 2
921 1119 1114 1160 Astyanacta
1134 1119 1238 1160 putes]
1271 1119 1441 1152 Puerum:
1473 1122 1522 1154 sic

825 1169 1000 1201 Juvenalis
1017 1170 1057 1200 de
1074 1169 1210 1200 foemina
1230 1174 1333 1209 caput
1350 1170 1522 1202 aedifican-

826 1224 860 1250 te
876 1230 883 1250 :
908 1219 1186 1250 ‘Andromachen
1209 1230 1228 1250 a
1244 1219 1355 1251 fronte
1380 1221 1523 1261 videbis,

826 1271 913 1301 Post
927 1270 1035 1301 minor
1049 1274 1104 1300 est
1114 1269 1278 1310 Pygmaea
1289 1270 1443 1310 virgine,'
1456 1273 1523 1303 διο.

824 1319 949 1359 Satyra
964 1322 996 1350 6.

867 1369 974 1400 Epio.
991 1376 1118 1400 ccxut.
1142 1371 1158 1399 l
1177 1368 1258 1399 Haec
1270 1378 1338 1408 quoe
1347 1377 1439 1409 same,
1454 1369 1523 1409 ξω]

826 1418 903 1449 Hoc
920 1418 952 1448 in
968 1419 1109 1458 gratiam
1130 1417 1314 1448 Domitiani
1329 1418 1384 1458 qui
1402 1418 1524 1450 oderat

825 1468 1044 1509 parmularios
1057 1467 1214 1499 factionis
1229 1467 1407 1500 Thracum.

870 1521 890 1549 2
916 1518 1031 1548 Parma
1047 1516 1195 1557 tibi‚8sc.]
1219 1516 1296 1548 Tibi
1314 1516 1432 1557 grandi
1450 1527 1519 1549 mu·

828 1568 1012 1599 nimentum
1026 1566 1123 1597 nimis
1135 1570 1332 1607 angustum3
1347 1566 1521 1608 pumilioni

828 1618 975 1657 amplum
990 1617 1084 1648 satis.

871 1669 976 1698 Eme.
992 1675 1113 1698 ccxiv.
1137 1667 1243 1698 Recte
1255 1666 1430 1698 Turnebus
1444 1677 1522 1699 cen-

829 1723 883 1748 set
900 1717 1017 1748 ludere
1042 1716 1184 1747 Poetam
1213 1717 1247 1747 in
1273 1716 1438 1748 indicibus
1451 1717 1522 1749 sive

830 1767 937 1798 titulis
951 1766 1092 1797 duarum
1121 1765 1307 1797 fabularum
1333 1767 1525 1800 Menandri.

832 1818 876 1848 Et
889 1816 1078 1855 Μισούμενον
1088 1816 1224 1856 quidem
1237 1816 1386 1856 appellat
1400 1816 1523 1847 Pollux

830 1867 889 1898 lib.
909 1870 958 1898 10.
974 1877 1002 1898 c.
1019 1869 1071 1897 31.
1088 1865 1138 1896 καὶ
1154 1866 1185 1896 ἐν
1206 1866 1250 1904 τῷ
1265 1864 1443 1905 Μισουμένῳ
1462 1865 1524 1897 Μέ-

830 1919 965 1958 νανδρος·
1002 1917 1142 1956 Ἀφανεῑς
1164 1915 1327 1955 ’γεγόνασιν
1350 1917 1381 1947 αἱ
1401 1916 1525 1950 σπάθαι.

831 1967 898 2000 Sed
915 1966 1116 2007 Δισεξάποθος
1142 1976 1207 1997 vox
1224 1970 1275 1997 est
1290 1966 1383 1997 nihili
1396 1970 1431 1998 et
1446 1976 1524 1998 con-

831 2024 886 2050 tra
910 2028 1042 2050 omnem
1064 2017 1264 2057 analogiam.
1310 2017 1385 2049 Nec
1401 2017 1450 2049 sic
1465 2018 1523 2049 ha-

831 2068 931 2100 betur
946 2067 1034 2108 apud
1066 2066 1297 2106 Fulgentium,
1325 2076 1424 2107 quem
1453 2067 1525 2107 ejus

833 2123 1008 2149 auctorem
1037 2117 1097 2147 dat
1131 2115 1326 2147 Turnebus:
1366 2115 1424 2147 sed
1460 2116 1525 2147 hoc

831 2166 952 2198 modo:
977 2166 986 2183 ‘
1006 2166 1092 2198 Nam
1108 2169 1144 2196 et
1161 2165 1350 2196 Menander
1371 2165 1525 2196 similiter

832 2218 865 2248 in
895 2215 1152 2256 Disexapathon
1179 2215 1344 2246 comoedia
1373 2215 1422 2247 ita
1452 2214 1524 2246 ait!

834 2266 913 2297 Fuit
929 2276 1008 2306 ergo
1025 2276 1032 2296 :
1056 2265 1282 2303 Δισεξαπατῶν.
1305 2264 1340 2294 id
1357 2269 1421 2305 est,
1444 2264 1453 2282 ⁴
1464 2265 1525 2296 Bis

834 2315 973 2346 falleus'
990 2315 1042 2346 vel
1065 2317 1073 2331 ‘
1084 2313 1280 2355 decipiens.'
1304 2314 1350 2346 Et
1365 2313 1429 2347 hoc
1445 2325 1523 2347 con-

834 2366 928 2396 venit
943 2365 1000 2396 isti
1015 2364 1142 2405 generi,
1168 2373 1262 2405 spem
1279 2365 1328 2396 sui
1345 2364 1471 2405 facere,
1488 2372 1524 2398 et

835 2421 953 2456 postea
969 2425 1041 2446 eam
1057 2413 1175 2446 fallere
1202 2425 1266 2446 non
1283 2416 1399 2455 semel,
1414 2425 1527 2447 exem-

834 2466 890 2506 plo
906 2465 1006 2505 illius,
1020 2464 1061 2495 de
1074 2475 1139 2506 quo
1154 2465 1296 2495 Ovidius
1313 2465 1368 2496 lib.
1384 2469 1416 2497 7.
1439 2467 1525 2498 Met.

835 2519 843 2534 ⁸
856 2525 930 2546 nam
961 2514 1121 2556 Pliylleus
1152 2515 1220 2546 illie
1250 2515 1398 2556 Imperio
1430 2517 1526 2556 pueri

834 2566 1070 2607 volucremque
1085 2565 1260 2606 ferumque
1272 2565 1400 2596 leonem
1409 2565 1527 2596 Tradi-

835 2616 932 2647 derat
955 2616 1113 2646 donnitos:
1141 2621 1273 2646 taurum
1299 2624 1431 2656 quoque
1455 2615 1525 2645 vin-

836 2675 913 2697 cere
929 2666 1042 2705 jussus
1058 2667 1211 2700 Vicerat,
1236 2668 1271 2695 et
1294 2668 1410 2705 spreto
1428 2666 1526 2695 toties

837 2715 941 2746 iratus
970 2714 1107 2754 amore‚'
1134 2716 1197 2745 &cu
1244 2713 1395 2745 Vidimus
1423 2714 1524 2745 etiam

1372 2766 1442 2798 42
