1866 3131
226 196 338 238 1130

226 310 305 332 num
330 301 449 332 solitus
477 301 587 332 medio
615 311 751 333 servare
784 302 925 333 minutal

221 351 440 392 Septembri.'
463 352 662 392 Spartianus
677 353 709 383 in
723 353 805 383 Div.
818 353 924 385 Julia-

225 412 287 433 no:
303 406 311 419 ‘
326 402 577 434 NamJnlianus
591 408 698 434 tantae
709 403 923 444 parsimoniae

223 454 328 485 fuisse
344 454 554 496 perhibetur,
567 461 604 487 ut
615 465 676 496 per
689 455 836 487 triduum
851 466 925 496 por-

222 504 360 543 cellum,
375 514 436 545 per
454 505 603 536 triduum
621 505 772 545 leporem
796 506 924 536 divide-

222 554 299 593 ret,'
312 556 378 586 διο.
423 555 466 586 Id
483 560 548 595 est,
562 560 600 586 ut
611 556 712 586 unica
724 565 841 587 mensa
854 560 923 587 tres

223 614 311 645 pene
335 615 448 637 cceuas
478 607 687 647 explicaret;
716 612 754 637 ut
771 606 924 647 loquitur

223 656 405 687 Martialis.

264 710 286 738 9
313 707 489 746 Vejenlam‘,
517 706 585 747 ξω]
624 707 855 738 Faeculentum
887 710 923 736 et

221 756 396 788 turbidum
415 758 528 788 vinum
546 766 565 787 a
584 756 788 797 Vejentibus
804 756 838 786 in
854 755 923 786 lta-

221 807 280 839 lia.

264 861 305 889 10
327 858 404 889 Asse
422 857 540 898 Venus]
557 857 614 888 Illi
633 856 768 898 plebeja
783 861 922 887 conten-

221 913 281 941 to:
307 909 328 939 l.
352 912 384 939 2.
413 909 519 949 epigr.
535 911 588 939 53.
615 908 673 939 ‘Si
707 907 840 948 plebeia
856 908 922 938 Ve-

219 968 282 990 nus
299 959 433 999 gemino
451 958 512 989 tibi
526 958 671 989 vincitur
685 957 783 989 asse.’

265 1011 301 1040 ll
328 1009 366 1039 In
386 1009 454 1050 jus]
489 1010 516 1039 E
546 1008 690 1040 formula
721 1007 865 1039 vocandi
888 1008 921 1039 in

214 1060 284 1100 jus.
330 1060 447 1091 Fallax
483 1058 589 1099 atque]
633 1058 700 1092 Qui
731 1059 853 1089 vovisti
887 1064 922 1090 te

220 1111 313 1142 laute
330 1111 496 1141 victurum
529 1111 570 1149 si,
586 1112 652 1141 διο.
679 1110 855 1151 Jnficiator,
871 1119 921 1140 ea-

218 1161 300 1202 mus]
324 1161 391 1194 Qui
407 1161 544 1192 sordide
559 1160 707 1192 vivendo
720 1170 785 1191 non
803 1170 921 1200 agnos—

218 1213 269 1243 cit
284 1223 319 1243 se
337 1223 377 1243 ex
391 1218 470 1243 voto
483 1212 657 1253 accepisse
671 1212 759 1252 quod
775 1212 921 1252 accepit.

218 1262 380 1304 Inficiator
411 1272 492 1303 ergo
518 1262 657 1302 dicitur,
673 1263 729 1303 qui
746 1272 866 1302 reapse
888 1267 923 1292 et

216 1321 322 1353 opere
338 1317 439 1352 negat
455 1322 491 1343 se
507 1312 588 1353 quid
602 1316 821 1343 consecutum
839 1321 925 1344 esse.

263 1366 302 1394 12
331 1363 419 1403 Vive,
434 1362 503 1403 δῖα]
531 1364 652 1402 Lame,
668 1362 859 1403 genialiter.
879 1364 923 1393 vi-

220 1413 262 1444 de
289 1414 399 1454 epigr.
436 1416 487 1443 16.
516 1422 618 1453 supra
635 1422 722 1443 vers.
747 1415 778 1443 4.
816 1413 926 1444 Redde

217 1463 312 1504 Deis]
335 1462 482 1496 Quando
508 1462 548 1493 iis
565 1472 630 1493 non
648 1463 776 1494 uteris:
801 1464 867 1501 vel,
887 1469 926 1495 ut

217 1514 357 1545 liberius
375 1513 479 1552 vivas,
492 1512 581 1554 quod
600 1513 695 1553 prius
713 1512 838 1544 fecisti.

260 1566 369 1597 Epic..
385 1574 443 1596 cv.
469 1568 483 1595 1
505 1565 692 1605 Ρὶεῑο,ᾃ“ε.]
715 1566 925 1597 Pardienim

216 1621 252 1648 et
263 1617 438 1657 panthei-ze
452 1616 616 1655 variegati
629 1621 664 1646 et
675 1616 847 1646 maculosi.
861 1616 926 1646 De-

219 1668 328 1707 licata,
341 1667 407 1706 Qu]
432 1667 566 1705 Mollia,
596 1675 784 1707 purpurea,
804 1666 926 1707 serica,

223 1723 261 1749 ut
277 1727 355 1748 rnox
374 1726 462 1747 vers,
478 1719 509 1748 8.

261 1770 280 1798 2
318 1765 544 1806 Improboeque]
590 1765 747 1805 Feroces,
785 1766 926 1807 rabidae,

219 1820 285 1858 vel,
301 1819 390 1860 quod
408 1818 533 1848 nemini
551 1818 725 1858 probabile
753 1824 826 1849 erat
853 1829 926 1859 pas-

222 1879 315 1900 suras
333 1869 452 1909 tigres.
498 1868 671 1908 Quicquid
688 1878 769 1909 ergo
787 1868 924 1900 nimium

220 1925 287 1959 est,
315 1924 349 1950 et
372 1918 509 1949 modum
537 1927 756 1959 normamque
775 1919 924 1958 excedit,

219 1971 454 2012 ‘improbum,'
473 1971 602 2002 Latinis
617 1970 760 2009 dicitnr3
778 1971 826 2001 sic
842 1972 850 1988 ‘
864 1971 924 2001 im·

220 2023 347 2063 probus
360 2022 456 2052 labor
471 2020 479 2034 '
498 2021 656 2061 Virgilio,
670 2021 768 2051 nimis
784 2031 925 2061 magnus

220 2078 255 2104 et
273 2072 471 2103 immodicus
487 2083 495 2110 ;
509 2072 693 2102 Suetonius
710 2072 718 2089 ‘
734 2072 923 2112 improbius

219 2127 355 2155 nattun'
381 2123 550 2154 hominem
577 2122 678 2161 dixit,
697 2123 753 2164 qui
772 2132 922 2163 procerae

220 2180 361 2206 staturae
379 2174 443 2205 fnit
459 2174 632 2214 etjustam
647 2173 862 2212 excedentis3
875 2174 924 2204 sie

219 2225 449 2266 ‘improbiora
479 2223 598 2263 labra‚'
626 2224 727 2254 Velio
751 2224 925 2254 Gramma-

221 2277 303 2316 tico,
333 2281 413 2307 sunt
437 2276 590 2306 enormia
621 2280 655 2305 et
679 2275 770 2305 ultra
792 2275 924 2314 justum

222 2327 359 2358 modum
372 2330 557 2366 protensa;
582 2326 631 2356 sie
657 2324 854 2365 ‘improbus
869 2334 924 2355 co-

221 2378 296 2417 lor,'
319 2387 379 2418 pro
397 2385 582 2417 purpureo,
600 2380 719 2415 utpote
736 2376 792 2416 qui
814 2376 925 2407 excel-

219 2429 310 2459 litet
327 2428 465 2467 eminet,
480 2432 514 2458 et
527 2437 629 2468 super
646 2432 791 2458 caeteros
809 2437 924 2458 omnes

223 2481 353 2511 colores
386 2479 519 2510 vividus
545 2483 581 2509 et
609 2477 757 2518 fulgens,
775 2483 809 2509 et
832 2479 924 2519 quasi

222 2530 389 2571 superbus
407 2534 441 2559 et
464 2533 606 2560 caeteros
632 2529 763 2559 colores
784 2527 872 2559 infra
888 2538 924 2560 se

223 2582 352 2621 positos
386 2589 619 2620 pr‘aegravans3
665 2580 713 2610 sie
752 2580 924 2620 ‘improba

223 2632 372 2671 tegmina
400 2630 544 2670 pedum‚'
566 2631 701 2662 Valerio
730 2631 866 2671 Flacco,
881 2631 924 2661 de

225 2682 348 2714 calceis
366 2682 557 2722 purpureis.
586 2682 678 2713 Hinc
697 2683 826 2723 conjice
844 2683 923 2724 quid

224 2743 287 2774 per
314 2737 322 2750 ‘
338 2734 506 2774 improbas
538 2734 660 2773 tigres’
683 2734 862 2775 intelligat,
877 2733 923 2764 fe-

225 2784 326 2816 ritate
345 2794 393 2816 se.
407 2790 441 2816 et
458 2784 589 2816 saevitia
604 2785 922 2817 excellentes.>Sal-

684 206 822 238 NOTAE
856 207 1120 238 VARIORUM
1155 208 1205 238 IN

975 304 1099 334 masius.
1132 302 1358 344 Improboeque]
1381 301 1509 333 Verum
1537 300 1672 342 quidem

975 358 1038 394 est,
1054 354 1241 395 improbum
1259 364 1320 394 pro
1334 353 1524 393 immodico,
1536 358 1570 383 et
1582 362 1674 393 mag-

975 413 1016 434 no
1033 405 1119 436 dici:
1147 410 1258 435 tamen
1291 403 1459 444 ‘improbi
1489 402 1609 434 coloris
1627 403 1674 433 la-

974 458 1112 485 cernas’
1136 455 1226 496 apud
1254 455 1417 486 Senecam
1441 454 1588 495 accipio,
1607 463 1673 485 non

974 505 1138 545 purpurei
1168 505 1281 545 modo,
1311 505 1371 536 sed
1395 506 1484 536 inter
1508 514 1674 546 purpuras

974 555 1088 585 eximii
1116 556 1237 595 saturi,
1263 557 1474 597 multumque
1501 556 1625 587 diversi
1656 566 1675 586 a

974 605 1109 646 plebeja
1141 615 1302 646 purpura.
1356 605 1422 636 Sed
1462 615 1563 646 quum
1599 606 1675 636 Val.

974 655 1089 686 Flacc.
1118 656 1175 687 lib.
1189 659 1221 687 6.
1244 656 1348 687 dicit:
1391 656 1576 697 ‘Improba
1599 656 1675 687 bar-

975 705 1099 737 baricae
1115 713 1324 747 procurrunt
1349 707 1502 747 tegmina
1525 707 1676 748 plantae,’

974 756 1055 786 nihil
1073 757 1164 788 aliud
1192 757 1329 788 videtur
1345 758 1472 796 dicere,
1489 767 1587 798 quam
1605 766 1676 788 mo-

973 805 1052 836 dum
1081 807 1207 846 pedum
1231 808 1331 848 louge
1356 808 1576 839 excedentia.
1622 807 1675 838 Sic

973 857 1053 888 alibi
1067 857 1162 896 dicit,
1178 859 1354 899 ‘improba
1367 859 1469 899 arva,'
1484 858 1674 890 iuvidendae

973 905 1163 938 fertilitatis
1180 912 1213 939 et
1228 908 1314 939 caeli.
1351 909 1407 939 Sic
1425 908 1514 948 apud
1533 908 1675 939 Sueton.

973 957 981 972 ‘
994 957 1188 998 Improbius
1202 958 1325 998 natus}
1348 963 1399 990 est
1412 959 1510 989 homo
1523 960 1532 974 ⁴
1545 958 1678 999 Impro-

972 1006 1025 1038 bae
1046 1007 1203 1047 naturae3’
1220 1013 1255 1039 ut
1267 1013 1542 1040 tamennaturam
1554 1010 1677 1050 accipi-

974 1067 1009 1089 as
1018 1068 1083 1089 non
1099 1069 1161 1099 pro
1173 1063 1318 1099 statura,
1331 1059 1389 1090 sed
1403 1064 1440 1090 ut
1454 1060 1485 1090 in
1498 1060 1676 1100 Priapeio3

973 1109 982 1125 ‘
998 1109 1130 1140 Natura
1145 1114 1200 1140 est
1216 1109 1374 1151 quoniam
1402 1119 1536 1150 semper
1556 1115 1677 1150 aperta

973 1160 1051 1190 mibi
1069 1159 1089 1199 ;’
1103 1166 1139 1191 ut
1155 1160 1244 1201 apud
1259 1160 1384 1191 Minut.
1401 1160 1507 1191 Felic.
1529 1161 1538 1177 ‘
1555 1171 1676 1201 paren-

975 1210 1019 1240 tis
1036 1211 1086 1240 sui
1103 1210 1244 1241 adorare
1257 1211 1439 1242 naturam!
1485 1211 1562 1242 Hoc
1577 1217 1627 1243 est
1640 1213 1679 1243 il-

974 1262 1032 1293 lud
1049 1262 1244 1301 δολιχόσκιον
1266 1261 1372 1301 ἔγχος.
1387 1263 1526 1293 Gronov.
1553 1262 1677 1303 Tigres]

976 1313 1064 1344 Vide
1081 1324 1138 1354 ep.
1153 1316 1203 1345 18.
1218 1313 1274 1344 lib.
1295 1319 1405 1353 spect.

1020 1367 1038 1395 3
1064 1365 1243 1403 Indulgent,
1257 1364 1326 1403 tyn]
1352 1364 1537 1395 Patiuntur
1558 1362 1674 1405 flagra.

976 1415 1185 1446 Ramiresius
1209 1415 1257 1446 sic
1282 1415 1371 1446 bunc
1402 1416 1511 1446 locum
1527 1416 1675 1456 accipit:

975 1467 984 1482 ‘
998 1465 1204 1506 Indulgere,²
1220 1466 1317 1504 dicit,
1333 1470 1385 1496 est
1400 1465 1480 1497 dare
1498 1467 1550 1496 vel
1564 1466 1676 1497 facere

977 1517 1102 1558 aliquid
1117 1523 1174 1547 tua
1188 1517 1380 1556 voluntate,
1404 1517 1491 1558 quod
1519 1518 1600 1548 alias
1617 1528 1676 1558 po-

978 1572 1069 1597 teras
1085 1577 1209 1607 negare
1234 1567 1261 1597 si
1289 1568 1403 1598 velles.
1433 1568 1488 1598 Sic
1504 1568 1554 1598 11ae
1571 1568 1675 1608 tigres

979 1627 1081 1659 quum
1100 1623 1240 1658 possent
1267 1618 1300 1648 iu
1323 1617 1553 1659 flagellatores
1569 1619 1676 1650 insur-

978 1678 1059 1709 gere
1078 1674 1113 1699 et
1128 1667 1262 1709 flagella
1285 1679 1349 1699 non
1381 1670 1451 1709 pati
1464 1680 1536 1706 ‚sua
1560 1671 1675 1700 volun-

977 1725 1050 1751 tate
1077 1725 1113 1751 et
1142 1721 1338 1751 reverentia
1355 1720 1540 1751 Caesariani
1558 1720 1677 1751 Numi-

976 1770 1041 1808 nis,
1059 1779 1130 1800 earn
1156 1770 1358 1809 patientiam
1384 1769 1605 1809 indulgebant
1619 1768 1678 1800 fia-

977 1820 1077 1859 gello,
1090 1820 1178 1860 quod
1191 1825 1308 1859 postea
1321 1820 1405 1850 dicit
1422 1820 1552 1859 Poeta;
1570 1821 1578 1837 ‘
1592 1820 1677 1852 Quis

975 1870 1173 1910 spectacula
1203 1879 1267 1900 non
1300 1875 1400 1910 putet
1417 1871 1570 1900 Deorum
1584 1870 1607 1900 ξ’
1631 1871 1677 1901 Et

976 1920 1076 1960 paulo
1094 1925 1190 1960 post:
1217 1922 1225 1936 ‘
1238 1919 1323 1950 Haec
1340 1920 1522 1950 clementia
1538 1929 1603 1950 non
1619 1931 1677 1960 pa-

976 1975 1069 2001 ratur
1099 1976 1191 2009 arte,
1215 1971 1281 2002 Sed
1309 1975 1433 2001 norunt
1449 1971 1502 2002 cui
1525 1971 1677 2002 serviant

976 2020 1113 2053 leones)

1018 2076 1036 2103 4
1061 2073 1199 2113 Lupata]
1237 2073 1369 2114 Lupata
1397 2077 1473 2104 sunt
1501 2073 1675 2113 asperrimi

975 2121 1064 2153 freni
1081 2133 1198 2164 genus,
1213 2132 1231 2153 a
1244 2124 1366 2164 lupinis
1397 2123 1555 2154 dentibus
1569 2124 1676 2163 dicta,

974 2173 1030 2214 qui
1046 2173 1231 2214 inaequales
1257 2180 1349 2213 sunt,
1366 2179 1401 2205 et
1418 2184 1458 2205 eo
1475 2184 1606 2205 morsus
1621 2185 1676 2206 eo-

975 2233 1048 2255 rum
1066 2224 1265 2255 acerrimus.
1292 2226 1374 2256 Rad.
1646 2221 1650 2225 ⁶

1017 2278 1035 2304 5
1063 2275 1274 2312 Quodsroeuis
1288 2275 1397 2316 Libyci
1413 2276 1578 2306 domantur
1593 2275 1675 2315 ursi]

975 2325 1077 2356 Hunc
1114 2335 1247 2356 versum
1285 2326 1424 2366 Lipsius
1457 2326 1498 2356 de
1522 2325 1675 2357 leonibus

975 2375 1454 2416 curruijunctisinterpretari
1464 2376 1589 2407 debere
1603 2386 1678 2416 per·

975 2425 1096 2464 tendit,
1122 2426 1199 2467 quia
1223 2427 1351 2458 nullutn
1369 2433 1456 2458 esset
1473 2428 1674 2458 miraculum

975 2476 1017 2507 de
1035 2476 1132 2514 ursis,
1149 2477 1203 2517 qui
1224 2478 1320 2507 mites
1346 2483 1380 2508 et
1402 2477 1529 2508 dociles
1548 2477 1589 2508 ad
1606 2487 1675 2508 tna·

975 2527 1025 2568 gis
1056 2527 1217 2558 miranda.
1254 2528 1365 2559 Aliter
1382 2529 1554 2567 sensisset,
1575 2528 1602 2558 si
1627 2533 1676 2559 to-

974 2583 1045 2609 tuin
1069 2579 1274 2619 epigramma
1303 2580 1441 2620 legisset
1467 2584 1524 2610 aut
1554 2581 1674 2611 saltem

975 2629 1192 2660 attendisset.
1218 2631 1295 2660 Non
1312 2640 1467 2669 magnum
1481 2635 1539 2661 aut
1555 2631 1675 2660 milan-

974 2679 1052 2709 dum
1069 2680 1301 2720 spectaculum
1316 2690 1402 2719 esse,
1414 2680 1461 2710 ait
1474 2680 1587 2720 poeta,
1598 2690 1674 2720 par-

974 2728 1035 2759 dos
1066 2730 1181 2761 videre
1203 2731 1287 2771 jugo
1314 2731 1468 2761 subditos
1486 2736 1521 2761 et
1537 2739 1672 2761 currum

974 2780 1157 2821 trahentes,
1169 2783 1274 2822 tigres
1291 2781 1429 2822 pariter,
1442 2784 1505 2812 Sc.
1522 2781 1593 2813 haec
1604 2791 1673 2813 om-
