1866 3131
238 165 350 206 1156

236 269 345 310 epigr.
373 268 461 299 idem
487 272 552 306 cst,
576 266 665 307 quod
692 270 728 297 et
755 266 864 306 epigr.
891 267 944 295 39.

237 321 259 351 l.
277 325 307 351 5.
332 321 397 351 Sed
415 328 526 349 nonne
553 324 686 348 mortua
702 327 807 347 uxore
824 316 884 346 dos
903 315 944 346 ad

239 372 392 402 llaeredes
422 368 686 400 revertebatur?
716 368 773 399 Ita
788 377 840 398 res
858 372 944 397 erat.

236 423 376 453 Mortua
393 423 426 451 in
445 419 662 451 matrimonio
678 418 832 456 muliere,
847 417 906 448 dos
923 425 943 446 a

236 478 333 513 patre
351 469 510 512 profecta.
525 469 567 501 ad
585 474 718 510 patrem
745 467 941 499 reverteba-

234 527 303 562 tur,
319 522 446 563 quintis
463 521 495 552 in
509 521 658 562 singulos
675 519 799 550 liberos
815 519 850 549 in
867 517 941 548 infi-

237 573 346 604 nitum
365 572 493 603 relictis
511 581 615 612 penes
631 570 750 601 virum.
796 568 897 601 Quod
914 568 942 598 si

235 629 335 664 pater
365 624 439 655 vita
469 622 675 653 decessisset
699 626 881 660 antequam
908 619 941 648 in

235 675 450 706 matrimonio
489 673 611 704 mulier
648 676 855 707 moreretur,
881 669 942 699 dos

235 725 327 767 apud
355 726 513 756 maritum
536 722 744 754 remanebat.
802 720 941 751 Adven-

234 776 310 808 titia
324 780 436 806 autem
450 774 509 805 dos
520 782 656 814 semper
669 781 774 813 penes
785 770 943 801 maritum

234 826 447 865 remanebat,
468 830 696 865 praeterquam
716 822 741 852 si
758 823 798 862 is,
814 821 870 863 qui
886 820 945 852 de-

236 880 347 916 flerat,
374 883 413 908 ut
438 877 501 907 sibi
530 874 733 906 redderetur
760 873 942 913 stipulatus

233 928 358 966 fuerat,
375 937 450 968 quae
465 927 525 957 dos
543 925 740 967 specialiter
757 924 944 964 receptitia

233 980 426 1011 dicebatur.
448 979 587 1019 Ulpian.
611 977 670 1009 lib.
695 977 781 1017 Reg.
803 976 876 1006 Tit.
901 976 943 1006 de

233 1030 338 1061 dotib.
364 1030 495 1061 Heruld.

277 1085 294 1111 5
324 1081 462 1112 Centena
489 1078 605 1119 decies]
652 1078 739 1110 Haec
769 1077 850 1109 olim
880 1076 942 1108 dos

235 1131 395 1162 maxima.

282 1182 389 1212 Eme.
407 1190 502 1212 var.
527 1180 567 1211 In
585 1178 741 1219 Lalagen]
769 1179 941 1210 Morosam

236 1231 394 1271 depingit
422 1235 623 1268 matronam,
655 1239 729 1269 quae
761 1233 897 1268 compta
923 1237 943 1258 a

231 1293 331 1314 serva
339 1283 520 1321 oruatrice,
529 1291 631 1323 quum
642 1280 943 1311 animadvertisset

230 1335 264 1364 in
297 1334 396 1365 unico
421 1334 544 1364 annulo
571 1333 736 1363 cirrorum
760 1336 941 1372 peccatum

229 1385 356 1423 fuisse3
380 1385 430 1415 ira
457 1394 613 1421 accensa,
640 1383 759 1414 eodem
787 1382 941 1422 speculo,

232 1446 298 1477 quo
316 1435 350 1466 id
368 1434 674 1472 animadverterat,
701 1433 733 1463 iu
762 1433 940 1464 Plecusam

232 1486 436 1517 ornatricem
453 1483 695 1514 animadvertit
720 1487 818 1513 tanta
844 1482 940 1512 saevi-

232 1536 291 1574 tia,
312 1542 349 1565 ut
378 1535 480 1565 sectis
507 1534 610 1564 comis
635 1538 671 1564 et
694 1531 806 1563 fracto
826 1532 941 1572 capite

231 1587 356 1618 misera
372 1587 519 1617 Plecusa
535 1585 712 1616 ceciderit.

274 1641 291 1668 1
317 1636 524 1676 Peccaverat]
548 1636 626 1667 Non
643 1640 719 1666 erat
735 1635 768 1665 in
782 1634 912 1666 ordine.

275 1690 296 1718 2
321 1686 478 1725 Annucus]
535 1685 734 1723 Ciueiuuus,
768 1684 940 1724 crobylus.

230 1738 371 1778 Incerta]
395 1739 482 1770 Quae
497 1737 608 1768 crines
623 1746 686 1767 non
700 1735 850 1766 fideliter
862 1745 939 1766 con-

229 1789 384 1829 stringit,
402 1788 461 1819 sed
479 1792 580 1818 extra
596 1788 708 1818 locum
733 1786 844 1816 defixa
872 1790 937 1816 est.

229 1840 297 1871 Sed
324 1839 508 1870 Salmasius
536 1843 571 1868 et
602 1836 774 1867 Heraldus
797 1840 939 1866 censent

229 1889 413 1930 legendum
446 1889 575 1919 inserta.
633 1887 775 1917 Tertull.
805 1886 864 1916 lib.
895 1886 939 1916 de

229 1940 362 1980 Virgin.
392 1938 545 1969 velandis
570 1947 646 1976 cap.
676 1939 729 1967 12.
765 1936 939 1966 ‘vertunt

230 1991 404 2031 capillum,
415 1995 451 2019 et
464 1998 524 2019 acu
538 1986 714 2018 lasciviore
728 1995 858 2016 comam
873 1985 939 2016 sibi

229 2039 404 2072 inserunt?
465 2040 550 2069 Tum
579 2038 613 2068 in
639 2037 704 2068 hoc
733 2046 845 2075 versu,
874 2039 938 2067 dcc.

230 2094 239 2109 ‘
265 2092 407 2123 annulus
424 2089 434 2103 ’
463 2099 531 2120 uon
556 2087 727 2129 significat
758 2086 813 2117 τὸν
850 2085 940 2118 ἕλικα

230 2143 372 2183 crispati
396 2141 527 2183 capilli,
550 2146 589 2172 ut
614 2140 696 2170 alias
723 2141 822 2178 solet,
848 2140 938 2170 unde

228 2194 371 2234 capillus
383 2192 549 2223 annulatus
561 2191 612 2221 vel
623 2191 807 2228 arznellatus,
818 2191 834 2220 ὁ
844 2190 938 2221 οὔλω-

228 2244 301 2284 offis,
319 2244 378 2275 sed
396 2243 559 2274 circulum
587 2252 701 2281 unum,
721 2252 763 2272 ex
787 2246 857 2272 tota
874 2242 938 2272 cri-

227 2297 320 2327 nium
339 2303 502 2334 compage
525 2293 681 2333 spiratim
698 2292 881 2323 convoluta
901 2297 937 2323 et

227 2356 291 2387 per
307 2346 432 2377 multos
456 2343 554 2374 orbes
581 2347 760 2374 contexta.
807 2342 936 2373 Eadem

227 2403 355 2436 autem,
373 2401 408 2427 ut
425 2395 573 2431 videtur,
602 2403 666 2424 acu
691 2394 851 2434 capillum
870 2393 935 2424 dis-

227 2447 445 2489 tinguebant,
461 2450 496 2476 et
511 2455 531 2475 a
547 2443 661 2476 fronte
674 2445 887 2481 dividebant,
903 2449 937 2474 et

227 2508 305 2529 mox
319 2504 491 2538 comptum
516 2496 787 2536 distinctumque
804 2505 866 2536 per
879 2505 936 2525 an-

227 2551 325 2581 nulos
348 2555 385 2581 et
402 2554 510 2579 sertas
526 2548 669 2579 crinium
687 2546 754 2577 fixa
768 2556 807 2578 ea
827 2553 862 2577 et
887 2546 935 2577 in-

226 2607 318 2633 serta
335 2600 543 2638 retinebant,
566 2609 607 2629 ne
626 2599 849 2638 dissiparetur
864 2602 935 2628 tota

227 2661 403 2692 compago.
428 2651 561 2682 Salmas.
595 2649 743 2680 Videtur
759 2658 854 2679 error
869 2647 935 2679 fes-

227 2703 367 2734 tinantis
384 2712 471 2735 esse,
488 2711 589 2741 quum
603 2700 676 2740 ipse
693 2699 735 2731 de
750 2700 873 2730 annulo
885 2699 934 2729 di-

228 2755 287 2793 cit,
312 2754 400 2795 quod
427 2752 592 2784 Martialis
619 2752 661 2782 de
692 2751 774 2782 orbe
796 2761 802 2781 :
831 2755 864 2781 et
893 2750 935 2781 (te

706 171 849 201 >201¹AE
881 169 1146 200 VARIORUM
1186 169 1236 198 IN

1000 263 1096 301 orbe,
1127 263 1217 304 quod
1250 263 1305 293 ille
1336 262 1378 292 <lc
1420 262 1555 292 annulo.
1616 262 1704 292 Nam

998 314 1150 344 Martiali
1167 314 1314 344 circulus
1338 313 1407 351 ille,
1423 314 1547 346 inultos
1565 313 1705 342 annulos

996 364 1458 402 continenzvocnturorbis.
1485 364 1584 394 Gran.
1620 361 1705 401 Λειι]

995 414 1070 445 Acu
1086 415 1219 445 crinali.

1038 471 1056 498 3
1082 467 1154 497 Hoc
1163 465 1302 505 facinus,
1316 465 1385 506 aya]
1410 466 1573 496 Errorem
1587 465 1620 495 iu
1636 474 1703 495 non

994 517 1239 558 componendis
1268 518 1433 553 crinibus,
1459 526 1497 547 ac
1521 517 1547 546 si
1573 515 1702 547 facinus

994 572 1097 606 esset,
1112 568 1245 599 incusso
1262 568 1423 598 ornatrici
1439 567 1579 607 speculo
1594 567 1703 607 punit.

994 619 1143 650 Morosae
1168 619 1255 649 enim
1284 624 1380 648 eraut
1405 627 1488 654 erga
1517 616 1705 647 ornatriees

995 678 1071 698 suas
1089 674 1252 699 matronae
1265 668 1350 698 istan.
1388 668 1433 698 Et
1446 666 1701 697 deformitatem

996 729 1102 756 suam,
1119 729 1218 760 quam
1241 719 1318 749 dum
1348 718 1572 749 comebantur
1589 722 1624 747 et
1649 726 1705 747 or-

994 770 1405 809 nabantur,speculosese
1415 769 1705 808 contemplantes,

994 820 1252 859 inspectabant,
1271 819 1471 850 ancillarum
1492 828 1628 849 suarum
1654 818 1704 848 in-

995 872 1099 912 digua
1115 881 1229 911 poena,
1253 871 1410 912 quaedam
1436 869 1703 901 ulciscebantur.

995 923 1194 955 Peculiares
1225 922 1328 953 etiam
1360 921 1501 952 ancillas
1526 919 1702 951 habebant

994 974 1072 1005 lmic
1102 973 1233 1004 muneri
1258 972 1468 1012 adsignatas‚
1494 980 1577 1012 quas
1603 980 1700 1000 orna-

994 1026 1100 1056 trices
1125 1023 1359 1065 appellabant.
1405 1023 1489 1053 Tum
1504 1022 1579 1053 aliae
1595 1022 1700 1053 etiam

994 1081 1092 1107 erant
1103 1085 1210 1106 servae
1225 1075 1389 1113 emeritae,
1407 1083 1549 1115 quarum
1562 1073 1702 1104 consilio

996 1126 1094 1158 bellae
1113 1127 1164 1157 hae
1188 1131 1354 1156 matronae
1379 1125 1565 1155 utebantur
1590 1124 1623 1154 in
1647 1133 1702 1154 or-

993 1178 1114 1209 nandis
1142 1177 1285 1218 capillis.
1313 1176 1446 1207 Herald.
1501 1175 1591 1206 Vide
1619 1174 1702 1206 Juv-

993 1232 1025 1261 6.
1040 1232 1114 1261 491,
1139 1238 1240 1270 quem
1266 1228 1377 1258 locum
1401 1227 1465 1258 hoc
1490 1226 1701 1267 epigramma

993 1280 1170 1321 exprimit.

1035 1335 1055 1362 4
1079 1331 1162 1371 Icta]
1182 1329 1400 1367 Exanimata,
1418 1328 1472 1358 vel
1489 1337 1589 1358 caesa.
1629 1327 1703 1358 Ple-

991 1392 1065 1414 cusa
1079 1381 1188 1420 comis]
1212 1379 1379 1411 Ornatrix
1392 1378 1515 1410 ancilla
1530 1388 1551 1409 a
1565 1376 1703 1410 πλέκειν.

993 1438 1030 1464 ut
1046 1434 1160 1463 Psecas
1186 1430 1312 1462 Ovidio
1337 1435 1372 1461 et
1399 1430 1558 1462 Juvenali
1574 1440 1592 1460 a
1608 1428 1702 1469 ψεκά-

993 1483 1068 1524 ζειν.

1034 1539 1052 1566 5
1081 1535 1213 1573 Tristes,
1229 1532 1297 1573 Sym]
1328 1531 1492 1563 Tristitiae
1518 1536 1553 1562 et
1580 1531 1703 1562 verbe·

991 1596 1065 1617 rum
1082 1595 1213 1616 causas.
1239 1584 1430 1623 Metonym.

1034 1639 1055 1667 6
1077 1636 1237 1671 Insanum,
1258 1633 1328 1674 δῖα]
1355 1633 1411 1664 Ob
1435 1633 1540 1673 pilum
1565 1637 1701 1664 contur-

992 1687 1107 1718 batum
1122 1685 1324 1716 desaeviens.

1033 1741 1052 1769 7
1077 1736 1462 1777 H⁴›t·S‹11a2na21dra‚3,·c.]
1487 1735 1700 1766 Decalvetur

989 1793 1096 1828 caput
1112 1794 1218 1818 tuum.
1260 1787 1492 1818 Salamandrae
1516 1786 1609 1816 sanie
1624 1786 1702 1816 loca

991 1843 1085 1869 taeta
1115 1837 1262 1877 depilari
1295 1838 1403 1868 tradit
1432 1837 1563 1868 Plinius
1595 1837 1618 1867 l.
1647 1839 1698 1868 10.

989 1899 1020 1921 c.
1033 1892 1085 1919 67.
1101 1889 1110 1905 ‘
1121 1898 1194 1928 quae
1211 1888 1433 1919 Salamandra
1444 1887 1627 1927 supercilia
1639 1892 1700 1918 tua

990 1938 1154 1970 exussit?
1191 1938 1333 1968 Petron.
1367 1937 1454 1968 Arb.
1515 1937 1586 1967 Hoc
1612 1936 1700 1967 Sala-

989 1990 1121 2020 mandra
1151 1988 1252 2028 notet]
1292 1988 1426 2019 Dicunt
1462 1986 1698 2018 Salamandras

989 2039 1116 2070 habere
1148 2040 1214 2070 vim
1246 2038 1405 2079 psilothri
1435 2037 1697 2078 depilatoriam3

990 2089 1079 2130 quod
1107 2094 1142 2120 et
1170 2089 1304 2120 Plinius
1328 2093 1506 2120 memorat.
1552 2087 1651 2119 Unde
1678 2098 1699 2119 a

991 2141 1155 2172 Martiale
1182 2140 1332 2170 scienter
1348 2144 1383 2170 et
1398 2139 1605 2170 mordaciter
1626 2138 1697 2170 dic-

990 2197 1062 2222 tum
1090 2196 1158 2230 est,
1182 2194 1191 2208 ⁴
1207 2189 1285 2221 Hoc
1315 2190 1538 2220 Salamandra
1563 2194 1662 2220 notet
1676 2189 1699 2220 :’

989 2252 1063 2273 cum
1080 2241 1113 2272 in
1130 2241 1246 2281 capite
1270 2240 1416 2272 foeminae
1441 2240 1623 2271 defluvium
1640 2251 1697 2271 ca-

988 2294 1146 2334 pillorum
1161 2292 1238 2323 fieri
1256 2296 1403 2333 optaret.
1428 2292 1575 2323 Beronld.

1031 2347 1050 2375 S
1078 2344 1122 2374 Ut
1147 2344 1256 2382 digna,
1280 2342 1350 2382 ξω]
1383 2342 1432 2373 Ut
1459 2352 1526 2384 quo
1555 2343 1695 2383 speculo

987 2393 1151 2425 ornatrici
1169 2393 1361 2424 dissecuisti
1385 2402 1509 2433 comas,
1524 2397 1560 2424 et
1577 2398 1614 2424 tu
1631 2392 1695 2423 tibi

987 2455 1102 2476 omnes
1129 2444 1295 2474 dissectas
1320 2443 1353 2474 in
1379 2443 1501 2474 eodem
1519 2443 1694 2483 conspice-

987 2495 1032 2525 ris
1046 2505 1055 2533 ;
1079 2495 1130 2525 vel
1142 2499 1178 2525 ut
1193 2499 1296 2534 caput
1307 2498 1401 2525 tuum
1417 2504 1514 2535 aeque
1527 2494 1693 2525 reddatur

986 2546 1061 2576 leve
1079 2555 1118 2576 ac
1136 2545 1324 2585 speculum,
1338 2555 1416 2585 quo,
1431 2548 1495 2576 dcc.

1030 2597 1139 2626 ELEG.
1158 2604 1270 2626 vau.
1294 2598 1314 2626 4
1344 2596 1432 2630 Quod
1447 2595 1539 2636 agas]
1572 2595 1691 2627 Otium

986 2653 1020 2679 et
1037 2648 1204 2688 ignaviam
1222 2647 1402 2678 Posthumi
1420 2648 1587 2688 exagitat,
1598 2647 1692 2686 cujus

984 2699 1120 2729 unicum
1135 2697 1271 2729 videtur
1283 2698 1455 2737 negotium
1469 2695 1690 2737 rogare‚quid

988 2750 1043 2779 alii
1063 2754 1177 2789 agant,
1197 2757 1298 2789 quum
1327 2748 1391 2788 ipsi
1420 2747 1502 2778 nihil
1528 2747 1584 2785 sit,
1601 2746 1690 2786 quod
