1866 3131
231 176 341 216 1102

230 287 300 312 tum
320 282 410 322 quini
427 282 557 322 equites
573 280 627 322 qui
650 280 683 310 in
699 278 865 311 subselliis
880 281 929 309 14.

231 332 400 363 ordinum.

272 386 292 413 2
316 385 407 422 Aqua
424 383 527 417 toties,
541 381 612 421 ἔγω]
636 380 842 411 Sextilianus
859 380 928 418 ille,

228 443 270 463 ne
288 434 401 464 rubori
418 434 448 463 ei
466 439 533 463 tam
559 432 717 472 frequens
744 432 775 461 in
794 436 928 471 specta-

229 485 312 515 culis
336 485 466 523 potatio
495 489 599 521 esset,
615 482 722 512 videri
741 481 876 512 volebat
894 491 927 511 a-

229 544 325 574 quam
339 534 468 565 bibere.
493 534 691 573 Interrogat
705 532 805 573 poeta
818 531 927 570 ἐλεγκ·

226 588 327 624 τικῶς,
351 588 359 602 ‘
377 595 466 626 aqua
494 585 596 615 toties
624 584 735 614 ebrius
767 593 840 614 esse
871 592 928 622 po-

228 642 277 666 tes
290 637 311 666 ?'
336 642 372 667 ut
388 637 413 666 si
440 636 586 673 diceret,
613 634 766 675 quotidie
783 634 814 664 in
830 643 928 674 spec-

228 687 348 718 taculis
375 687 460 718 bibis
489 691 653 727 quantum
679 686 824 726 quinque
850 683 928 714 sub-

228 737 337 775 sellia,
364 736 551 766 identidem
569 735 680 765 ebrius
698 744 745 772 eS,
763 739 797 764 et
815 739 928 764 tamen

226 786 335 817 videri
350 788 400 817 vis
417 786 594 827 ὑδροπότης.
628 786 709 816 Esse
724 794 789 815 non
804 788 930 824 potest,

226 837 304 877 quin
343 837 455 867 vinnm
491 837 585 868 bibas
623 835 929 876 generosissimum.

226 888 431 919 Musambert.
477 888 540 918 Yel
563 891 672 928 poteS‚
698 886 829 927 quoties
846 885 930 924 sitis,

226 947 321 979 aquae
349 944 431 978 potu
471 938 560 968 sitim
593 943 686 968 tuam
720 937 850 967 sedare.
881 937 928 966 sic

227 990 368 1030 exponit
395 989 594 1020 Scriverius.
640 989 712 1029 Ego
744 987 926 1028 Hyperbo-

225 1040 290 1071 lice
307 1040 435 1071 dictum
453 1040 610 1071 arbitror.

268 1093 286 1120 3
313 1091 379 1121 Nec
394 1099 617 1128 consessorum,
631 1089 699 1129 ὅγε]
722 1089 798 1120 Nec
816 1088 858 1119 ad
881 1087 926 1118 vi-

224 1150 302 1170 num
320 1150 472 1171 nummos
490 1141 596 1171 solum
613 1150 774 1180 corrogas
787 1140 829 1170 ab
847 1140 927 1170 assi-

225 1190 384 1221 dentibus
401 1190 462 1221 tibi
485 1191 518 1220 in
535 1190 654 1221 eodem
673 1191 778 1230 gradu
795 1191 847 1220 vel
870 1200 926 1220 cu-

225 1249 301 1278 neo,
317 1240 376 1271 sed
393 1247 428 1271 et
456 1241 544 1282 petis
561 1250 630 1271 aera
650 1241 815 1271 ulteriora
831 1250 850 1270 a
869 1250 926 1271 cu-

224 1291 310 1329 neis,
327 1291 359 1321 id
378 1297 441 1329 est,
462 1291 502 1322 ab
520 1291 559 1321 iis
576 1291 632 1331 qui
657 1301 674 1321 a
696 1290 811 1321 fronte
828 1289 928 1329 infra,

223 1342 278 1372 vel
307 1352 326 1372 a
353 1347 449 1382 tergo
473 1352 574 1382 supra
600 1343 723 1372 sedent
747 1342 779 1372 in
805 1341 927 1372 eodem

225 1402 346 1431 cuneo,
360 1402 419 1422 seu
437 1393 601 1423 ulteriore
620 1393 717 1424 cunei
735 1392 857 1433 gradu,
874 1394 926 1424 vel

225 1443 257 1473 in
275 1443 348 1473 aliis
367 1444 524 1484 utrinque
537 1444 667 1474 cuneis.
711 1444 797 1474 Sunt
815 1443 927 1484 quide

225 1495 405 1525 missilibus
431 1495 640 1534 intelligunt,
669 1504 742 1534 quae
769 1494 826 1524 ille
849 1494 927 1525 bibo

224 1544 449 1585 undequaque
462 1545 638 1584 rapiebat:
663 1544 705 1574 de
719 1545 833 1575 cuneis
850 1544 927 1575 vide

224 1595 317 1635 Lips.
335 1596 375 1626 (le
393 1595 569 1635 Amphith.
600 1598 648 1626 13.
671 1600 706 1626 et
729 1595 867 1635 Buling.
885 1594 926 1625 de

225 1645 337 1684 Circo,
352 1655 428 1685 cap.
445 1647 497 1675 34.

265 1700 283 1726 5
309 1697 381 1727 Nun
407 1695 564 1736 lzaec,32rc.]
589 1695 712 1735 Neque
736 1694 815 1724 vilia
838 1692 924 1724 bibit

223 1748 303 1778 vina
319 1747 462 1787 Peligna
481 1752 539 1778 aut
551 1747 717 1785 Tuscana,
742 1745 801 1776 sed
823 1755 923 1785 gene-

223 1798 395 1828 rosissima
413 1798 598 1837 Opimiana
610 1802 644 1827 et
656 1796 828 1827 Massica:
849 1805 925 1826 cum

223 1853 275 1879 tot
291 1848 432 1878 calicum
446 1847 577 1877 trahoni
591 1846 697 1885 magis
713 1850 925 1885 competeret

222 1898 381 1938 vapidum
425 1896 667 1936 turbidumque
714 1895 924 1926 Laletanum.

222 1947 352 1986 Proezis]
380 1947 489 1977 Praela
506 1951 605 1976 vocat
631 1945 825 1985 torcularia,
850 1945 923 1986 qui·

222 1998 285 2029 bus
303 1999 415 2028 vinum
431 1997 644 2037 exprimitur.

266 2052 284 2079 7
311 2048 416 2088 Testa]
442 2048 502 2078 Est
533 2057 589 2078 vas
615 2047 790 2077 vinarium.
848 2047 922 2078 Fie-

223 2100 341 2130 tilibus
364 2099 441 2130 olim
458 2099 547 2129 vasis
578 2098 655 2128 vina
670 2099 852 2129 servabant
879 2098 921 2129 ad

222 2151 346 2181 multos
364 2159 481 2188 annm,
497 2158 539 2180 ue
557 2149 667 2179 dicam
685 2149 826 2180 saecula:
851 2149 922 2189 qui-

222 2201 284 2231 bus
308 2201 408 2231 etiam
434 2205 517 2230 nota
544 2208 704 2230 annorum
729 2204 764 2229 et
787 2199 923 2238 generis

222 2252 288 2282 vini
323 2250 600 2282 adscribebatur:
638 2250 725 2280 unde
764 2250 922 2290 loquendi

221 2302 311 2334 modi
322 2300 525 2342 profluxere,
537 2301 579 2331 de
594 2301 745 2340 meliore,
755 2301 796 2332 de
806 2301 921 2332 iuteri-

222 2362 281 2383 ore
293 2357 387 2391 nota,
399 2351 441 2382 de
451 2361 492 2382 eo
502 2351 590 2392 quod
605 2351 920 2391 praestantissimum

222 2408 287 2434 est.
310 2403 393 2433 Rad.
439 2401 572 2441 Antiqui
587 2401 709 2441 Opimi]
733 2402 770 2432 L.
784 2401 922 2441 Opimio

224 2452 303 2483 cos.
343 2452 384 2483 A.
417 2452 460 2483 U.
491 2452 529 2482 C.
557 2459 748 2482 Dcxxxm.
780 2460 819 2481 ea
846 2452 923 2482 caeli

221 2508 295 2534 erat
313 2502 508 2542 temperies,
523 2507 559 2533 ut
576 2503 645 2532 vini
657 2502 777 2542 optimi
794 2511 922 2533 summa

221 2555 414 2596 proveniret
437 2555 549 2595 copia,
574 2554 663 2595 quod
692 2555 725 2585 in
747 2564 851 2586 annos
867 2565 918 2587 cc.

220 2605 371 2635 duraret.
395 2604 485 2636 Plin.
511 2605 531 2636 l.
548 2607 600 2636 14.
625 2614 655 2636 c.
683 2608 715 2636 4.
760 2604 919 2646 siccatur]

220 2655 438 2687 Exhauritnr.

263 2708 283 2735 9
311 2705 387 2736 Faex
402 2705 566 2743 Laletana,
590 2704 660 2744 lya]
684 2705 918 2737 Faeculentum

219 2759 255 2786 et
271 2755 444 2786 turbidum
470 2755 580 2786 vinum
613 2765 652 2786 ex
682 2755 858 2787 Laletania
884 2757 915 2788 in

221 2805 400 2846 Hispania.

686 184 824 214 1¹⁰¹?AE
861 182 1124 213 VARtORUM
1162 181 1210 210 ΙΝ

1024 287 1063 315 10
1088 284 1123 315 Si
1151 281 1315 324 plzts‚&c.]
1340 281 1374 312 Si
1401 280 1545 312 excedis
1571 289 1686 311 nume-

979 345 1051 365 rum
1068 335 1265 375 cyathorum
1282 333 1381 373 quiin
1397 341 1492 362 coena
1510 337 1690 361 sumuntur

978 385 1096 416 decem
1115 390 1259 422 tantuin,
1274 393 1349 414 cum
1367 382 1565 412 lautissimae
1579 391 1686 412 coenae

980 436 1097 466 modus
1127 436 1170 466 sit
1198 434 1383 473 sextarius,
1417 432 1472 472 qui
1505 431 1684 462 duodecim

979 486 1133 516 continet
1151 484 1304 525 cyathos.

1024 536 1131 565 Eme.
1149 543 1288 565 xxvm.
1314 536 1328 563 l
1346 530 1520 571 Hesterna]
1545 531 1687 563 Jocatur

980 595 1056 616 cum
1077 586 1235 624 Procillo,
1262 594 1360 625 quem
1378 584 1467 614 inter
1485 582 1610 623 pocula
1625 591 1686 623 per

975 636 1092 676 jocum
1110 635 1219 675 pridie
1236 635 1413 665 invitarat.
1440 634 1599 663 Hesterna
1615 632 1686 671 tibi,

979 687 1049 726 tic]
1075 687 1147 726 Ego
1167 691 1243 726 post
1260 685 1517 726 quinquagenos
1542 684 1685 722 cyathos

979 737 1085 777 (inter
1101 736 1243 776 scyphos
1265 742 1377 765 autem
1402 734 1509 772 dicta,
1534 734 1686 770 indicta3

979 787 1081 826 facta,
1108 786 1237 817 infecta
1266 786 1430 826 oportuit,
1461 791 1617 825 tanquam
1651 784 1683 814 in

979 837 1056 867 vino
1075 835 1255 876 inscripta)
1272 836 1359 865 bene
1387 841 1488 874 potus
1507 841 1540 864 te
1564 835 1686 864 invita-

980 897 1072 918 ram:
1108 892 1144 918 tu
1171 887 1259 917 serio
1292 892 1325 916 et
1353 885 1462 915 sobrie
1496 885 1682 924 accepisti:

977 937 1078 978 idque
1096 936 1181 967 citra
1203 936 1307 967 bonos
1331 945 1441 966 mores
1457 941 1491 965 et
1507 935 1589 966 satis
1608 945 1683 966 cum

978 989 1142 1029 periculo.

1020 1042 1039 1070 2
1060 1037 1344 1077 chincunces‚s⁴c.]
1362 1037 1521 1077 Quinque
1539 1036 1681 1076 cyathos

977 1090 1134 1122 continet
1170 1089 1357 1130 quincunx,
1396 1087 1561 1118 dividitur
1594 1088 1682 1116 enim

977 1140 1147 1171 sextarius
1161 1139 1215 1180 (ut
1228 1140 1276 1170 As
1291 1139 1323 1168 in
1338 1140 1388 1168 12.
1403 1135 1536 1176 uncias)
1554 1137 1587 1166 in
1602 1145 1681 1176 cya-

977 1191 1052 1221 thos
1072 1193 1124 1220 12.
1150 1192 1180 1220 1.
1199 1189 1309 1220 uncia.
1323 1191 1353 1219 2.
1369 1188 1529 1218 Sextans.
1545 1189 1576 1218 3.
1593 1187 1683 1219 Qua-

977 1241 1091 1272 drans.
1107 1242 1138 1271 4.
1152 1239 1285 1270 Triens.
1310 1242 1339 1269 5.
1358 1238 1553 1270 Quincnnx.
1577 1239 1608 1267 6.
1622 1236 1683 1267 Se-

977 1293 1050 1324 mis.
1073 1295 1104 1323 7.
1119 1292 1284 1331 Septunx.
1309 1294 1340 1321 S.
1355 1291 1436 1320 Bes.
1464 1292 1495 1319 9.
1512 1287 1680 1318 Dodrans.

978 1346 1030 1375 10.
1044 1344 1212 1374 Dextans.
1237 1345 1289 1372 11.
1303 1341 1438 1371 Deunx.
1465 1342 1519 1370 12.
1531 1338 1683 1370 Sextari-

977 1403 1024 1424 us.
1071 1391 1458 1431 l>e1·uct0s'JExhaustos.

1019 1447 1037 1474 3
1064 1442 1202 1482 Mecum]
1216 1442 1255 1473 In
1270 1441 1397 1472 aedibus
1411 1440 1492 1471 meis
1506 1451 1513 1471 :
1539 1450 1605 1471 non
1620 1450 1681 1471 me-

975 1504 1043 1525 cum
1062 1493 1151 1533 apud
1169 1493 1285 1523 alium.

1017 1546 1036 1574 4
1064 1543 1241 1581 Tufactam
1253 1542 1309 1572 tibi
1321 1541 1401 1581 rem]
1419 1542 1571 1580 Certam,
1584 1539 1680 1571 indu-

972 1593 1129 1629 bitatam,
1149 1597 1183 1623 et
1204 1592 1392 1622 absolutam
1411 1601 1494 1630 rem,
1511 1600 1576 1621 non
1601 1600 1679 1631 pro-

974 1643 1107 1673 missam
1134 1647 1264 1672 tantum
1291 1641 1472 1682 significat.
1515 1642 1600 1671 Tum
1626 1641 1682 1671 cui

975 1691 1171 1723 confectum
1191 1692 1366 1731 negotium
1395 1696 1431 1722 et
1460 1691 1529 1722 voti
1546 1699 1683 1731 compos

976 1750 1040 1775 est.
1066 1744 1148 1774 Rad.
1168 1744 1253 1774 Mus.

1018 1799 1035 1825 5
1065 1795 1107 1824 Et
1127 1804 1185 1824 non
1201 1793 1319 1833 sobria]
1360 1793 1466 1824 Ebria
1498 1802 1558 1833 pro
1586 1792 1682 1823 seriis

975 1855 1016 1876 ac
1033 1845 1153 1875 sobriis
1178 1844 1353 1884 accepisti.
1397 1844 1454 1874 Sic
1478 1845 1487 1861 ‘
1504 1844 1615 1882 Reges
1632 1843 1681 1872 ‹li-

974 1900 1098 1926 cuntur
1114 1894 1226 1924 multis
1249 1903 1373 1933 urgere
1390 1893 1537 1931 cumillis,
1553 1894 1599 1924 Et
1613 1899 1680 1924 tor-

975 1955 1079 1986 quere
1096 1955 1202 1984 mero,
1231 1954 1312 1985 quos
1343 1945 1560 1984 perspexisse
1586 1944 1678 1974 labo-

976 1996 1076 2027 rent.'
1121 1996 1348 2036 Tyrannicum
1379 2001 1491 2026 autem
1517 1995 1679 2035 excipere

974 2047 1144 2077 ebriorum
1163 2046 1432 2086 simplicitatem,
1448 2050 1483 2076 et
1498 2045 1679 2076 advertere

973 2107 1047 2138 quae
1066 2096 1152 2127 bene
1169 2096 1259 2136 potis
1276 2096 1451 2127 excidant.

1016 2150 1036 2178 6
1063 2145 1229 2186 Exemplo]
1254 2146 1355 2176 Esset
1373 2145 1462 2176 enim
1476 2144 1573 2175 nimis
1591 2144 1678 2185 peri-

973 2197 1122 2227 culosum
1149 2198 1353 2236 exemplum,
1381 2195 1407 2225 si
1433 2205 1505 2236 quae
1523 2196 1564 2226 ab
1581 2195 1678 2226 ebrio

973 2247 1149 2285 excidunt,
1176 2253 1290 2277 essent
1317 2246 1487 2276 notanda:
1514 2250 1549 2276 et
1573 2246 1599 2276 si
1617 2255 1678 2286 per

967 2298 1083 2338 jocum
1111 2297 1201 2328 dicta
1228 2297 1280 2326 vel
1309 2296 1398 2326 inter
1430 2296 1562 2337 pocula,
1590 2296 1678 2327 serio

973 2347 1130 2388 accipias,
1164 2352 1200 2378 et
1229 2347 1275 2377 sic
1306 2347 1457 2378 convivae
1489 2346 1677 2387 pericnlum

973 2404 1080 2429 crees,
1128 2397 1195 2428 Hie
1211 2402 1324 2427 tamen
1343 2397 1383 2426 de
1399 2396 1677 2436 promissionibus

972 2454 1104 2479 tantum
1123 2447 1338 2479 vocationum
1356 2447 1388 2478 in
1406 2457 1501 2478 eaena
1513 2446 1613 2478 factis
1630 2447 1677 2477 Io—

973 2498 1029 2539 qui
1049 2497 1195 2528 videtur.
1215 2498 1368 2528 liuderus.

1014 2551 1031 2578 7
1057 2547 1240 2587 Μισῶ,ᾅ”ε.]
1275 2547 1356 2587 Odi,
1374 2556 1393 2578 ο
1416 2546 1578 2586 Procille,
1602 2555 1673 2577 me-

971 2607 1096 2628 morem
1115 2603 1362 2636 compotorem.

1014 2648 1118 2678 Eme.
1133 2655 1239 2678 xxix.
1273 2649 1288 2676 1
1301 2646 1588 2686 Hesternofoetere,
1605 2647 1677 2687 8313]

971 2697 1139 2738 Negando
1151 2697 1257 2736 magis
1271 2694 1427 2734 affirmat,
1449 2706 1523 2727 cum
1537 2697 1674 2737 subjicit

966 2748 1013 2778 ‘in
1028 2748 1138 2778 lucem
1148 2746 1260 2785 bibit,'
1274 2747 1336 2777 hoc
1347 2747 1509 2786 est‚diem
1521 2754 1672 2779 noctem-

970 2809 1034 2841 que
1061 2798 1211 2840 potando
1238 2797 1438 2829 continuat:
1475 2799 1670 2831 excusando
