1866 3131
229 193 247 233 1
257 190 342 233 206

227 297 310 330 tiam
327 300 362 328 et
386 295 620 337 patrocinium.
655 293 837 333 Stemmate]
862 294 924 325 Ce-

227 350 273 380 ris
297 353 333 379 et
350 345 549 386 imaginibus
574 344 766 376 nobilitato.

272 403 292 431 2
318 400 380 430 Ter
406 398 594 428 moneranda
622 397 742 436 domus]
774 396 925 435 Propter

226 451 394 480 Senecam
426 452 556 487 patrem
583 446 779 484 Rhetorem,
819 444 924 475 filium

228 499 299 538 ejus
335 497 588 536 Philosophum,
623 501 724 536 atque
751 496 923 526 Lucanum

228 552 405 589 nepotem:
430 548 497 585 vel,
524 551 665 587 propter
691 549 721 576 3.
736 545 822 576 filios
840 545 926 576 Rhe.

228 601 324 640 toris,
335 598 514 638 Annaeum,
529 598 715 629 Gallionem
733 607 792 628 seu
810 598 924 628 Nova-

229 656 312 691 tum,
349 655 384 682 et
414 650 556 681 Melam.
588 649 657 680 Alii
697 649 764 679 dici
796 649 926 686 volunt,

228 702 337 743 quasi,
353 701 450 732 valde
479 699 702 738 numeranda,
732 708 828 740 quam
858 699 924 728 vim

229 753 319 793 apud
337 752 477 783 Graecos
492 750 595 780 habet
608 749 680 790 τρίς.

271 805 290 833 3
317 801 560 840 Tantisregnis]
591 799 926 839 Patrociniis‚etpa-

229 853 334 884 tronis
351 853 416 882 illis
431 851 610 882 ditioribus
637 856 673 881 et
696 850 927 880 nobilioribus.

227 902 400 943 ‘Regnis'
426 911 505 942 ergo
533 912 595 941 pro
623 901 770 941 regibus.
816 901 926 940 Reges

230 954 318 984 enim
357 953 578 993 appellabant
615 952 738 982 amicos
775 959 929 991 magnos,

230 1014 313 1044 quos
327 1003 494 1034 colebant.

271 1057 290 1084 4
314 1054 451 1092 Pauper,
463 1052 532 1092 23¹0]
555 1053 747 1092 Pauperem
761 1055 793 1082 te
804 1056 838 1082 et
862 1060 927 1081 non

229 1104 420 1143 patritium,
450 1109 487 1133 ut
505 1103 671 1141 Pisones3
696 1102 755 1133 sed
779 1102 926 1142 equitem

229 1154 409 1194 anteposui
428 1159 461 1184 te
478 1158 513 1184 et
528 1152 751 1184 nobilioribus
769 1162 808 1183 ac
829 1152 928 1182 ditio·

228 1206 345 1243 ribus3
368 1213 478 1245 neque
502 1208 616 1234 tamen
646 1213 743 1233 secus
766 1202 854 1233 colui
879 1207 928 1233 at—

228 1266 293 1297 que
307 1255 478 1287 consulein
496 1259 555 1285 aut
571 1254 796 1285 consularem.
844 1254 927 1285 Rau.

229 1307 292 1337 Sed
321 1307 398 1337 mihi
413 1307 515 1336 consul
529 1305 613 1345 eras]
635 1306 697 1343 Te,
720 1304 863 1344 perinde
888 1315 927 1336 ac

227 1357 341 1388 consul
355 1366 414 1387 seu
430 1356 616 1387 consularis
632 1364 733 1394 esses,
748 1356 849 1386 colui.

272 1411 292 1438 6
316 1408 438 1447 Lectus,
455 1407 524 1446 85·c.]
549 1406 809 1438 Discubitorius.
853 1407 924 1437 Tri-

228 1458 378 1496 clinans,
390 1465 428 1488 ut
442 1458 549 1488 Seriv.
563 1458 648 1497 vult,
674 1467 740 1488 non
756 1458 926 1488 cubicula-

230 1509 284 1538 ris.
330 1509 339 1525 ⁴
353 1507 546 1539 Communis
559 1507 567 1519 ’
597 1517 678 1547 ergo
695 1513 730 1538 et
745 1510 754 1524 ⁶
766 1507 868 1538 unus'
885 1507 926 1537 ad

229 1569 393 1590 summam
436 1557 594 1589 amicitiae
643 1557 927 1598 significationem

229 1610 390 1649 pertinet.

272 1663 291 1689 7
316 1661 462 1700 Perdere,
483 1660 552 1700 Qu]
574 1659 770 1690 Diminuere
800 1659 864 1690 tibi
893 1663 929 1689 et

229 1720 371 1750 erogare
402 1712 437 1741 in
474 1711 619 1741 amicum
648 1715 809 1741 veterem.
854 1710 930 1748 Vel,

223 1762 296 1801 jam
314 1771 367 1792 me
391 1762 547 1792 donando
575 1766 672 1802 potes
701 1771 848 1800 servare,
876 1761 929 1792 vel

227 1821 291 1842 non
308 1811 542 1842 subveniendo
559 1811 715 1851 perdere.

272 1865 292 1892 9
316 1861 448 1901 Regem]
473 1862 673 1892 Patronum.

273 1915 313 1942 10
338 1911 571 1952 Hoc,sortuna‚
581 1913 695 1952 placet,
723 1911 794 1952 ἐγὼ]
817 1912 931 1951 Itane,

229 1974 248 1994 ο
268 1964 436 1994 Fortuna?
473 1973 514 1993 an
538 1963 570 1993 in
593 1963 658 1994 hoc
682 1963 801 1994 ditasti
834 1964 932 1994 Post-

229 2014 362 2044 umum?
379 2018 473 2044 certe
487 2019 523 2044 et
535 2023 588 2044 me
602 2018 637 2044 et
651 2018 696 2053 te,
710 2014 823 2052 cred0‚
836 2013 932 2045 fefel-

228 2065 283 2103 lit,
314 2075 353 2095 ac
381 2065 487 2095 veluti
509 2065 620 2104 proles
650 2064 815 2094 Postuma
830 2071 932 2105 rupto

231 2119 439 2146 testamento
469 2113 635 2146 fratribus
660 2115 829 2145 imminuit
849 2125 931 2146 rem.

232 2166 338 2198 Quasi
365 2166 481 2197 innuat
498 2166 683 2197 Fortunam
703 2175 742 2196 eo
764 2165 831 2197 fine
847 2166 932 2197 divi-

231 2217 296 2246 tias
313 2216 447 2246 dedisse
467 2215 643 2254 Postumo,
659 2220 697 2246 ut
721 2215 872 2247 liberalis
900 2217 932 2246 in

231 2266 355 2297 amicos
369 2270 460 2297 esset
476 2276 484 2296 z
502 2266 527 2296 is
540 2270 664 2305 autem,
680 2265 755 2296 illas
772 2265 932 2306 adeptus,

230 2326 349 2347 avarus
365 2315 476 2347 factus
495 2315 624 2347 fuerat:
643 2320 679 2346 et
693 2315 742 2346 sic
755 2325 814 2346 nos
831 2315 931 2347 dece-

232 2367 295 2407 pit.
322 2367 413 2397 Ram.

276 2418 379 2448 Eme.
402 2425 477 2447 xm.
505 2419 520 2446 1
541 2416 624 2452 Quid
650 2416 850 2456 recitaturus,
865 2419 933 2459 Sym]

232 2467 410 2498 Focalibus
426 2477 443 2497 e
462 2465 576 2497 fasciis
603 2467 708 2497 laneis
735 2468 934 2499 muniebant

232 2518 348 2549 fauces
361 2517 540 2548 recitaturi
551 2516 712 2548 adversus
724 2518 844 2549 ravim:
858 2528 932 2559 quae

233 2569 445 2600 auditoribus
461 2569 567 2609 magis
592 2569 774 2600 convenire
794 2569 935 2609 jocatur

234 2620 345 2650 Poeta
362 2620 403 2650 ad
421 2629 519 2650 aures
536 2620 774 2659 obstruendas,
789 2629 830 2651 ne
847 2621 933 2651 male

236 2671 435 2701 recitantem
455 2670 507 2700 vel
524 2670 688 2710 pessimos
706 2680 823 2701 versus
840 2671 933 2701 audi-

235 2726 304 2751 ant.
336 2721 489 2752 Allusum
504 2721 639 2752 videtur
656 2721 697 2752 ad
710 2721 742 2752 id
761 2721 936 2753 Xenocra-

235 2772 297 2802 tis:
327 2771 467 2802 ‘Pueris
491 2771 669 2802 adversum
695 2773 809 2812 turpia
840 2773 933 2804 dicta

694 199 832 230 No'rAE
865 195 1087 229 x'ARIORt'
1098 198 1128 227 M
1166 197 1215 226 ΙΝ

976 292 1089 332 potius
1102 289 1291 321 muniendae
1303 299 1399 320 aures
1412 288 1559 328 follibus,
1572 299 1671 330 quam

976 342 1115 373 athletis
1145 340 1322 371 adversum
1353 340 1440 370 ictus
1465 340 1671 371 adversario=

977 391 1074 423 rum?
1107 391 1261 422 Laertius
1293 393 1322 421 4.
1344 390 1434 420 Vide
1458 390 1522 430 Ep.
1554 392 1627 421 142.
1652 390 1673 420 l,

978 447 1028 475 1-1.

1018 495 1121 525 Eme.
1141 503 1234 524 xmv.
1270 495 1284 522 1
1310 492 1436 523 Vesvius
1451 490 1582 530 umbris]
1607 491 1674 520 Ve-

976 546 1061 575 suvii
1090 545 1141 574 vel
1168 543 1286 574 Vesvii
1314 542 1437 573 montis
1476 541 1591 582 (quem
1618 540 1675 570 alii

979 595 1160 625 Vesebium
1188 594 1242 624 vel
1268 592 1426 623 Vesbium
1463 589 1604 630 vocant)
1627 591 1676 620 in-

975 646 1132 677 cendium
1169 645 1338 684 deplorat.
1394 643 1457 673 Est
1481 641 1675 672 notissimus

976 705 1070 726 mons
1098 695 1128 725 in
1156 694 1343 734 Campania
1373 693 1476 724 felici.
1524 692 1598 722 Hoc
1626 692 1674 721 in-

977 748 1098 779 cendio
1114 749 1288 778 extinctus
1305 747 1371 778 fuit
1389 746 1566 778 Naturalis
1582 745 1676 776 Hm,

978 804 1076 829 autor
1091 798 1235 837 Plinius,
1256 799 1352 837 cujus
1378 808 1490 828 casum
1515 797 1677 827 describit

979 849 1110 879 Plinius
1130 848 1247 887 junior
1273 849 1331 879 lib.
1356 851 1388 878 6.
1418 849 1529 887 Epist.
1552 850 1605 878 16.
1634 847 1674 877 ad

977 899 1089 930 Tacit.
1125 898 1306 935 Vesuvina
1341 908 1435 928 mons
1466 897 1678 937 Campaniae,

979 950 1045 980 vini
1058 949 1178 989 optimi
1195 947 1433 979 fertilissimus.
1463 947 1519 978 Sic
1535 948 1654 978 Florus
1670 959 1675 976 :

978 1002 986 1017 ‘
999 999 1067 1030 Hic
1086 998 1202 1030 amicti
1226 998 1352 1029 vitibus
1369 1004 1511 1038 montes,
1531 999 1678 1035 Gaurus,

978 1051 1155 1087 Falernus,
1179 1050 1360 1087 Massicus,
1377 1055 1411 1080 et
1433 1049 1678 1090 pulcherrimus

978 1101 1125 1133 omnium
1141 1100 1310 1130 Vesuvius
1324 1100 1432 1130 AEtnae
1449 1099 1620 1130 imitator.'

1021 1155 1040 1183 2
1062 1150 1178 1190 Lacus]
1203 1151 1269 1182 Qui
1288 1150 1463 1190 excipiunt
1481 1150 1559 1180 vina
1575 1150 1679 1190 praelo

979 1211 1150 1242 expressa,
1190 1201 1306 1240 Epigr.
1331 1204 1384 1231 27.
1407 1201 1466 1231 lib.
1488 1203 1520 1232 7.
1546 1210 1632 1232 verS.
1649 1204 1682 1231 7,

978 1252 1178 1283 Torcularia
1195 1260 1285 1291 vern,
1317 1251 1434 1291 quibus
1453 1261 1527 1282 uvae
1555 1261 1679 1291 pressa-2.

978 1303 1127 1334 fundunt
1143 1306 1275 1332 nectar.

1021 1358 1038 1385 3
1065 1355 1162 1394 Nysoe
1179 1354 1280 1391 colles,
1301 1352 1371 1392 Cym]
1410 1352 1516 1383 Indiae
1542 1353 1680 1391 montis,

979 1407 1107 1438 Bacchi
1125 1405 1292 1436 natalibus
1318 1408 1352 1434 et
1378 1404 1558 1434 itineribus
1586 1404 1681 1437 clari,

979 1458 1079 1490 [nde
1106 1462 1141 1488 et
1167 1456 1295 1487 invenit
1320 1465 1440 1485 nomen
1467 1456 1639 1495 Dionysii,
1662 1466 1681 1486 a

978 1509 1064 1540 Jove
1082 1512 1117 1537 et
1135 1507 1231 1546 Nysa
1247 1505 1448 1535 derivatum.

1020 1561 1040 1588 4
1065 1556 1190 1597 Satyri]
1215 1556 1341 1586 Bacchi
1360 1555 1510 1586 comites.

1022 1613 1040 1640 5
1067 1609 1145 1639 Haec
1168 1608 1296 1639 Veneris
1323 1606 1423 1646 sedes]
1458 1607 1499 1638 In
1530 1608 1682 1638 Vesuvio

980 1663 1094 1689 monte
1125 1658 1191 1688 duo
1222 1663 1322 1688 crant
1346 1657 1441 1697 fana,
1472 1658 1618 1690 Veneris
1647 1664 1683 1690 ct

980 1709 1151 1739 Herculi&
1206 1708 1467 1739 Laeedaemones
1501 1709 1601 1745 enim,
1647 1714 1683 1739 ut

981 1760 1087 1790 tradit
1099 1759 1300 1797 Pausanias,
1313 1759 1480 1789 Venerem
1493 1759 1682 1790 coluerunt.

1024 1813 1041 1840 7
1058 1810 1305 1849 Cunctajacent,
1320 1809 1388 1848 Esca]
1413 1811 1468 1840 De
1483 1810 1577 1849 hujus
1591 1819 1683 1840 mon-

982 1859 1024 1889 tis
1042 1860 1213 1896 incendio,
1237 1869 1302 1899 quo
1328 1860 1430 1898 periit
1447 1860 1579 1890 Plinius
1605 1861 1684 1890 Nat.

981 1908 1145 1940 Historiae
1161 1915 1272 1948 autor,
1285 1908 1363 1939 vide
1377 1909 1466 1941 Plin.
1482 1910 1561 1941 Jun.
1575 1911 1685 1950 Epist..

984 1962 1035 1990 16.
1050 1959 1108 1991 lib.
1123 1963 1155 1991 6.

1026 2013 1045 2041 8
1070 2011 1139 2040 Nec
1159 2009 1366 2050 Szrpev‘i‚35·c.]
1404 2011 1450 2041 Et
1476 2011 1566 2051 ipsos
1595 2011 1685 2041 Deos

984 2061 1144 2102 poenituit
1168 2061 1265 2101 hujus
1295 2061 1456 2091 incendii.
1502 2062 1685 2102 Hyperbo-

984 2114 1060 2143 lice.

1029 2164 1131 2193 EPIG.
1179 2170 1261 2192 XLV.
1308 2161 1411 2191 Burri
1450 2162 1687 2203 quinquennis,

985 2212 1161 2243 Parthenii
1178 2211 1250 2250 filii,
1266 2211 1413 2241 natalem
1431 2211 1598 2243 celebrat.

1028 2266 1043 2294 l
1070 2263 1151 2293 Haec
1175 2262 1314 2302 tibipro,
1336 2261 1406 2301 de]
1441 2262 1517 2292 Hoc
1545 2263 1605 2293 tibi
1634 2268 1687 2295 tus

983 2314 1076 2353 large
1098 2318 1133 2344 et
1158 2313 1288 2343 liberali
1313 2323 1413 2343 manu
1429 2313 1543 2344 adolet
1557 2324 1618 2354 pro
1635 2325 1685 2345 sa-

983 2368 1053 2397 lute
1066 2365 1162 2396 filioli
1184 2366 1235 2396 sui
1258 2365 1480 2403 Parthenius,
1497 2366 1553 2406 qui
1570 2365 1604 2396 in
1620 2366 1687 2397 Pa-

982 2417 1065 2448 latio
1090 2416 1195 2447 servit
1221 2415 1423 2455 Imperatori
1446 2416 1578 2447 Domit.
1595 2427 1614 2447 a
1630 2427 1688 2447 cu·

983 2467 1109 2498 biculo.
1144 2467 1238 2497 Suet.
1263 2467 1389 2497 Domit.
1411 2476 1486 2506 cap.
1512 2470 1563 2499 16.
1583 2472 1618 2498 et
1636 2471 1688 2499 17.

982 2519 1061 2549 Vid.
1074 2518 1131 2548 lib.
1147 2521 1178 2549 5.
1195 2517 1311 2557 Epigr.
1329 2520 1360 2548 6.
1385 2518 1448 2547 Est
1461 2526 1542 2548 vero
1559 2527 1692 2556 acerra,

983 2569 1169 2600 thurarinm
1192 2578 1262 2607 vas,
1277 2567 1456 2608 λιβανωτρὶς
1471 2568 1608 2610 Graece,
1628 2571 1687 2601 sed

983 2619 1038 2650 hic
1053 2623 1199 2659 prototo
1226 2618 1395 2649 sacrificio
1424 2619 1577 2651 sumitur.
1622 2621 1688 2651 Pa-

984 2670 1108 2701 latinus
1122 2669 1262 2707 dicitur,
1280 2669 1357 2709 quia
1371 2669 1402 2699 in
1417 2670 1547 2709 palatio
1561 2671 1686 2702 servie-

986 2721 1045 2752 bat
1062 2720 1200 2759 Caesari,
1227 2723 1263 2750 et
1279 2729 1297 2749 a
1314 2719 1474 2751 cubiculo
1501 2724 1592 2751 esset
1616 2720 1687 2752 Do-

987 2772 1057 2804 mit.
