1866 3131
251 187 363 229 1364

250 292 418 323 dubitatio
441 297 503 323 est.
548 291 624 322 Nec
648 291 757 322 minus
782 290 947 322 credibile

251 344 465 374 Formianum
497 352 564 372 non
594 340 699 372 fuisse
737 342 809 372 sine
839 342 948 372 vinea.

249 393 437 425 Horatius:
463 393 472 410 ‘
490 393 571 423 Mea
595 402 657 423 nec
679 393 832 423 Falernae
850 392 948 422 Tem—

250 449 374 484 perant
390 443 490 482 vites,
513 452 623 484 neque
646 442 815 473 Formiani
840 443 949 472 Pocu-

247 496 281 526 la
297 495 424 527 colles!
450 495 494 525 Et
509 495 609 526 alibi:
635 496 644 512 ‘
663 495 737 526 Nec
760 495 948 533 Laestrygo-

246 548 302 578 nia
327 548 481 578 Bacchus
504 547 538 577 in
563 547 723 586 amphora
747 545 949 585 Languescit

247 598 348 629 mihi!
377 598 512 629 Gronov.
524 597 701 637 Jam'tores]
727 596 821 633 Aliis,
839 596 949 626 rinito-

245 658 310 679 res:
336 648 394 679 sed
411 649 502 678 nulla
526 648 579 678 1110
601 648 729 678 mentio
746 647 867 677 vineae.
890 647 948 676 Ja-

245 700 362 730 nitores
378 704 491 730 autem
506 699 608 729 etiam
623 698 655 728 iu
672 698 756 727 villis
775 702 809 727 et
826 702 948 736 ρι’-3310-

246 749 305 780 riis
336 748 454 786 fuisse,
488 748 580 779 nulla
610 747 777 778 dubitatio
805 750 879 784 est,
911 752 949 776 ut

246 799 336 830 servi
353 800 530 829 atrienses.

287 851 329 880 29
353 849 496 879 Dominis
519 851 668 888 parantur
689 848 763 886 ista,
786 847 856 887 Quo]
877 847 947 877 Do-

248 900 329 929 mini
355 909 444 937 raro,
469 898 598 937 furtim,
618 904 652 929 et·
679 908 739 938 per
763 897 879 933 otium,
903 897 948 927 ci-

245 952 331 981 vicis
346 953 439 991 quasi
457 951 565 981 emissi
586 950 738 986 vinculis,
755 949 814 979 has
831 949 948 988 volup-

247 1006 338 1031 tates
356 1007 522 1041 carpunt:
550 1010 623 1037 vos,
640 1010 658 1030 ο
673 1000 788 1038 villici,
805 1008 951 1038 semper,

242 1051 366 1091 libere,
381 1056 415 1081 et
434 1051 474 1081 ad
492 1051 689 1081 satietatem
707 1051 746 1080 iis
764 1048 927 1080 fruimini.

289 1103 390 1132 EPffl.
408 1110 516 1132 xxxx.
543 1102 582 1132 In
601 1102 753 1142 gulosum
772 1107 806 1132 et
829 1109 949 1140 ganeo-

246 1153 400 1183 1101111100
428 1152 605 1192 scriptum,
623 1161 687 1192 quo
711 1157 807 1182 notat
824 1151 856 1181 in
876 1152 950 1181 Cal-

245 1202 376 1232 liodoro
391 1202 505 1232 luxum
524 1206 557 1232 et
574 1202 685 1241 gulam
701 1203 935 1232 Romanorum.

290 1257 304 1284 1
331 1255 480 1292 Addixti,
505 1255 573 1294 Sym]
619 1252 822 1283 vendidisti.
854 1252 949 1283 Suet.

245 1304 276 1334 in
297 1305 385 1335 Caes.
403 1307 410 1320 ‘
427 1305 572 1335 Nununo
593 1303 747 1343 addixit,'
764 1303 796 1333 id
815 1308 877 1341 est,
894 1312 949 1333 ve—

244 1364 322 1385 num
351 1355 458 1385 dedit.
506 1355 551 1385 Et
580 1353 710 1384 addicti
742 1352 950 1383 vocabantur

243 1405 396 1436 homines
410 1405 624 1445 ol›ae1·ati,qui
638 1410 671 1434 et
683 1404 762 1435 nexi
777 1404 950 1441 dicuntur,

245 1455 302 1494 qui
322 1455 359 1486 L.
380 1458 430 1485 12.
448 1455 638 1485 tabularum
664 1453 706 1483 ob
734 1463 779 1484 aes
803 1453 950 1483 alionum

247 1505 475 1536 creditoribus
493 1505 525 1535 in
550 1504 789 1545 temporariam
808 1503 951 1533 servitu—

246 1560 315 1585 tem
347 1555 606 1593 addicebantur,
623 1563 705 1594 quos
731 1553 846 1583 (11Ῥοί
870 1553 948 1590 ἀγω-

248 1605 367 1645 γίμους,
390 1606 423 1636 id
448 1611 498 1636 est
515 1604 826 1641 καταδεδικασμένους
856 1603 951 1634 (lixe-

249 1663 340 1696 runt‚
365 1666 448 1697 quos
479 1656 641 1686 creditori
668 1655 793 1685 ducere
815 1655 950 1685 domum

251 1717 270 1738 a
298 1714 446 1747 praetore
476 1706 750 1747 permittebatur.
797 1706 950 1736 Radcrus.

250 1758 353 1799 Here]
392 1759 490 1789 Heri.
523 1759 799 1798 Epigramm.44.
827 1757 885 1788 lib.
918 1760 948 1788 l.

246 1819 335 1840 vers.
351 1813 379 1841 1.
414 1808 588 1847 Trecentis]
624 1808 948 1848 Aliiduce7itis,qua-

246 1860 404 1900 draginta
421 1860 493 1889 scil.
511 1858 658 1889 florenis.

292 1913 311 1941 2
338 1909 455 1949 Semel]
491 1910 544 1940 Ex
572 1909 681 1949 pretio
707 1908 795 1938 servi
822 1917 947 1938 venun-

247 1962 332 1994 dati.

248 2027 252 2030 ·
289 2015 309 2043 4
336 2012 438 2042 Coenoe
453 2021 573 2051 pompa,
588 2009 658 2050 Sym]
693 2009 807 2040 Coenae
825 2011 855 2039 3.
872 2014 949 2040 sunt

246 2069 384 2104 partes3
409 2067 599 2099 antecoena,
626 2069 732 2091 coen‘eev
755 2065 859 2099 caput
887 2069 946 2089 seu

245 2122 381 2154 pompa,
399 2118 433 2143 et
452 2112 611 2142 secundae
629 2120 752 2141 mensae
771 2120 829 2141 seu
845 2111 945 2141 bella-

246 2165 306 2194 ria.

287 2218 305 2243 5
334 2213 520 2244 Exclamare
548 2213 638 2252 libet]
663 2213 898 2253 Epiphonema
927 2223 946 2244 a

246 2265 295 2295 rei
312 2265 526 2304 indignitate.
566 2264 639 2294 Non
655 2268 699 2294 est
725 2263 788 2303 hic]
820 2264 893 2294 Hoc
911 2264 945 2294 in

245 2324 302 2345 eos
320 2316 494 2353 convenit,
509 2315 564 2355 qui
590 2315 718 2345 tributa
735 2314 851 2354 populi
870 2323 944 2344 vec—

246 2367 426 2407 tigaliaque
452 2367 483 2396 in
501 2367 615 2396 luxum
644 2371 678 2396 et
704 2374 861 2406 pompam
889 2364 944 2395 ab·

245 2423 392 2448 sumunt.
440 2418 522 2448 Rad.

288 2468 391 2498 Eme.
411 2476 533 2497 xxxu.
561 2466 763 2498 'Nobilitavit
786 2464 849 2495 1100
868 2464 944 2504 Epi-

244 2524 429 2556 grammate
461 2518 649 2548 Antonium
682 2517 774 2547 illum
809 2516 944 2546 Tolosa-

244 2578 340 2607 1111111;
365 2573 399 2598 et
427 2571 579 2608 corporis
605 2567 753 2607 effigiem
781 2571 815 2597 et
844 2565 944 2596 animi

245 2619 388 2649 virtutes
406 2619 585 2658 expressit.

288 2673 305 2699 4
332 2669 472 2708 Primus]
510 2669 730 2709 Cognomen3
756 2668 806 2698 M.
836 2666 943 2698 Anto-

245 2719 316 2748 nius
334 2718 478 2748 Primus.
507 2720 615 2758 Supra
630 2719 744 2758 Epigr.
763 2721 814 2748 23.

287 2773 303 2798 ὁ
331 2770 392 2798 Ars
408 2770 525 2800 utinum
548 2779 655 2806 mores,
671 2768 739 2808 iffa]
761 2770 770 2784 ⁴
790 2767 888 2800 Quod
915 2767 942 2797 si

719 195 858 226 NOTAE

892 193 1154 224 VARIORUM
1194 193 1243 221 ΙΝ*

1000 288 1106 320 oculis
1122 288 1225 318 facies
1238 286 1371 318 honesti
1386 290 1594 326 cerneretur,
1611 287 1701 317 miri-

1000 340 1082 371 ficos
1113 339 1163 369 sni
1195 348 1325 369 amores
1357 338 1528 369 excitaret
1543 337 1562 368 :’
1590 338 1701 369 Plato.

999 390 1194 430 Spectabile
1212 390 1273 420 1100
1291 394 1326 419 et
1344 389 1509 419 imitabile
1534 388 1702 429 picturam

1000 442 1161 473 laudandi
1178 441 1363 481 exemplar.

1042 493 1146 523 Epic..
1171 499 1313 522 xxxu1.
1338 490 1387 521 Ut
1415 500 1549 521 suorum
1576 489 1702 521 Carmi-

1000 553 1076 573 num
1095 548 1277 583 patronum
1293 542 1430 572 invocat
1442 541 1586 572 Paulum
1601 540 1657 572 lib.
1671 543 1690 570 7
1701 562 1709 570 .

1001 595 1117 634 Epigr.
1143 596 1196 625 72.
1221 593 1269 624 510
1301 596 1398 633 rogat
1418 592 1473 623 hic.
1499 591 1704 630 Munatium,

1000 645 1067 683 vel,
1088 649 1124 675 ut
1141 644 1196 674 alii
1220 644 1351 684 legunt,
1368 642 1583 680 Numacium,
1602 646 1639 672 ut
1654 641 1704 671 in-

999 696 1104 728 fames
1131 706 1258 737 versus,
1285 705 1344 726 suo
1375 695 1507 726 nomine
1534 695 1701 735 vulgatos,

999 757 1075 778 suos
1094 757 1166 778 esse
1179 751 1294 788 neget.
1335 746 1418 777 Rud.

1044 801 1059 828 l
1085 797 1278 837 Simplicior]
1303 797 1447 828 Sabinos
1464 801 1565 827 vocat
1577 795 1703 835 simpli-

999 858 1064 886 ses,
1082 849 1113 879 id
1133 854 1196 888 est,
1212 853 1338 886 rectos,
1355 847 1529 878 candidos.
1560 845 1702 886 Sabinis]

1001 900 1031 931 A
1054 900 1175 941 quibus
1200 909 1261 940 per
1284 898 1438 929 ludorum
1467 897 1614 938 speciem
1639 898 1704 928 cir-

1001 950 1205 990 cumveutis,
1232 949 1374 981 Romani
1397 947 1551 980 foeminas
1582 958 1703 989 rapue-

1001 1005 1092 1032 runt.

1042 1054 1062 1082 2
1089 1052 1270 1091 Cecropium
1293 1050 1409 1091 senem]
1434 1049 1622 1087 Socratem,
1646 1047 1702 1089 qui

999 1101 1160 1133 Juvenali
1190 1106 1318 1131 ‘senex
1348 1100 1479 1130 vicinus
1510 1097 1703 1139 Hymett0.'

1002 1150 1071 1181 Alii
1088 1142 1271 1191 Epicurum
1290 1150 1497 1189 intelligunt.

1043 1204 1061 1232 3
1087 1202 1141 1232 Sic
1169 1202 1226 1232 libi
1249 1201 1412 1239 consoceri,
1428 1200 1495 1240 Qu]
1519 1199 1621 1231 Haud
1645 1199 1704 1230 du-

1001 1251 1054 1282 bie
1072 1254 1222 1282 consoceri
1240 1256 1336 1282 recte
1353 1251 1503 1281 restituit
1521 1251 1702 1281 Gruterus.

1001 1301 1172 1341 Alterum,
1196 1301 1358 1343 quicquid
1384 1301 1590 1340 explicetur,
1612 1300 1704 1340 inep-

1001 1358 1073 1383 tum
1105 1358 1169 1383 est.
1215 1352 1282 1383 Sed
1309 1361 1372 1382 nec
1400 1351 1494 1390 illud,
1515 1352 1548 1381 in
1573 1351 1702 1381 aedibus

1001 1405 1117 1444 generi
1144 1409 1179 1434 et
1206 1403 1329 1442 soceri,
1355 1404 1419 1433 διο.
1464 1402 1556 1432 Nihil
1579 1401 1633 1432 hic
1662 1401 1704 1432 de

1002 1455 1131 1485 ¹aedibus
1165 1454 1328 1485 utriusve.
1383 1454 1391 1469 ‘
1416 1453 1599 1483 Consoceri
1638 1453 1704 1483 cla-

1001 1514 1055 1535 ros
1084 1504 1235 1535 retinere
1261 1505 1408 1534 Penates
1422 1502 1431 1515 '
1449 1508 1512 1542 est,
1530 1504 1704 1534 consoceri

1003 1554 1065 1593 tui,
1090 1554 1213 1584 nobilis
1240 1553 1312 1593 viri,
1328 1553 1478 1583 rotinere
1502 1551 1703 1583 affinitatem

1001 1609 1036 1635 et.
1059 1604 1355 1643 necessitudinem,
1376 1602 1591 1633 matrimonio
1615 1608 1704 1634 natae

1002 1659 1068 1685 tuae
1094 1664 1169 1684 cum
1196 1654 1264 1684 filio
1292 1653 1378 1694 ejus,
1401 1663 1462 1682 nec
1485 1652 1624 1683 alterius
1647 1657 1705 1683 aut

1002 1710 1222 1746 utrorumque
1239 1711 1360 1743 morte,
1375 1704 1454 1735 dum
1469 1709 1505 1735 tu
1524 1704 1626 1742 vives,
1640 1713 1703 1734 nec

1001 1769 1146 1800 unquam
1177 1759 1269 1788 inter
1301 1759 1390 1798 ipsos
1423 1766 1484 1797 per
1518 1756 1702 1787 divortium

1001 1809 1182 1849 dirempto.
1228 1808 1411 1838 Suetonius
1443 1807 1485 1838 de
1508 1807 1600 1839 Julio
1627 1811 1704 1847 post

1001 1865 1146 1889 mortem
1168 1858 1246 1889 filiae
1271 1859 1363 1898 ejus:
1389 1858 1397 1874 ‘
1416 1857 1470 1887 Ad
1493 1857 1703 1887 retinendam

1002 1916 1113 1941 autem
1146 1909 1302 1950 Pompeii
1339 1907 1627 1939 necessitudinem
1664 1917 1704 1938 30

1001 1961 1222 2000 voluntatem,
1255 1961 1436 1991 Octaviam
1478 1959 1598 1990 sororis
1634 1969 1702 1989 suae

1001 2018 1153 2052 neptem,
1170 2021 1244 2052 quae
1262 2011 1301 2041 C.
1313 2010 1479 2040 Marcello
1492 2014 1598 2049 nupta
1615 2015 1702 2049 erat,

999 2063 1197 2092 conditione
1226 2061 1257 2091 ei
1284 2061 1416 2099 detulit,
1441 2060 1573 2101 sibique
1596 2059 1700 2090 filiam

1000 2113 1072 2152 ejus
1090 2114 1121 2143 in
1147 2113 1398 2144 matrimonium
1423 2111 1535 2154 petit.’
1580 2112 1701 2142 Grono-

998 2165 1077 2195 vius.
1124 2165 1178 2195 Sic
1192 2164 1250 2195 tibi
1264 2174 1331 2194 cum
1345 2164 1452 2199 soceri,
1469 2162 1538 2203 130]
1562 2163 1616 2193 Sic
1639 2163 1701 2194 tibi

999 2220 1095 2245 casta
1107 2215 1220 2245 Venus
1245 2214 1304 2245 det
1329 2214 1479 2245 retinere
1507 2215 1616 2244 claros
1636 2214 1703 2245 Pe-

1000 2271 1095 2296 nates
1110 2266 1218 2296 soceri
1235 2275 1309 2296 cum
1327 2269 1496 2306 perpetua
1509 2263 1585 2295 face
1599 2270 1702 2304 natae,

1001 2316 1112 2346 uxoris
1136 2316 1271 2346 scilicet
1295 2321 1373 2347 tuoe.
1410 2315 1480 2346 Alii
1504 2315 1570 2354 leg.
1598 2325 1700 2345 conso-

998 2366 1059 2396 ceri
1072 2367 1187 2396 claros.-
1205 2371 1310 2396 recte.
1327 2366 1404 2396 Hoc
1421 2369 1492 2395 est:
1510 2365 1626 2394 Venus
1640 2364 1701 2394 tibi

999 2416 1202 2446 connubium
1219 2420 1307 2446 natae
1328 2422 1409 2454 tuae,
1427 2424 1502 2446 cum
1527 2415 1701 2445 consoceri

997 2466 1066 2497 lilio
1095 2467 1229 2505 initum,
1245 2466 1277 2496 in
1304 2465 1433 2495 sedibus
1460 2464 1574 2505 generi
1597 2469 1632 2494 et
1648 2473 1699 2494 so-

998 2517 1079 2555 ceri,
1107 2520 1271 2546 aeteruum
1299 2515 1424 2553 firmet,
1448 2519 1484 2544 ut
1512 2513 1699 2544 concordes

998 2576 1100 2606 gener
1126 2572 1161 2597 et
1191 2576 1307 2604 nurus,
1334 2565 1573 2604 consocerique
1601 2563 1699 2593 simul

999 2617 1130 2647 vivatis.
1176 2618 1349 2647 Consocer
1366 2620 1428 2651 est,
1446 2623 1586 2654 quorum
1611 2614 1697 2643 alter

997 2669 1099 2699 tilium
1125 2669 1262 2698 alterius
1287 2666 1365 2698 fitiae
1389 2666 1421 2696 in
1447 2664 1696 2695 matrimonium

998 2719 1102 2750 dedit.
1143 2719 1226 2748 Rud.

1040 2774 1056 2799 ὂ
1087 2769 1127 2799 L⁷t
1145 2773 1190 2807 tu,
1210 2766 1280 2806 ἕνα]
1316 2767 1362 2798 Ut
1388 2771 1437 2804 lu,
1462 2767 1524 2796 ἃς.
1553 2773 1571 2794 a
1598 2763 1694 2795 nobis
