1866 3131
248 188 359 230 1336

700 203 839 233 NOTAE
872 203 1135 233 VARIORUM
1172 205 1221 233 IN

513 442 1117 491 EPIGRAMMATUM
1155 442 1296 490 LIB.
1328 441 1429 489 XI.

294 586 396 617 Epm.
416 596 438 618 1.
456 587 594 619 Librum
616 589 830 621 undecimum
849 590 943 620 exire

249 639 463 677 gestientem,
486 645 522 671 et
543 641 669 681 palatia
692 642 868 681 aulamque
894 640 942 671 af-

249 686 435 719 fectantem
460 689 608 729 co'ercet,
624 691 771 731 satisque
796 689 942 721 feliciter

250 746 326 767 cum
342 748 384 769 eo
401 744 510 770 actum
534 740 573 770 iri
599 740 694 777 dicit,
710 741 737 771 si
753 742 786 771 iu
805 742 941 780 portici-

249 787 311 818 bus
336 795 371 820 et
401 791 535 821 circulis
571 791 612 822 ab
643 792 759 823 otiosis
797 793 941 834 legatur.

249 838 332 870 Rad.

291 893 307 920 l
335 890 457 931 Otiose]
480 890 682 924 Absolutum
699 903 778 934 ergo
795 899 831 925 et
851 894 940 925 domi

247 939 401 980 otiosum,
418 941 507 972 foras
522 943 628 974 mittit
643 943 684 973 ad
701 944 836 975 otiosos.

288 993 308 1020 2
334 991 457 1032 Cultus]
479 993 665 1032 Eleganter
677 994 785 1024 cultus
797 995 942 1034 pumice,

246 1039 361 1078 minio,
376 1041 491 1081 cedro,
502 1044 666 1074 velamine
684 1047 940 1085 purpureo,&c.

248 1095 285 1121 ut
301 1091 421 1131 Epigr.
437 1095 468 1123 2.
485 1092 542 1124 lib.
558 1096 589 1124 3.
604 1100 639 1125 et
652 1095 709 1126 lib.
723 1099 752 1125 5.
767 1095 939 1135 Epigram.

247 1143 277 1171 9.
316 1142 403 1172 Vide
434 1144 610 1184 Epigram.
636 1148 686 1176 16.
710 1146 769 1177 111).
793 1149 824 1177 2.
867 1147 941 1178 Sin-

247 1191 321 1231 dem]
345 1192 488 1233 Proprie
504 1195 647 1225 amictus
671 1200 722 1226 est
738 1196 792 1226 vel
808 1197 915 1226 torale
931 1207 939 1226 ι

247 1241 300 1271 vel
325 1244 426 1273 vestis
451 1253 494 1274 ex
522 1246 615 1276 tenui
639 1246 767 1277 linteo:
797 1247 851 1277 hIc
880 1257 940 1286 pro

247 1292 411 1322 velamine
427 1293 516 1325 libri.

288 1343 307 1371 ³
332 1342 550 1383 Parthenium,
575 1344 643 1384 fisa]
686 1345 741 1376 De
771 1356 836 1386 quo
864 1346 940 1376 vide

246 1391 365 1431 Epigr.
382 1394 413 1422 6.
438 1392 496 1423 lib.
517 1397 548 1423 5.
574 1400 609 1424 et
625 1394 683 1425 lib.
708 1397 739 1426 4.
759 1396 874 1436 Epigr.
889 1399 942 1427 45.

248 1441 330 1472 Cum
348 1451 427 1473 vero
452 1443 655 1476 Parthenius
679 1445 879 1477 interfectus
896 1447 940 1477 sit

246 1492 310 1523 sub
326 1493 422 1524 initio
441 1494 564 1525 Nervae
582 1495 707 1536 Imper.
722 1502 757 1527 et
775 1497 940 1536 prodierit

245 1542 299 1574 hic
317 1544 403 1574 liber
417 1545 562 1585 Trajano
579 1546 667 1586 Imp.
681 1546 815 1577 videtur
832 1547 941 1579 Poeta

245 1594 297 1623 vel
315 1594 477 1625 rationem
502 1602 691 1636 temporum
715 1597 747 1627 in
765 1598 940 1638 Epigram—

243 1648 368 1674 matum
383 1645 476 1676 libris
500 1655 564 1676 non
587 1647 797 1687 observasse,
815 1650 867 1679 vel
893 1649 941 1678 in-

244 1698 380 1733 ceptum
402 1695 472 1735 jam
497 1696 571 1727 vivo
592 1696 777 1728 Parthenio
802 1698 938 1736 librum,

242 1743 425 1775 absolvisse
437 1750 537 1786 atque
555 1746 700 1778 edidisse
725 1754 870 1788 mortuo,
887 1750 938 1780 vel

244 1802 308 1824 non
324 1795 490 1826 audivisse
503 1797 547 1827 de
562 1803 671 1828 morte
689 1798 873 1831 Parthenii.

286 1846 306 1873 4
331 1843 523 1886 luet-elutus]
548 1847 624 1877 Non
651 1848 770 1888 lectus,
794 1859 859 1880 non
881 1860 938 1881 ex-

242 1893 399 1933 plicatus.

286 1947 305 1973 5
328 1945 476 1986 Libellos]
491 1947 937 1991 Supplicumlibelios,quos

242 1993 447 2034 Imperatori
464 2006 482 2027 a
495 1997 658 2028 cubiculis
673 1998 820 2030 exhibet.

285 2047 306 2074 6
330 2045 396 2076 Nec
413 2047 515 2077 Musis
527 2048 703 2088 vacat,850.]
728 2049 827 2081 Quod
842 2050 867 2080 si
881 2060 935 2080 va-

243 2100 334 2126 caret
356 2096 579 2136 Carminibus,
593 2104 687 2129 certe
709 2105 846 2130 vacaret
868 2101 935 2131 suis

241 2146 443 2185 pangendis,
459 2157 604 2189 namque
618 2154 655 2180 et
677 2150 750 2189 ipse
766 2150 884 2181 doctus
900 2156 935 2182 et

244 2196 369 2235 poeta:
394 2202 432 2227 ut
448 2198 564 2237 Epigr.
580 2201 612 2229 6.
637 2199 693 2229 lib.
707 2203 735 2230 5.
753 2210 840 2230 vers.
855 2203 885 2232 2.
901 2205 935 2231 et

242 2247 299 2278 lib.
318 2250 370 2278 12.
386 2249 507 2288 Epigr.
525 2253 575 2281 11.

283 2299 302 2326 8
331 2298 482 2339 Minores]
504 2299 669 2339 Plebeiae,
684 2300 796 2339 vulgi:
822 2301 885 2332 nisi
900 2307 936 2333 et

240 2346 471 2379 Palatinorum
488 2349 639 2380 manibus
657 2351 720 2381 teri
741 2350 892 2383 affectes.

284 2400 305 2428 9
334 2399 436 2429 Vicini
457 2404 537 2439 pete,
551 2400 620 2440 ἐγὼ]
644 2401 683 2431 In
711 2406 825 2433 monte
854 2402 935 2434 Qui-

240 2447 336 2478 rinali
367 2449 532 2480 habitavit
559 2451 739 2489 Martiam,
764 2452 934 2492 Epigram.

242 2501 293 2528 58.
311 2498 367 2529 lib.
386 2502 435 2529 10.
458 2509 543 2530 vers,
563 2503 614 2530 10.
660 2501 701 2531 In
723 2502 857 2534 Quirini
881 2512 935 2533 au-

242 2553 310 2578 tem
341 2550 474 2588 porticu
499 2550 589 2590 (quae
618 2551 650 2580 in
677 2552 761 2581 valle
792 2552 934 2591 Quirini,

241 2598 311 2630 Sat.
338 2602 369 2630 2.
393 2600 547 2631 Juvenal.
572 2611 656 2632 vers.
684 2602 773 2641 133.)
795 2612 933 2641 magnus

242 2655 314 2680 erat
333 2651 500 2681 hominum
518 2657 719 2692 conventus,
731 2662 934 2693 componen-

242 2698 276 2729 di
289 2701 498 2739 negotiorum
515 2702 635 2740 gratia.

284 2750 321 2779 11
347 2750 525 2790 Pompeius]
567 2752 723 2783 Porticus
756 2752 931 2793 Pompeia-

992 599 1044 628 na,
1061 590 1178 630 Epigr.
1197 592 1248 620 1-1.
1264 589 1320 620 lib.
1338 592 1367 620 2.
1385 598 1472 619 vers.
1489 590 1539 617 10.
1562 585 1686 625 Ageno-

991 641 1036 670 ris
1057 640 1171 680 puella]
1218 640 1377 670 Porticus
1411 639 1570 678 Europae,
1601 637 1683 667 dict.

992 691 1162 731 Epigram.
1179 700 1268 721 vers.
1286 693 1316 720 3.
1334 695 1369 721 et
1386 693 1437 720 15.

1035 743 1074 771 12
1102 741 1156 771 Vel
1174 740 1283 780 primoe
1305 741 1444 771 domiuus
1468 740 1542 769 levis
1556 737 1685 777 carim]

997 790 1127 829 ‘Levis,
1141 789 1148 801 '
1166 791 1271 829 aiunt,
1283 790 1404 821 alludit
1420 789 1606 830 Epitheton
1622 787 1686 818 Ar-

991 850 1064 879 guS,
1093 840 1133 870 ab
1163 839 1255 880 ἀργὸς
1283 841 1292 857 ⁴
1312 840 1420 870 levis?
1462 839 1686 879 Ineptissime.

991 890 1095 921 Immo
1111 892 1119 907 ‘
1131 890 1238 929 levis,'
1253 891 1329 931 quia
1346 891 1498 921 desultor
1516 898 1684 919 amorum:

991 941 1032 971 ab
1049 941 1238 981 Hypsipyla
1253 941 1386 971 transiit
1399 940 1442 971 ad
1458 939 1629 978 Medeam,
1645 940 1686 969 ab

989 992 1051 1022 hac
1067 991 1107 1022 ad
1123 992 1296 1030 Creusam,
1313 991 1354 1022 ab
1372 992 1499 1022 Creusa
1517 999 1627 1020 rursus
1644 989 1686 1019 ad

991 1041 1160 1073 Medeam.
1207 1042 1263 1072 Sic
1280 1041 1367 1082 apud
1383 1041 1561 1072 Ovidium:
1586 1042 1594 1056 ⁶
1611 1039 1686 1069 Mo-

991 1093 1066 1124 bilis
1084 1093 1253 1132 AEsonide,
1267 1102 1436 1134 vernaque
1451 1091 1613 1123 incertior
1629 1100 1685 1121 au-

990 1153 1040 1182 ra,
1063 1144 1133 1174 Cur
1159 1150 1216 1175 tua
1241 1143 1385 1184 polliciti
1410 1142 1558 1183 pondere
1584 1142 1686 1172 verba

989 1194 1141 1225 carent?
1164 1195 1294 1225 Statius
1307 1194 1364 1225 lib.
1378 1196 1408 1224 6.
1434 1193 1599 1224 Thebaid.
1614 1194 1623 1209 ‘
1637 1192 1685 1223 At

989 1245 1072 1274 levis
1095 1249 1130 1275 et
1154 1244 1302 1275 nondum
1327 1244 1457 1274 miserae
1483 1243 1562 1273 milii
1586 1247 1684 1273 notus

989 1294 1112 1325 Iason)
1161 1294 1346 1325 Gronovius.
1384 1293 1502 1323 Primoe
1529 1292 1684 1331 domiuus]

989 1345 1145 1376 Porticus
1159 1344 1449 1385 Argonautarum;
1467 1343 1583 1382 Epigr.
1602 1342 1684 1372 dict.

990 1404 1071 1426 vers.
1087 1398 1118 1426 6.
1140 1400 1174 1425 et
1201 1395 1319 1434 Epigr.
1336 1397 1388 1424 20.
1407 1393 1466 1425 lib.
1490 1395 1520 1423 3.
1537 1402 1623 1423 vers.
1653 1395 1682 1422 1.

988 1445 1095 1476 Janus
1111 1450 1223 1475 autem
1241 1445 1366 1484 primus
1383 1444 1561 1483 navigasse
1577 1442 1685 1473 fertur

990 1505 1009 1525 a
1025 1495 1158 1526 Poetis,
1194 1495 1285 1526 Levis
1298 1494 1429 1534 carinoe]
1453 1493 1584 1524 Alludit
1601 1493 1684 1533 Ety-

990 1555 1066 1576 mon
1082 1544 1208 1585 Argus,
1223 1545 1263 1575 ab
1280 1544 1371 1584 ἆρ-γὸς
1388 1544 1483 1575 levis.

1034 1597 1072 1625 14
1111 1595 1310 1633 Nostrarum,
1349 1593 1419 1634 ἐγω]
1463 1594 1581 1634 Nugas
1627 1594 1684 1624 lias

990 1655 1092 1684 meas,
1118 1646 1274 1676 Carmina
1290 1646 1362 1676 haec
1386 1655 1458 1676 mea
1486 1646 1568 1675 alias
1584 1645 1683 1676 tineis

990 1702 1025 1726 et
1064 1695 1178 1726 blattis
1209 1695 1447 1735 relinquendas
1473 1705 1586 1726 escas:
1622 1704 1683 1735 per

987 1744 1186 1775 modestiam
1203 1755 1261 1776 sua
1278 1750 1452 1777 extenuat.

1031 1798 1068 1825 15
1093 1795 1155 1825 Sed
1173 1805 1239 1826 cum
1253 1796 1385 1835 sponsio,
1400 1795 1470 1836 [tyn]
1509 1796 1553 1825 Et
1571 1801 1681 1825 tamen

987 1846 1103 1885 legent
1119 1846 1191 1876 liaec
1216 1846 1349 1876 nonnisi
1365 1855 1383 1876 a
1399 1846 1487 1876 Circi
1504 1851 1682 1885 spectacu-

987 1896 1026 1926 lis
1042 1896 1145 1926 ociosi
1163 1901 1198 1926 et
1215 1896 1303 1934 lassi,
1320 1896 1374 1926 ubi
1398 1897 1564 1927 cessarint
1584 1905 1681 1936 spou-

987 1947 1096 1977 siones
1112 1951 1146 1977 et
1163 1956 1333 1977 sermones
1357 1947 1399 1977 de
1423 1946 1626 1978 factionibus
1647 1953 1682 1978 et

986 1996 1121 2034 aurigis.
1146 1997 1255 2028 Quum
1268 2006 1346 2036 ergo
1359 1997 1443 2027 dicit
1459 1998 1468 2014 ⁶
1482 1998 1678 2037 sponsiones

986 2045 1124 2086 populi,’
1140 2045 1304 2085 depositis
1329 2046 1523 2086 pignoribus
1547 2052 1605 2077 aut
1623 2056 1678 2086 pe-

986 2096 1095 2133 cunia,
1112 2095 1153 2126 de
1180 2096 1321 2136 alicujus
1345 2097 1519 2136 agitatoris
1539 2097 1678 2127 victoria

984 2144 1093 2176 factas
1107 2146 1278 2186 intelligit.
1297 2147 1305 2162 ‘
1316 2146 1462 2185 Scorpus
1473 2147 1481 2160 '
1497 2153 1608 2177 autem
1622 2157 1680 2177 no-

986 2196 1063 2227 bilis
1095 2197 1244 2237 agitator
1274 2195 1357 2235 fuit;
1392 2203 1427 2227 et
1454 2198 1462 2214 ‘
1489 2197 1658 2229 Incitatus
1674 2201 1680 2213 '

985 2256 1091 2287 equus
1118 2246 1343 2277 nobilissimus
1372 2252 1407 2278 et
1437 2247 1680 2287 velocissimus,

985 2296 1198 2327 Circensibus
1223 2297 1397 2328 curriculis
1427 2302 1463 2328 et
1493 2299 1679 2338 palmarum

984 2347 1179 2388 frequentia
1245 2349 1536 2380 celebratissimus.
1590 2350 1677 2381 Vide

983 2400 1124 2429 Sueton.
1139 2399 1172 2428 in
1188 2398 1342 2439 Caligula
1355 2409 1429 2439 cap.
1441 2402 1492 2430 54.
1527 2400 1676 2431 Tui-neb.

985 2448 1125 2479 Advers.
1142 2448 1201 2478 lib.
1226 2451 1255 2478 8.
1273 2459 1348 2489 cap.
1365 2453 1395 2480 4.
1411 2455 1447 2480 et
1464 2450 1519 2480 lib.
1536 2453 1586 2481 18.
1602 2461 1676 2490 cap.

984 2501 1035 2529 30.
1073 2499 1257 2539 [fabulaque
1279 2499 1381 2539 lussae]
1415 2499 1541 2530 Fabula
1570 2507 1603 2531 et
1628 2501 1675 2531 fa-

985 2548 1071 2579 bella
1087 2550 1142 2579 illa
1157 2555 1260 2579 aetate
1277 2559 1342 2579 non
1360 2560 1418 2589 pro
1439 2549 1519 2580 ficto
1536 2555 1572 2581 et
1588 2561 1675 2581 com-

985 2601 1093 2640 posito
1115 2600 1155 2629 ad
1172 2599 1348 2630 arbitrium
1364 2610 1529 2640 sermone,
1542 2606 1579 2631 ut
1593 2602 1676 2641 pris-

983 2651 1031 2681 cis
1053 2650 1250 2680 Latinitatis
1277 2651 1509 2690 temporibus;
1532 2651 1591 2682 sed
1614 2661 1673 2692 pro

982 2709 1134 2732 sermone
1151 2700 1313 2740 quolibet,
1326 2701 1377 2730 vel
1394 2701 1598 2739 narratione,
1615 2711 1673 2733 seu

983 2751 1142 2790 ficta,seu
1160 2759 1249 2789 vera,
1266 2760 1338 2790 quae
1356 2750 1388 2780 in
1407 2760 1462 2781 ore
1474 2751 1587 2791 populi
1602 2761 1672 2782 ver-
