1866 3131
227 160 310 200 120·
319 159 341 198 t

226 264 420 295 Blandusiae
447 263 537 294 fonti
562 262 743 301 Horatius,
771 261 849 293 Ode
879 263 930 292 13.

229 316 286 347 lib.
304 318 339 346 3.

270 370 290 397 6
317 365 490 403 Furtivam,
511 362 581 404 ἔξω]
606 363 674 394 Cur
690 362 847 394 furtivam
864 371 930 392 ma-

228 418 290 448 luit
308 427 406 457 quam
425 415 467 446 ab
482 415 589 445 amico
605 413 785 445 donatam?
810 413 863 445 An
888 422 931 443 ex

227 467 493 508 superstitione?
525 466 579 497 An
595 467 673 508 quia
690 466 822 496 dulcior
843 473 931 506 aqua

228 519 380 551 furtiva?

271 566 289 594 7
316 562 443 593 Gaudia
457 560 576 600 fontis]
597 561 704 592 Usum
720 570 817 602 aquae
834 558 931 590 furti-

228 625 278 645 vae
296 624 363 646 non
380 614 598 645 insalubrem.

271 667 375 697 Eme.
394 675 525 697 xnvur.
559 668 575 696 l
594 664 712 706 Sophos
727 666 839 695 clamat
855 663 929 704 tibi]

230 718 294 757 Ep.
308 720 340 748 4.
355 717 412 748 lib.
430 720 459 748 1.
487 717 591 747 Turba
605 716 727 756 togata]
752 715 931 746 Laudicoe-

228 778 281 799 nze
295 774 330 799 et
347 769 524 808 συφοκλεΐς,
541 768 596 808 qui
622 768 655 798 in
673 766 932 797 recitationibus

228 819 339 850 solent
369 817 611 860 ἐπισημῇνασθαι
650 818 776 857 Ὀρθῶς,
813 819 934 857 Σοφῶς,

227 871 294 900 δερ.
324 869 547 910 Theophrast.
582 868 740 899 Charact.
778 866 848 908 περὶ
883 879 934 898 κο-

230 921 366 952 namtas.

271 975 290 1003 2
317 973 411 1002 Coemz
440 971 559 1001 diserta
585 974 640 1001 tzm
666 970 728 1011 est]
764 969 934 1010 Suffragia

228 1022 344 1053 haeeet
358 1021 621 1052 acclamationes
635 1031 655 1051 a
668 1020 934 1059 blandientibus,

228 1079 264 1104 et
277 1082 373 1103 creua
388 1072 440 1102 vel
455 1071 535 1102 trita
549 1077 644 1102 veste
657 1072 842 1110 corruptis,
855 1081 934 1102 exa-

229 1125 314 1165 gitat
348 1123 469 1154 Horat.
500 1123 561 1153 sub
597 1123 664 1154 fine
695 1124 862 1163 Epistolae
892 1122 933 1153 ad

233 1176 386 1211 Pisones,
401 1179 435 1204 et
460 1175 558 1204 Pers.
575 1175 647 1205 Sat.
662 1176 693 1204 1.
719 1183 808 1204 vers·
831 1175 883 1204 54.
900 1176 937 1203 et

231 1226 377 1261 Plinius,
400 1234 499 1264 quem
520 1224 597 1254 vide
623 1223 665 1254 de
681 1224 778 1265 liujus
798 1225 846 1254 rei
870 1223 935 1254 ori-

231 1277 322 1315 gine,
359 1275 473 1314 ruodo,
516 1273 689 1313 faeditate,
732 1274 845 1315 Epist.
884 1276 936 1306 14.

234 1327 292 1358 lib.
310 1330 340 1357 l.

276 1378 380 1408 Eme.
407 1385 506 1408 xmx.
547 1380 561 1407 1
592 1377 662 1406 Non
683 1385 762 1414 sum,
786 1375 856 1415 Sym]
885 1376 935 1405 Ex

231 1437 375 1468 persona
419 1427 535 1466 Priapi
558 1426 732 1456 hortorum
764 1424 936 1456 custodis:

232 1477 407 1518 Epigram.
431 1480 484 1507 36.
507 1477 565 1506 lib.
583 1480 610 1507 1.
628 1485 714 1506 vers.
738 1479 786 1506 15.
802 1480 837 1506 et
853 1474 937 1506 libro

233 1533 264 1560 ³.
281 1530 345 1569 Ep.
360 1532 410 1559 17.
426 1518 460 1559 dt
478 1529 541 1566 Ep.
557 1531 607 1558 lo.
621 1536 735 1567 supra.

275 1583 294 1610 2
325 1579 425 1618 Vena]
456 1577 549 1614 Σάθη.

276 1635 295 1662 7
323 1631 444 1671 Malus]
477 1632 556 1661 Fur.

278 1683 385 1712 Eme.
404 1690 436 1712 1..
461 1684 477 1711 l
504 1681 618 1721 Paros]
642 1682 776 1718 Castos,
804 1679 939 1720 probos⁹

234 1732 390 1772 pridiem,
407 1741 550 1772 quorum
567 1731 660 1761 basia
678 1740 772 1771 pura.
798 1729 937 1769 Amicos]

235 1782 404 1814 Gruterus
417 1792 536 1812 umores
547 1793 558 1812 .·
583 1789 688 1812 recte.

277 1837 295 1862 5
323 1833 471 1862 Conscius
501 1832 580 1871 esto]
612 1832 786 1862 Scelerum
815 1830 938 1860 alieno-

235 1893 307 1913 rum
325 1888 360 1913 et
377 1883 594 1921 impuritatis.
627 1881 806 1913 juvenalis
824 1880 940 1920 Satyr.

236 1938 268 1965 3.
287 1943 372 1963 vers.
386 1936 440 1964 49.
463 1934 472 1948 ⁴
485 1933 570 1965 Quis
595 1943 680 1963 nutu:
697 1932 865 1971 diligitur,
878 1931 940 1961 uisi

237 1984 418 2024 conscius,'
435 1987 499 2015 «Sec.

282 2036 388 2066 Eme..
415 2044 461 2065 ιι.
495 2038 515 2065 4
552 2034 696 2073 Veniam]
728 2034 941 2073 Expectarat

236 2095 279 2116 ex
307 2085 583 2125 praecedentibus
616 2085 794 2124 Lupercus
833 2083 942 2114 dictu-

240 2146 313 2166 rum
331 2134 477 2165 Poiitam
507 2144 543 2165 se
560 2139 716 2165 vocatum
735 2143 800 2164 non
825 2139 944 2163 ventu-

241 2197 313 2217 rum
330 2197 337 2216 :
363 2185 550 2226 respondet
581 2189 694 2216 autem
711 2182 944 2224 ἀπροσδοκήτως

242 2247 278 2268 se
292 2242 472 2268 venturum
486 2247 494 2267 :
519 2235 610 2277 quod
624 2235 709 2266 male
723 2235 791 2266 urit
807 2244 942 2266 avarum

241 2288 507 2319 convivatorem.

284 2340 388 2370 Eme..
405 2348 468 2371 ιιι.
504 2337 710 2378 Pantagathi
725 2336 838 2378 pueri,
857 2337 944 2368 servi

244 2395 281 2422 et
302 2390 446 2421 tonsoris
471 2389 624 2430 expediti
641 2394 675 2420 et
691 2387 813 2427 facilis,
837 2393 945 2419 tumu-

245 2441 310 2471 lus.

286 2494 306 2522 2
332 2490 480 2530 Domini]
508 2491 613 2521 Forte
636 2490 740 2530 ipsius
765 2489 946 2521 Martialis.

247 2543 344 2582 Cura,
366 2543 510 2582 dolorque
534 2541 598 2581 sui]
623 2541 727 2571 Amor
756 2545 792 2571 et
817 2540 946 2572 deliciae

247 2594 326 2624 dum
342 2594 487 2631 viveret,
502 2593 596 2623 dolor
613 2602 655 2622 ex
672 2597 791 2623 morte.

290 2647 308 2674 3
338 2644 402 2675 Vix
415 2647 574 2683 tangente,
600 2643 669 2683 ‹tl-c]
695 2643 844 2683 Propter
869 2641 948 2674 faci-

248 2695 313 2723 lem
326 2694 480 2725 etlevem
497 2694 528 2724 iu
544 2693 718 2724 tondendo
734 2693 950 2734 radendoque

250 2753 399 2783 manum,
418 2745 511 2775 tusis
528 2744 576 2775 illi
594 2744 676 2775 levi>=
691 2754 708 2775 o
723 2749 823 2776 terra.
861 2744 951 2774 Vide

983 1120 1151 1162 Ἑρμογένη
1173 1120 1228 1151 τὸν
1239 1119 1352 1160 ἰατρὸν,
1369 1123 1434 1152 &c-

687 166 826 196 NOTAE
862 166 885 193 V
896 168 921 195 A
932 164 1083 195 RloRU
1095 165 1125 193 M
1163 164 1212 194 [N

983 260 1103 300 Epigr.
1130 262 1183 290 35.
1211 258 1269 290 lib.
1294 261 1324 290 5.
1347 267 1434 289 vers.
1449 261 1482 288 9.
1523 257 1590 288 Alii
1615 257 1683 298 leg.

981 310 1035 340 Sis
1055 310 1140 348 licet,
1179 309 1249 340 inde
1277 308 1350 348 sibi,
1378 308 1479 347 tellus,
1513 309 1565 348 ᾅτ.
1600 308 1686 338 Bar-

982 362 1076 393 bare.

1024 415 1044 442 6
1067 411 1212 453 Artificis
1227 410 1338 451 levior]
1362 410 1527 443 Quamvis
1544 419 1564 440 o
1582 410 1683 441 tellus

982 463 1201 504 Pantagatho
1225 463 1268 492 sis
1284 461 1464 498 levissima,
1479 460 1685 492 facilitatem

982 518 1095 544 tamen
1109 511 1320 553 Pantagathi
1333 511 1470 542 vincere
1486 521 1553 541 non
1567 517 1666 551 potes
1679 521 1687 549 3

983 574 1045 595 nec
1054 569 1151 606 potes
1160 564 1320 596 tamlevis
1333 574 1408 595 esse
1418 564 1687 605 pondere‚quam

982 616 1066 646 levis
1083 621 1118 647 et
1130 615 1239 647 facilis
1257 615 1344 646 illius
1361 624 1477 645 manus
1490 614 1567 653 fuit,
1584 623 1685 654 quum

982 665 1164 697 tonderet:
1194 672 1230 697 et
1249 666 1321 696 lraec
1349 669 1520 696 tonsorum
1548 664 1688 704 propria

982 716 1069 756 laus,
1085 717 1150 747 levi
1164 726 1263 747 manu
1276 725 1476 757 percurrere
1487 721 1602 756 caput.
1622 715 1688 746 Ra-

983 769 1087 798 clerus.

1028 818 1133 848 EP1G.
1150 826 1226 848 Lut.
1249 820 1269 848 4
1293 817 1332 848 In
1356 817 1483 856 somnis,
1504 817 1575 857 ἐξα]
1604 816 1689 847 Per-

984 868 1147 899 niciosum
1165 868 1358 898 mehercule
1375 867 1544 898 medicum
1560 868 1566 897 !
1592 867 1687 908 cujus

983 918 1096 958 imago
1117 918 1170 948 vel
1190 927 1252 958 per
1268 918 1431 949 somnium
1458 918 1530 948 visa
1556 917 1690 949 faceret

984 969 1027 1000 ad
1043 974 1199 1000 mortem.
1237 969 1327 1002 Quid
1352 969 1426 1010 ipse
1452 967 1591 1000 fecisset
1614 974 1689 1000 arte

985 1031 1046 1052 sua
1075 1021 1202 1052 inerti?
1247 1021 1352 1051 habes
1381 1020 1534 1060 ejusdem
1563 1020 1692 1061 ingenii

986 1072 1205 1112 Epigramma
1222 1071 1333 1102 Graec.
1350 1071 1437 1102 libro
1451 1073 1482 1102 2.
1502 1071 1617 1110 capite
1636 1073 1691 1102 21.

1483 1121 1628 1161 Luciliu,
1653 1125 1689 1152 et

1137 1172 1144 1183 1
1161 1172 1167 1177 “
1216 1172 1231 1183 a(
1253 1171 1260 1183 D

1028 1224 1133 1254 Eme.
1169 1232 1228 1254 ιν.
1266 1223 1306 1253 In
1347 1223 1496 1253 olentem
1536 1227 1571 1253 et
1606 1221 1692 1252 infa-

986 1283 1087 1311 mem,
1105 1277 1141 1304 et
1157 1273 1266 1303 nimiis
1281 1273 1468 1303 notabilem
1487 1272 1625 1311 delitiis,
1638 1276 1693 1303 est

988 1324 1221 1364 Epigramma.
1272 1324 1475 1364 Quicunque
1505 1323 1593 1354 enim
1625 1324 1692 1353 hir-

988 1383 1063 1404 cum
1081 1375 1163 1413 olet⁷
1180 1375 1279 1405 variis
1305 1375 1487 1415 pigmentis
1504 1375 1694 1415 compescit

989 1425 1044 1455 vel
1086 1434 1222 1465 gravem
1262 1425 1421 1464 animam,
1455 1426 1507 1455 vel
1538 1425 1694 1465 corporis

990 1474 1132 1512 vitium;
1167 1475 1288 1516 quibus
1312 1475 1471 1506 odoribus
1501 1476 1588 1506 haud
1613 1482 1695 1516 eget

992 1525 1074 1556 nihil
1091 1526 1186 1556 olens
1203 1532 1237 1557 et
1254 1536 1369 1566 purus,
1394 1526 1514 1558 Rader.

1035 1578 1050 1606 1
1092 1576 1259 1616 Casiuque‘,
1298 1576 1512 1616 cinnamoque]
1567 1576 1695 1617 Syneo-

991 1627 1089 1658 doch.
1103 1637 1162 1667 pro
1180 1628 1298 1668 quovis
1323 1632 1486 1659 aromate.
1534 1629 1588 1658 De
1604 1629 1696 1659 casia

993 1677 1070 1708 vide
1083 1688 1159 1719 quae
1172 1677 1364 1709 adnotarim
1381 1679 1423 1709 ad
1443 1688 1530 1709 vers,
1553 1681 1608 1710 36.
1626 1679 1695 1710 Sat.

991 1732 1022 1760 6.
1037 1729 1159 1760 Persii.

1034 1783 1054 1811 2
1080 1780 1164 1811 Nido
1192 1780 1297 1820 niger]
1322 1781 1453 1812 Unctus
1482 1781 1580 1812 thure
1604 1781 1696 1822 quod

993 1840 1088 1871 a2que
1121 1840 1160 1861 ac
1190 1831 1437 1861 cinnamomum
1456 1835 1492 1862 et
1513 1831 1635 1861 casiam
1665 1832 1697 1861 in

993 1881 1109 1911 nidum
1126 1880 1282 1921 congerit
1298 1881 1457 1919 Phoenix,
1486 1887 1589 1921 atque
1618 1881 1696 1912 inde

993 1931 1188 1962 discutitur.
1204 1931 1292 1961 Prin.
1310 1932 1367 1962 lib.
1382 1935 1431 1962 lo.
1447 1942 1524 1972 cap.
1542 1936 1572 1964 2.
1586 1938 1621 1964 et
1639 1933 1697 1963 lib.

995 1986 1046 2014 12.
1071 1993 1147 2023 cap.
1174 1986 1225 2013 19.
1250 1982 1369 2022 refert,
1386 1988 1566 2024 negatque.
1609 1985 1699 2015 Thus

994 2043 1074 2072 ergo
1091 2033 1264 2072 intelligit,
1281 2033 1372 2073 quod
1389 2033 1545 2064 cinnamo
1559 2034 1697 2075 adjunc-

995 2089 1067 2115 tum
1098 2084 1256 2114 delicatis
1279 2083 1500 2124 fragrantiam
1529 2085 1697 2116 ministra-

996 2135 1056 2165 vit.
1083 2133 1242 2165 Sidouius
1260 2135 1368 2175 Epist.
1386 2138 1437 2166 13.
1457 2135 1514 2167 lib.
1529 2139 1559 2166 2.
1585 2138 1593 2153 ‘
1607 2136 1697 2166 Hinc

995 2184 1109 2216 suffita
1117 2185 1272 2216 cinnamo
1285 2195 1324 2217 ac
1337 2186 1434 2217 thure
1447 2186 1592 2217 coenatio
1605 2197 1700 2227 spar-

997 2241 1096 2277 geret
1128 2237 1328 2276 peregrinos
1373 2237 1508 2268 naribus
1553 2237 1700 2269 odores.’

997 2287 1081 2318 Aliis
1092 2286 1244 2327 superba]
1269 2287 1454 2328 Phoenicis,
1463 2288 1581 2329 Epigr.
1593 2291 1626 2319 7.
1641 2288 1697 2319 lib.

997 2340 1028 2367 5.
1048 2346 1132 2367 verS.
1152 2340 1182 2368 l.

1040 2390 1058 2419 3
1075 2388 1225 2419 plumbea
1241 2389 1461 2430 Nicerotiana]
1479 2390 1625 2421 Redoles
1639 2400 1697 2421 un-

999 2445 1125 2480 guenta
1141 2449 1158 2469 a
1176 2440 1341 2472 Nicerote
1356 2441 1492 2483 (Epigr.
1509 2445 1561 2473 38.
1577 2442 1633 2475 lib.
1648 2445 1699 2474 10.

999 2494 1036 2521 et
1065 2490 1182 2530 Epigr.
1206 2493 1258 2522 66.
1288 2491 1346 2522 lib.
1374 2491 1442 2533 12.)
1464 2493 1700 2532 aromatopola·

999 2539 1171 2579 confecta,
1187 2546 1221 2571 et
1239 2541 1271 2571 in
1298 2543 1384 2572 vasis
1408 2542 1576 2582 plumbeis
1598 2548 1699 2574 cocta

999 2591 1031 2621 iu
1048 2591 1180 2628 umbra,
1199 2596 1235 2622 ut
1254 2592 1356 2624 docet
1372 2593 1462 2625 Plin.
1479 2593 1537 2625 lib.
1554 2597 1605 2625 13.
1619 2603 1696 2633 cap.

1000 2645 1031 2672 2.
1050 2641 1120 2672 Alii
1131 2641 1284 2674 referunt
1299 2643 1340 2673 ad
1354 2643 1498 2684 sagittas
1511 2643 1701 2684 plumbeas,

1001 2692 1119 2734 quibus
1136 2692 1380 2724 cinnamomum
1399 2704 1442 2725 ex
1459 2694 1632 2724 Phoenicis
1649 2694 1698 2724 ui<

1002 2744 1045 2774 (lo
1060 2742 1236 2774 decussum
1256 2744 1356 2774 tradit
1375 2743 1517 2775 Aristot.
1536 2743 1590 2775 lib.
1608 2746 1635 2774 Γ).
1656 2743 1698 2774 de
