1866 3131
381 193 429 221 M.
465 193 489 220 V
497 193 524 222 A
536 192 574 221 [Aa

610 191 882 221 MAR'rlALis
919 191 1076 220 EPIGR.
1112 192 1202 221 [AB.
1238 191 1299 220 VI.

1461 179 1574 221 1267

186 291 204 318 S
231 288 304 325 Des,
332 288 488 325 Mariano,
516 288 607 328 nihil]
634 288 828 327 Deceptam
864 285 984 324 Epigr.
1004 287 1053 315 14.
1066 284 1124 315 lib.
1137 289 1211 316 »tet
1230 285 1349 325 Epigr.
1365 287 1418 316 63.
1434 284 1495 315 lib.
1513 287 1550 316 7.

130 338 194 368 sibi
226 348 321 377 spem
354 338 502 377 plorabit
534 338 619 367 veris
651 336 828 376 lacrymis:

132 391 139 404 ‘
153 388 309 418 Hirrcdis
324 393 435 418 antem
451 386 550 417 fletus
570 387 652 417 risus
669 387 747 417 est!

175 439 279 468 Epic.
299 447 395 469 miv.
420 438 622 477 Indignatur
647 437 756 468 Poiita
772 446 831 467 sua

133 490 290 519 Carmina
316 490 408 519 velut
436 489 559 528 turpia,
584 489 678 527 carpi
709 487 749 517 ab
775 496 830 525 eo,

132 541 189 580 qui
206 540 337 579 turpior
353 539 396 569 sit
420 539 486 569 suis
518 537 742 575 Carminibus,
766 546 832 577 qua

133 589 292 628 moribus,
309 598 372 629 qua
389 587 580 619 natalibus:
606 587 669 617 hoc
688 596 766 617 vero
783 586 831 617 fe-

133 640 272 671 rendum
305 649 368 669 non
404 648 490 676 esse,
522 638 626 677 juxta
655 637 830 669 Juvenalis

133 690 282 720 dictum:
319 693 327 705 ‘
346 688 498 728 Castigas
528 687 652 727 turpia,
684 697 760 717 cum
789 687 832 717 sis

134 741 228 771 Inter
244 739 435 770 Socraticos
447 738 623 768 notissima
634 736 722 768 fossa
734 737 833 768 cinae-

133 789 214 820 dos.’
262 789 356 819 Clam
384 798 464 818 vero
493 788 704 818 occasionem
733 788 834 818 sumit

134 838 391 869 commendandi
410 848 469 868 sua
485 839 654 868 Carmina.
680 838 761 868 Rad.

179 893 194 920 1
222 891 300 919 Cum
322 889 379 928 sis]
400 889 463 926 Tu,
488 898 586 929 quem
605 898 715 929 neque
732 888 835 929 majo—

136 949 189 969 res
217 945 340 970 ornant
366 948 475 979 neque
503 940 648 978 propriae
683 938 836 978 virtutes,

135 989 255 1019 anden'
278 994 327 1027 tn,
352 999 372 1019 ο
399 989 559 1019 vilissime
576 994 610 1019 et
626 988 834 1027 mollissime,

136 1039 196 1068 tibi
209 1039 326 1068 critica
341 1043 480 1078 arrepta
494 1038 588 1077 virga
603 1047 677 1068 mea
693 1048 834 1078 carpere

135 1089 306 1127 Carmina,
328 1098 436 1129 eaque
462 1099 480 1118 a
506 1088 652 1119 laudatis
678 1089 833 1119 laudata?

137 1140 254 1179 Rigida
267 1142 360 1179 genle
383 1138 519 1178 creatus]
542 1139 671 1170 Studiis
690 1139 769 1170 belli
785 1149 835 1170 as-

138 1191 293 1231 perrima.

178 1245 197 1273 2
224 1241 332 1281 Curio]
358 1241 406 1271 M.
430 1240 532 1271 Curio
556 1240 720 1279 Dentato,
747 1239 835 1280 agri-

135 1293 277 1323 cuiturae
302 1291 419 1322 studiis
443 1300 508 1320 non
526 1290 633 1320 minus
650 1300 747 1331 quam
767 1291 835 1321 vic-

136 1342 231 1373 toriis
248 1348 283 1372 et
301 1341 476 1381 triumphis
492 1341 582 1380 apud
603 1341 762 1372 authores
781 1351 836 1372 ce-

135 1392 231 1423 lebri.
268 1392 350 1422 Cum
366 1401 445 1430 ergo
462 1401 525 1422 nec
542 1401 583 1421 ex
603 1391 707 1422 Fabia
723 1397 837 1431 gente,

137 1452 199 1473 nec
215 1452 233 1472 e
251 1443 298 1472 M.
316 1442 410 1472 Curii
427 1442 572 1473 Dentati
589 1446 688 1472 natus
706 1442 762 1482 sis,
783 1452 838 1472 au-

139 1492 197 1522 des
216 1497 330 1522 tamen
348 1501 400 1522 me
417 1501 570 1531 carpere.

180 1545 198 1572 3
225 1542 361 1572 Hirsuta
383 1541 519 1581 peperit]
549 1541 622 1573 Nec
645 1547 681 1573 tu
708 1553 742 1573 es
768 1543 839 1581 ille,

139 1603 238 1634 quem
257 1593 361 1623 Curio
378 1593 499 1623 marito
523 1592 532 1608 ‘
545 1593 668 1633 conjux
683 1593 840 1623 rubicun-

140 1644 206 1683 da‚'
229 1644 263 1674 id
289 1648 353 1680 est,
376 1643 508 1673 rustica
531 1647 567 1672 et
591 1643 658 1673 sole
676 1644 842 1682 colorata,

141 1695 202 1725 sub
233 1694 309 1724 ilice
336 1693 462 1723 hirsuta
481 1696 515 1723 et
532 1698 666 1723 comata
695 1693 843 1733 peperit,

141 1747 174 1776 id
193 1751 256 1782 est,
273 1754 335 1775 uec
354 1749 390 1774 tu
409 1754 426 1774 e
445 1750 548 1784 gente
565 1744 756 1774 Curiorum.

184 1800 202 1827 4
228 1796 279 1825 Λα
300 1795 450 1835 speculum
475 1793 572 1833 tonsi]
596 1794 724 1833 Mollis,
749 1793 841 1825 effoe-

143 1846 272 1884 minati,
305 1845 456 1885 pathici3
496 1844 603 1884 qualis
635 1849 709 1875 crat
738 1846 842 1884 Otho,

142 1896 194 1926 cni
218 1899 226 1912 ‘
244 1895 418 1934 speculum
445 1893 553 1924 civilis
579 1895 710 1925 sarcina
738 1894 840 1926 belli?

141 1947 264 1979 Juven.
277 1946 390 1985 Satyr.
405 1947 437 1975 2.
456 1953 543 1974 vers.
561 1947 632 1976 100.
678 1945 765 1975 Vide
781 1946 840 1976 Se-

142 2006 215 2028 nec.
232 1996 273 2026 de
290 1994 421 2026 Brevit.
438 1995 531 2033 vitae,
544 2004 621 2034 cap.
641 1997 691 2026 12.
737 1995 783 2025 Et
798 2004 840 2026 ex

142 2055 258 2077 eornm
283 2054 422 2075 numero
444 2045 501 2086 qui
529 2045 660 2075 curiose
686 2050 722 2076 et
744 2045 839 2076 fasti-

142 2098 235 2128 diose
265 2096 470 2134 tondentur3
502 2096 623 2137 quibus
652 2097 729 2127 vita
751 2097 841 2127 inter

143 2146 316 2187 pectinem
339 2152 375 2177 et
398 2147 571 2185 speculum
589 2146 735 2187 degitur.
784 2148 840 2178 Το-

141 2196 241 2236 gatoe]
280 2197 432 2226 Famosae
471 2195 648 2236 adulterae,
681 2197 841 2228 adulterii

145 2248 233 2278 enim
261 2246 427 2277 convictae
453 2246 665 2286 cogebantur
688 2252 769 2287 toga
794 2248 841 2278 in-

145 2297 237 2327 dutae
253 2297 284 2326 in
303 2295 473 2336 publicum
490 2297 688 2336 procedere.

189 2351 206 2377 5
231 2346 383 2386 Sponsum
403 2347 509 2386 possit,
523 2347 593 2386 Brea]
617 2347 732 2388 Usque
756 2347 842 2378 adeo

147 2395 372 2428 effoeminatus
401 2406 436 2427 es
461 2402 496 2427 et
517 2397 638 2436 mollis,
662 2403 698 2428 ut
721 2407 844 2438 sponsa

146 2458 221 2479 cmn
246 2448 401 2487 Diogene
422 2447 581 2478 dubitare
606 2449 724 2489 possit,
750 2449 845 2479 virne

149 2499 204 2537 sis,
221 2508 263 2529 an
280 2498 410 2529 mulier.

190 2551 208 2579 7
236 2548 352 2579 Felices
366 2540 491 2588 cuipare
516 2547 630 2588 nugas]
656 2550 844 2579 Doctorum

147 2599 279 2629 calculo
309 2604 343 2629 et
375 2599 546 2638 praeconio
579 2599 705 2630 nobilia
741 2604 844 2640 atque

150 2649 282 2679 victura
295 2649 463 2680 Carmina.

194 2704 233 2731 10
256 2700 334 2740 Sili]
357 2700 430 2730 Silii
459 2698 567 2731 Italici
586 2700 709 2741 poeta‘.
758 2699 844 2730 Vide

928 339 963 366 ll
994 337 1131 375 Regulus
1146 338 1210 377 ore]
1235 336 1289 367 Ad
1307 346 1404 377 quem
1421 345 1510 376 saepe
1526 345 1578 365 su-

882 396 953 426 pra.
1000 386 1086 417 Vide
1113 387 1232 427 Epigr.
1250 390 1302 418 13.
1320 394 1354 418 et
1370 386 1575 427 Epigramm.

883 441 956 469 112.
969 438 1025 468 lib.
1046 440 1074 469 1.
1091 440 1154 468 &a

925 492 964 519 12
991 489 1111 529 Quique
1127 489 1222 527 ridet,
1237 488 1304 528 ἔφα]
1323 490 1406 522 Quae
1420 489 1581 520 Carmina

881 541 998 571 laudet
1014 540 1149 571 elan-iss.
1167 539 1464 570 01-at01-Palfu1-ius
1481 540 1580 578 Sura,

882 591 936 631 qui
964 591 1096 621 habitat
1121 590 1155 620 in
1182 589 1355 620 Aventino
1382 593 1496 620 monte
1525 588 1581 619 ubi

882 641 992 671 Diana
1008 641 1141 678 colitur,
1158 639 1247 670 unde
1273 640 1449 679 despicere
1467 643 1583 679 potest

884 692 917 722 in
934 692 1067 722 Circum
1086 700 1174 721 max.
1191 690 1397 730 subjectum.

928 744 967 772 16
991 742 1052 772 Sed
1068 741 1139 779 tihi,
1154 740 1221 781 εγω]
1246 739 1396 779 Ironice,
1414 743 1451 770 tu
1468 743 1582 770 tamen

883 792 946 823 tibi
974 802 1111 832 arrogas
1137 792 1211 832 plus
1234 790 1370 831 judicii,
1395 791 1458 820 Sec.
1515 789 1584 820 Tibi

883 852 936 873 cor
960 842 1085 872 limante
1113 839 1274 879 Minerva]
1304 841 1348 871 Et
1375 839 1434 870 tibi
1461 839 1583 869 artium

884 897 986 932 atque
1024 891 1235 922 Athenarum
1275 890 1366 931 (quae
1405 889 1583 930 sapientiae

885 942 1047 981 magistra
1062 940 1274 982 perhibetur)
1287 950 1413 982 praeses
1426 941 1585 971 Minerva

886 993 1006 1032 polivit
1022 992 1192 1033 ingenium
1206 996 1241 1023 et
1255 991 1391 1023 exacuit
1403 990 1584 1031 judicium.

884 1043 978 1074 Iron.

929 1096 966 1124 17
995 1092 1125 1132 Tenues]
1147 1092 1309 1131 simules,
1326 1096 1448 1123 acntae.

930 1145 969 1173 18
994 1142 1044 1173 Ne
1066 1144 1196 1180 valeam,
1220 1142 1290 1182 Sym]
1317 1142 1531 1181 Dispeream,
1557 1140 1585 1170 si

885 1202 952 1222 non
972 1202 1029 1223 cor
1046 1192 1270 1232 pecudisjam
1289 1192 1475 1231 putridum,
1496 1192 1586 1231 qnod

885 1251 960 1273 cum
975 1242 1155 1280 intestinis,
1168 1242 1324 1282 pedibus,
1336 1242 1456 1281 jecore
1470 1245 1503 1271 et
1517 1241 1588 1281 pul-

886 1301 983 1323 mone
1010 1292 1117 1322 lanius
1146 1291 1344 1322 circumfert
1362 1300 1422 1331 per
1439 1291 1588 1331 compita

885 1344 1018 1381 venale,
1031 1343 1105 1383 plus
1117 1343 1226 1383 sapiat
1238 1352 1338 1383 quam
1352 1347 1456 1374 tuum.
1480 1341 1587 1372 Turn.

887 1394 909 1424 l.
924 1396 978 1423 26.
997 1402 1071 1433 cap.
1088 1395 1141 1424 27.

930 1446 971 1474 20
1001 1443 1104 1473 Rubro
1128 1444 1267 1483 pulmone
1288 1441 1389 1481 vetus]
1420 1441 1498 1473 Jam
1514 1451 1588 1473 cor-

889 1497 990 1532 rupto
1009 1494 1179 1533 pulmone,
1204 1498 1301 1532 putre
1318 1498 1354 1524 et
1369 1491 1502 1523 foetens.

932 1545 973 1573 22
999 1543 1083 1578 Quos
1096 1543 1236 1580 miseras,
1248 1542 1317 1583 fisa]
1342 1541 1501 1573 Carmina
1514 1551 1588 1582 quae

892 1601 990 1622 nemo
1003 1593 1105 1632 legat.
1131 1593 1247 1633 Epigr.
1262 1595 1293 1623 9.
1312 1592 1371 1623 lib.
1389 1594 1418 1623 3.

933 1645 974 1673 24
997 1643 1041 1673 At
1058 1644 1086 1673 si
1101 1644 1174 1683 quid.
1188 1647 1313 1682 nostroe,
1329 1644 1398 1684 Sym]
1422 1643 1470 1674 At
1485 1643 1513 1673 si
1526 1652 1588 1682 ego

891 1693 924 1723 in
942 1697 975 1723 te
991 1693 1160 1733 scripsero
1178 1694 1334 1725 Carmen.

933 1746 975 1774 25
998 1743 1170 1783 Stigmata,
1195 1744 1263 1784 Esou]
1288 1743 1440 1774 Inustam
1467 1743 1528 1774 tibi
1546 1752 1589 1773 ex

891 1795 973 1824 meis
995 1793 1261 1834 Epigrammatis
1284 1793 1470 1825 infamiam.
1516 1794 1590 1824 Me-

892 1845 985 1884 taph.
1003 1854 1021 1874 a
1038 1843 1174 1884 punctis
1206 1844 1341 1884 corpori
1357 1843 1496 1874 inustis:
1513 1853 1588 1884 quae

889 1894 1004 1934 lepide
1042 1894 1224 1925 Petronius
1268 1895 1277 1911 ‘
1303 1894 1559 1934 Epigrammata
1581 1893 1590 1907 ’

889 1943 987 1975 dixit.
1035 1944 1202 1975 Cinnamus
1216 1945 1299 1985 arte]
1313 1944 1454 1975 Tonsor.
1471 1943 1546 1975 Lib.
1558 1946 1589 1977 7,

889 1994 1008 2035 Epigr.
1024 1996 1078 2025 64.

930 2048 971 2076 27
999 2045 1117 2075 Rabido
1130 2055 1184 2076 nec
1195 2045 1337 2085 perditus
1349 2043 1416 2084 ore]
1440 2043 1522 2075 Noli
1543 2045 1589 2074 la-

889 2099 981 2127 tratu
1006 2100 1064 2126 tuo
1081 2095 1123 2126 ad
1148 2096 1232 2126 iram
1258 2095 1393 2126 irritare
1409 2104 1474 2132 me,
1491 2104 1590 2135 quem

889 2146 1077 2186 comperies
1094 2155 1206 2176 ursum
1221 2145 1330 2175 vivum
1344 2150 1379 2176 et
1392 2146 1424 2176 in
1436 2145 1502 2175 iras
1515 2154 1591 2185 pro-

890 2206 981 2235 num,
1002 2196 1059 2227 ubi
1077 2196 1213 2227 dabitur
1229 2196 1383 2227 occasio:
1408 2196 1487 2236 quin
1505 2196 1591 2236 poti-

891 2256 973 2282 uS,0
991 2246 1108 2277 timide
1131 2256 1170 2277 ac
1187 2246 1364 2278 imbecillis
1381 2247 1506 2285 catule,
1521 2247 1591 2285 pel-

892 2297 957 2327 lem
976 2296 1044 2327 ursi
1055 2295 1145 2326 foeno
1156 2295 1281 2327 fartam
1298 2296 1467 2327 mordicus
1486 2296 1589 2327 laces-

894 2348 951 2388 sis,
966 2348 1054 2378 unde
1072 2347 1131 2377 tibi
1143 2346 1409 2387 nihilimpendet
1426 2347 1590 2386 periculi?

895 2408 948 2429 me
975 2398 1085 2428 vivum
1109 2397 1258 2428 senties:
1293 2405 1390 2434 cave,
1419 2396 1525 2435 canis,
1554 2401 1590 2427 et

895 2458 1010 2490 quaere
1040 2448 1137 2478 aliam
1166 2456 1301 2477 carnem
1332 2456 1431 2487 quam
1466 2447 1590 2478 tacitus

896 2500 1006 2531 rodas.
1073 2498 1160 2528 Vide
1199 2497 1407 2538 Epigramm.
1440 2499 1493 2528 60.
1529 2497 1588 2529 lib.

895 2553 924 2580 5.
943 2554 977 2579 et
1001 2548 1124 2579 Horat.
1150 2547 1260 2587 Epod.
1282 2550 1314 2578 6.
1366 2547 1443 2587 Vel,
1468 2556 1510 2577 ne
1537 2557 1590 2578 ur-

896 2609 967 2629 sum
995 2599 1076 2628 iram
1105 2597 1290 2638 spirantem
1321 2597 1432 2627 anima
1462 2601 1519 2627 tun
1552 2602 1589 2628 et

895 2658 979 2679 voce
1002 2648 1152 2678 irritaris.
1202 2646 1460 2686 Hieroegphici
1490 2647 1590 2684 euim,

897 2699 1129 2729 vehementem
1160 2697 1242 2728 iram
1270 2695 1507 2737 significaturi,
1536 2705 1589 2728 ur-
