1866 3131
239 161 351 201 1470
679 167 933 199 REGENSUS
971 167 1249 197 EDi'rmNUM

238 269 379 313 Lond.
399 267 528 311 1794.
562 267 650 308 arto.
710 264 956 305 Versiones
988 264 1032 305 in
1054 263 1137 303 hac
1180 261 1444 303 collectione
1469 262 1580 302 bene
1603 275 1681 303 au-

239 339 379 380 diunt.

293 404 500 458 Wrightii
521 402 651 456 Angl.
668 400 929 450 Versiones‚
951 413 1038 441 una
1053 412 1154 439 cum
1172 398 1353 440 Catonis
1383 398 1687 440 Distichorum

239 475 455 523 versione,
469 471 607 513 Lond.
626 469 750 511 1763.

295 541 437 583 Varia
464 540 600 581 etiam
634 542 736 578 sunt
767 537 1097 590 Epigrammata
1133 533 1317 588 Anglice
1337 547 1464 575 versa
1485 547 1542 574 ex
1564 533 1688 575 Mar-

241 610 347 653 tiale
373 610 419 650 in
446 606 734 649 Poematibus
755 605 971 646 Samuelis
995 604 1188 657 Rogers,
1219 603 1259 644 2.
1277 602 1396 643 Voll.
1419 602 1520 644 Svo.
1543 601 1685 642 Lond.

239 679 370 720 1782.

298 744 608 798 Sinngedichte
639 743 716 784 des
758 741 997 790 Martialis,
1020 739 1222 781 metrisch
1242 740 1468 780 ubersetzt
1488 740 1543 779 ab
1566 738 1602 779 Ι.
1624 738 1683 779 G.

244 815 584 861 Zimmermann‚
606 808 809 850 Francos.
832 808 889 848 ad
914 807 978 848 M.
992 807 1117 848 1783.
1140 806 1359 848 Martialis
1381 808 1696 860 epigrammata

241 883 312 923 hic
332 894 458 922 versa
489 884 591 919 sunt
613 888 843 919 chxvn.
904 875 1012 917 Alia
1032 880 1134 915 sunt
1155 874 1336 916 editoris
1356 875 1477 916 lusus
1499 875 1622 924 satis,
1642 879 1693 914 ut

240 950 392 998 fertur,
413 947 580 989 felices.

301 1017 633 1070 Epigrammata
665 1013 900 1062 Martialis,
934 1025 1036 1053 cum
1057 1011 1198 1052 titulis
1222 1024 1280 1051 ex
1303 1009 1499 1051 Horatio
1520 1010 1692 1059 sumtis,

245 1087 544 1138 interpretata,
576 1081 762 1130 imitata,
784 1084 829 1121 et
849 1080 1076 1133 applicata
1097 1078 1204 1119 viris
1217 1078 1457 1128 nobilibus,
1478 1078 1694 1131 ingenuis,

246 1160 290 1195 et
322 1151 506 1199 clericis,
533 1149 613 1189 sub
641 1149 815 1189 nornine
837 1148 920 1188 viri
948 1147 1064 1187 Rev.
1086 1147 1228 1195 Scott,
1256 1146 1376 1187 Trin.
1405 1146 1516 1187 Coll.
1540 1145 1694 1186 Camb.

249 1220 340 1268 sed,
362 1222 412 1260 ut
436 1218 577 1266 fertur,
599 1229 685 1257 non
706 1216 805 1268 ejus
842 1220 963 1254 erant
985 1228 994 1253 ε
1027 1214 1343 1266 cujuscumque
1377 1227 1484 1255 vero
1523 1213 1697 1262 fuerint,

246 1287 355 1328 nihil
374 1285 584 1326 insulsius
598 1286 674 1322 aut
694 1279 924 1321 audacius.

304 1354 531 1405 Excerpta
557 1363 614 1390 ex
635 1350 769 1390 variis
799 1348 968 1388 Latinis
992 1346 1141 1400 poetis
1163 1347 1238 1400 qui
1274 1348 1318 1386 in
1341 1346 1505 1386 scholis
1527 1360 1616 1387 non
1635 1348 1696 1387 le-

249 1425 418 1476 guntur,
445 1418 612 1458 notulis
633 1417 869 1463 illustrata,
893 1427 994 1467 quae
1029 1415 1222 1467 collegit,
1256 1415 1300 1454 in
1322 1427 1451 1454 usum
1479 1415 1695 1456 studiosae

241 1486 502 1544 juventutis,
523 1485 567 1525 J.
590 1484 739 1537 Roger
753 1483 944 1524 Pitman.
994 1482 1135 1522 Lond.
1154 1482 1278 1524 1808.
1301 1482 1400 1523 Svo.
1460 1481 1580 1522 Inter
1598 1482 1695 1525 haec

247 1557 385 1598 multa
408 1558 508 1594 sunt
529 1565 586 1594 ex
609 1551 819 1592 Martiale
836 1552 942 1591 bene
964 1550 1145 1591 selecta.

309 1622 521 1664 Feliciter
539 1621 673 1661 etiam
701 1619 969 1660 Germanice
985 1619 1118 1658 vertit
1136 1628 1219 1659 LX.
1239 1617 1464 1659 Martialis
1483 1617 1696 1671 epigram-

250 1695 369 1732 mata
399 1690 435 1730 Ι.
470 1687 526 1729 A.
567 1688 758 1736 Nasser,
799 1687 858 1736 in,
894 1686 1136 1727 Satirische
1168 1685 1447 1739 Anthologie,
1479 1698 1560 1726 aus
1587 1684 1696 1726 rom.

252 1758 462 1800 Dichtern
478 1758 704 1798 ubersetzt
724 1755 888 1796 Kelon.
910 1754 1036 1795 1810.
1059 1754 1157 1796 Svo.

307 1825 632 1866 Particularum
660 1822 881 1863 Martialis
911 1821 1286 1874 Epigrammatum
1313 1820 1541 1862 versiones
1562 1821 1701 1862 abun·

251 1894 373 1941 dant,
400 1895 487 1932 tam
509 1891 564 1931 ab
586 1890 749 1930 exteris
773 1902 907 1942 quam
928 1902 955 1929 a
974 1890 1244 1930 nostratibus
1264 1889 1555 1942 undequaque
1576 1901 1701 1941 spar-

252 1975 330 2010 sae,
362 1973 473 2013 quas
496 1962 645 1999 notare
674 1968 788 2009 opus
810 1961 932 1996 esset
961 1955 1189 1997 infinitum.
1251 1956 1371 1997 Satis
1404 1956 1463 1996 sit
1492 1969 1627 1996 unam
1654 1961 1700 1996 et

250 2030 434 2070 alteram
453 2025 687 2078 Anglicam
707 2024 921 2074 indicare3
943 2036 1101 2076 nempe
1120 2023 1391 2064 celeberrimi
1410 2023 1620 2063 nostratis
1644 2023 1697 2063 Β.

249 2097 278 2138 J
285 2109 420 2137 onson
433 2094 604 2149 (Epigr.
618 2094 687 2133 77.
703 2093 800 2133 Lib.
820 2091 999 2145 x‘111.)in
1016 2096 1027 2113 ‘
1043 2091 1299 2145 Specimens
1313 2090 1362 2131 of
1372 2102 1520 2130 scarce
1535 2090 1699 2131 Trans-

250 2165 411 2206 lations
444 2163 493 2203 of
521 2162 594 2202 the
630 2159 906 2202 seventeenth
939 2158 1145 2213 century‚’
1177 2161 1255 2199 διο.
1288 2157 1697 2199 Lond 1805.8vo.

251 2231 280 2272 J
284 2232 433 2273 oannis
457 2229 663 2279 Oldham,
680 2229 794 2269 inter
807 2228 1013 2282 po'e'mata
1029 2228 1139 2281 ejus,
1156 2227 1282 2268 1710.
1300 2227 1353 2267 cl.
1370 2225 1517 2266 Isaaci
1532 2225 1699 2275 Watts,

253 2299 368 2341 S.T.
383 2298 434 2339 P.
474 2299 580 2339 inter
609 2295 817 2350 poemata
857 2296 968 2350 ejus,
1011 2301 1055 2336 et
1087 2296 1301 2336 variorum
1334 2295 1619 2347 interpretum
1654 2294 1698 2334 in

254 2370 266 2388 ‘
285 2363 579 2407 Gentleman’s
602 2363 861 2417 Magazine,'
891 2363 976 2404 vol.
1000 2374 1041 2401 v.
1064 2373 1127 2403 v1.
1155 2373 1236 2404 v11.
1268 2366 1278 2382 ‘
1294 2359 1698 2414 UniversalMaga-

253 2433 377 2483 zine,'
398 2432 509 2486 Aug.
531 2432 658 2473 1761.
673 2435 749 2472 &c.

255 2501 375 2542 Inter
411 2499 736 2550 Observationes,
771 2503 849 2542 διο.
892 2500 937 2540 in
970 2498 1231 2548 Martialem,
1267 2499 1323 2539 ab
1356 2497 1562 2551 operibus
1603 2497 1698 2550 ejus

370 2569 608 2623 sejunctas,
621 2573 912 2618 numerentur,
934 2568 1044 2609 inter
1066 2567 1168 2617 alia,
1191 2579 1291 2621 quae
1310 2569 1562 2620 sequuntur.

311 2636 384 2691 Ad
401 2636 465 2677 M.
479 2635 582 2677 Val.
602 2635 822 2676 Martialis
841 2635 1167 2688 Epigrammata
1180 2633 1411 2675 Lectiones
1423 2631 1640 2673 variantes
1653 2636 1697 2671 et

256 2703 392 2745 Notae
427 2703 603 2745 incditae
636 2703 775 2744 Hadr.
818 2703 1095 2753 Beverlandi,
1133 2705 1379 2744 memoratae
1411 2701 1455 2742 in
1489 2698 1694 2740 Novellis
