1866 3131
240 162 351 203 1152
703 170 845 200 No‘rAE

241 271 276 297 et
305 266 524 306 voluptatem.
558 264 631 295 vide
661 263 861 307 epigramm.
887 268 939 296 32.

240 319 325 350 libro
343 322 371 349 1.

282 373 300 399 7
324 369 405 399 Hoec
421 370 549 407 proesta,
565 366 634 407 Era]
658 367 744 399 Haec
761 368 841 398 mihi
858 378 937 399 con-

238 421 374 459 tingant
405 419 457 448 vel
482 418 514 448 in
538 418 776 449 obscurissimo
803 418 937 458 Apuliae

238 469 366 510 oppido
392 469 536 507 Bitouti‚
564 468 778 510 habeantque
805 469 866 499 sibi
883 469 938 499 alii

238 521 299 559 (nil
314 519 442 561 moror)
451 520 597 551 thermas
607 529 754 551 amoenas
772 520 938 550 Neronia-

241 581 300 601 nas
316 576 528 611 caeterasque
545 569 683 601 delicias
697 571 825 602 Romae.
854 571 936 601 [ead.

283 622 387 653 EPIG.
410 631 439 653 L.
485 625 499 652 l
541 623 585 652 Et
606 632 717 662 aquam
740 625 842 661 potas,
867 622 936 662 Bra]

240 671 301 703 Est
312 682 354 703 ex
371 682 462 703 more
473 671 614 702 aliarum
625 671 849 711 foeminarum,
863 682 936 712 qnae

237 733 255 754 a
282 723 373 754 coitu
388 723 503 753 lavant
517 721 558 752 τὰ
573 722 680 754 αἰδοῖα.

282 774 385 804 EPIG.
403 781 450 803 LI.
468 775 487 803 2
505 773 637 813 Tritior]
655 774 818 804 Nummus
835 783 938 814 asper

239 830 274 856 et
312 833 418 855 novus
445 824 528 854 trito
560 830 596 854 et
619 824 728 854 veteri
756 824 936 856 laudatior.

239 876 316 906 vide
333 885 388 914 ep.
405 879 437 905 5.
456 878 487 905 S.
502 875 523 905 l.
541 877 572 905 9.

280 929 299 957 4
337 926 399 957 Sed
419 926 447 956 si
471 926 550 966 quis,
577 925 645 966 &ej
681 925 748 956 Sed
786 925 937 956 cinaedus

240 976 443 1018 ἆνδροσάθων.

280 1033 298 1058 5
337 1028 474 1068 Spectat,
504 1026 575 1067 esa]
612 1026 693 1067 Ipse
720 1036 785 1057 non
823 1025 941 1063 edens,

238 1079 399 1118 esuriens,
412 1077 588 1109 famelicus
602 1088 610 1116 3
629 1078 650 1109 l.
661 1081 690 1109 1.
702 1077 866 1117 epigram.
883 1080 937 1109 44.

240 1130 248 1145 ‘
269 1134 401 1160 tantum
418 1129 647 1170 spectavimus
662 1128 801 1159 omnes?

281 1181 384 1212 Eme.
399 1189 462 1212 Lu.
489 1183 505 1210 l
530 1180 675 1219 Loturas,
704 1180 774 1220 Era]
797 1179 852 1210 Ita
876 1179 936 1212 Jo-

239 1232 334 1271 sepli.
362 1232 451 1264 Scal.
475 1231 516 1262 ad
534 1232 594 1262 lib.
610 1234 641 1262 4.
654 1232 829 1272 Propertii
850 1232 936 1272 legit

238 1281 464 1321 emendatius,
480 1291 576 1322 quam
595 1282 683 1322 qnod
700 1283 799 1322 vulgo
823 1282 936 1313 editur

239 1333 380 1371 lictaras,
408 1338 444 1363 et
460 1333 604 1373 intelligi
634 1333 706 1364 vult
722 1332 869 1373 οὐρήσεις.
894 1343 935 1364 an

239 1393 281 1413 ex
312 1383 441 1414 Valerii
457 1389 571 1414 mente
591 1384 719 1414 nescio.
735 1385 806 1424 Ego
821 1384 937 1424 λουτρὰ

238 1434 464 1473 exposuerim,
480 1434 624 1465 lotiones
640 1434 771 1466 scilicet
791 1445 811 1466 a
827 1436 935 1467 tribus

237 1484 459 1524 impudicitiae
478 1485 667 1525 generibus.
704 1486 789 1518 Qnae
807 1496 870 1527 ego
888 1492 936 1517 ta-

240 1544 313 1565 ceo.
353 1535 421 1567 Qui
455 1545 514 1566 suo
551 1536 703 1576 periculo
742 1537 937 1576 ingeniosus

239 1595 309 1615 esse
326 1586 432 1624 volet,
449 1585 563 1617 eliciat
575 1596 618 1617 ex
635 1587 744 1626 epigr.
758 1589 808 1617 50.
825 1596 939 1627 supra,

238 1641 273 1666 et
289 1635 493 1667 Mammosam
508 1637 541 1667 in
555 1637 619 1668 hoc
633 1637 740 1677 epigr.
785 1638 850 1668 Vel
867 1638 939 1669 vult

238 1687 379 1717 Dasium
406 1687 627 1728 praepositum
655 1688 790 1726 balneo,
815 1698 938 1728 popos-

239 1738 325 1768 cisse
359 1737 531 1778 triplicem
563 1739 756 1770 mercedem
781 1744 815 1770 et
841 1748 937 1770 acce-

238 1787 341 1827 pisse.
373 1787 516 1819 Interim
530 1787 655 1828 duplex
673 1788 865 1819 intellectus
879 1798 936 1819 vo—

242 1839 290 1868 cis
314 1839 422 1874 decim
450 1837 699 1879 ambigiturque
719 1848 761 1869 an
785 1848 937 1869 nummos

240 1888 387 1927 dederit,
405 1897 445 1918 an
459 1887 570 1928 potins
583 1888 690 1928 ipsam
707 1899 755 1919 se.
770 1889 936 1920 Gruterus.

284 1938 387 1970 EPIG.
405 1947 483 1970 Ltu.
508 1941 523 1969 1
541 1939 702 1978 Mentiris,
711 1938 776 1978 ζα]
792 1939 936 1978 Elegan-

242 1994 294 2019 ter
310 1988 479 2018 Martialis
489 1987 696 2029 quorundam
711 1988 937 2020 ἐθελοδουλείαν

240 2038 452 2079 perstringit,
469 2038 526 2079 qui
543 2039 747 2076 velveutris,
764 2039 817 2069 vel
834 2039 936 2069 ambi-

243 2089 345 2119 tionis
363 2098 482 2120 caussa
496 2089 691 2120 libertatem
709 2091 807 2130 plane
826 2091 935 2130 perdi-

240 2147 310 2171 tnin
337 2147 430 2180 eunt,
455 2146 491 2172 et
515 2141 556 2172 ad
581 2146 698 2172 nutum
716 2142 861 2172 alienum
889 2143 935 2172 vi-

240 2203 255 2221 i
264 2197 344 2223 unt:
377 2193 431 2223 cui
455 2192 590 2234 quidem
617 2193 704 2223 malo
735 2192 865 2223 obviam
894 2193 935 2223 iri

241 2252 338 2283 posse
351 2243 412 2282 ait,
427 2244 454 2274 si
470 2249 563 2274 sorte
578 2249 688 2274 nostra
703 2245 867 2282 contenti,
881 2253 935 2274 ne-

241 2304 305 2335 que
317 2294 469 2333 delicias,
480 2303 590 2336 neque
606 2304 686 2335 opes
698 2305 938 2335 supervacuas,

242 2355 349 2385 neque
361 2345 503 2385 gloriam
516 2345 649 2376 inanem
663 2350 844 2376 sectemur.
872 2345 935 2376 He-

239 2398 319 2427 rald.

282 2450 300 2477 3
324 2446 419 2477 Liber
434 2446 510 2486 eris]
543 2446 685 2477 Plurimi
703 2447 788 2477 enim
807 2446 935 2477 ventris

240 2507 359 2528 caussa
371 2498 499 2537 seipsos
522 2497 740 2535 addicebant,
761 2506 861 2538 quum
878 2506 936 2536 po·

240 2548 422 2579 tentiorum
445 2557 555 2579 coenas
578 2552 770 2587 captarent,
788 2547 843 2578 ubi
867 2557 936 2578 om—

239 2599 296 2628 nia
333 2598 609 2628 contumeliarum
649 2607 773 2637 genera
815 2608 936 2628 conco-

241 2647 374 2687 quenda
389 2652 498 2687 erant,
521 2647 608 2688 quod
621 2648 672 2677 vel
690 2657 773 2678 unns
787 2648 935 2680 Juvena-

246 2700 285 2729 lis.-
300 2700 476 2738 ‹tlrganter
486 2699 646 2730 observat
657 2700 767 2739 Satyr.
785 2704 815 2730 5.

284 2752 301 2779 :i
334 2749 496 2786 'rejenlana
520 2750 594 2790 uva]
633 2750 754 2781 Vinum
780 2757 880 2782 tenue
898 2760 935 2781 ac

881 170 1142 201 VARIURUM
1182 172 1229 200 {N

990 266 1054 296 vile
1065 275 1105 296 ex
1124 275 1207 304 agro
1222 265 1430 304 Vejentano.

1031 320 1048 346 5
1074 315 1111 346 Si
1126 316 1239 353 ridere,
1255 315 1322 355 cisa]
1348 316 1382 346 Si
1401 318 1498 355 potes
1516 315 1687 356 negligere

988 368 1173 399 luxuriosas
1199 377 1281 407 opes
1310 367 1465 406 divitum,
1487 366 1542 407 q'ni
1573 366 1613 397 iis
1638 367 1688 398 uti

988 418 1167 456 nesciunt3
1189 419 1242 448 vel
1261 417 1288 448 si
1311 418 1378 448 risu
1404 421 1503 457 potes
1526 416 1689 457 excipere

990 479 1150 500 vanorum
1171 469 1404 509 ψευδοπλουτῶν
1420 478 1577 508 pompam
1594 472 1629 498 et
1646 467 1688 497 si-

988 521 1130 551 mulatas
1153 521 1302 551 divitias.
1362 519 1414 550 De
1444 517 1689 558 Chrysendetis

987 571 1065 603 vide
1079 581 1180 612 snpra
1195 571 1304 612 epigr.
1318 573 1371 601 43.
1390 579 1477 600 vers.
1493 572 1544 600 12.

1029 625 1049 653 6
1082 623 1213 659 Nostra,
1239 621 1309 661 δρα]
1347 621 1442 651 Trita
1473 625 1508 650 et
1539 618 1687 660 plebeia.

986 673 1156 713 epigr.58.
1169 683 1272 712 snpra
1289 677 1323 703 et
1337 671 1446 712 epigr.
1464 670 1554 701 36.1.
1572 672 1602 700 3.

1029 727 1048 755 7
1069 724 1106 755 Si
1132 724 1262 764 plebeja,
1278 723 1346 764 δῖα]
1369 723 1405 754 Si
1422 731 1491 752 non
1506 721 1598 758 albas
1614 730 1686 751 sec-

988 775 1070 806 teris
1083 776 1199 814 stolas,
1211 774 1394 806 meretrice
1411 777 1592 804 contentus
1616 771 1688 811 ple-

986 825 1188 865 beia,facili,
1200 825 1271 864 vili,
1280 823 1435 866 parabili.
1445 822 1551 862 epigr.
1561 822 1646 852 33.1.
1655 824 1687 852 9.

1029 879 1050 907 8
1073 876 1111 907 Si
1133 880 1187 907 tua
1211 886 1272 907 non
1297 878 1410 913 rectus,
1431 873 1500 913 ἐξα]
1535 872 1688 903 Cernuus

987 928 1118 958 intrans
1142 926 1302 957 humilem
1326 934 1463 956 casam:
1497 922 1549 953 vel
1577 922 1688 962 potius

988 981 1147 1010 incurvus
1163 988 1225 1019 per
1241 977 1350 1008 scalas
1364 973 1550 1006 ascendens
1564 972 1606 1003 ad
1625 982 1690 1002 coe-

988 1032 1125 1070 nacula,
1142 1040 1216 1072 quae
1246 1027 1484 1060 conducebant
1500 1032 1689 1065 panperes3

988 1083 1096 1123 epigr.
1129 1084 1203 1112 109.
1235 1090 1323 1111 vers.
1353 1081 1386 1110 2.
1417 1082 1452 1108 et
1479 1076 1586 1116 epigr.
1614 1076 1689 1105 108.

986 1143 1075 1165 vers.
1090 1135 1121 1164 3.

1029 1186 1050 1214 9
1073 1183 1153 1214 Haec
1170 1182 1229 1213 tibi
1256 1181 1283 1212 si
1307 1180 1366 1219 ris,
1392 1177 1464 1219 ξυμ]
1489 1176 1633 1208 Excelso
1651 1179 1686 1205 ct

985 1233 1067 1265 forti
1083 1233 1194 1264 animo
1211 1242 1295 1273 opus
1307 1236 1356 1262 est
1375 1230 1416 1261 ad
1430 1228 1567 1260 divitias
1580 1232 1615 1258 et
1632 1226 1686 1258 de-

986 1283 1081 1315 licias
1099 1282 1376 1315 contemnendas.

1030 1337 1070 1365 10
1095 1332 1313 1373 Parth0‚35c.]
1339 1330 1461 1362 Parthi
1489 1327 1687 1370 pertinacis-

986 1385 1061 1415 simi
1085 1388 1163 1415 sunt
1193 1382 1364 1414 libertatis
1394 1391 1461 1412 suae
1494 1388 1688 1421 propugna-

987 1442 1099 1467 tores:
1134 1445 1285 1477 quosque
1311 1442 1404 1464 arma
1441 1433 1592 1463 Romana
1625 1430 1689 1461 sibi

987 1488 1158 1527 subjicere
1177 1495 1347 1528 nunquam
1364 1489 1561 1525 potuerunt.

1030 1539 1136 1570 Eme.
1155 1547 1225 1570 mv.
1260 1541 1276 1568 1
1296 1536 1379 1572 Quid
1394 1537 1431 1566 de
1449 1538 1492 1574 te,
1508 1533 1580 1574 Sym]
1604 1534 1687 1564 Esse

988 1593 1023 1620 te
1035 1589 1267 1629 pathicum,et
1279 1588 1424 1618 draucos
1441 1585 1570 1617 sectari
1586 1595 1595 1622 3
1615 1594 1689 1624 pro-

988 1641 1068 1671 inde
1095 1639 1253 1680 adjunxit
1275 1638 1339 1669 tibi
1364 1636 1539 1668 custodem
1567 1634 1690 1676 spado·

987 1700 1080 1731 nem,
1106 1691 1283 1730 impotem.

1030 1747 1048 1774 5
1074 1742 1229 1773 Nasutius
1249 1739 1320 1780 hac]
1350 1738 1405 1770 Ad
1429 1736 1688 1769 advertendum.

989 1793 1225 1833 Maligniusque
1237 1791 1299 1832 est]
1321 1790 1376 1822 Ad
1390 1788 1630 1821 coercendum.

1031 1845 1138 1874 Eme.
1161 1852 1217 1874 ιν.
1255 1846 1271 1873 l
1303 1842 1358 1872 Vis
1384 1845 1426 1879 te,
1447 1839 1518 1879 Esau]
1542 1837 1691 1880 AEquali-

988 1900 1093 1926 tatem
1107 1900 1140 1924 et
1156 1893 1430 1924 familiaritatem
1449 1891 1561 1920 inesse
1586 1889 1689 1920 docet

987 1954 1091 1975 mera}
1105 1943 1277 1974 ariticitiae.
1324 1941 1408 1981 Coti]
1430 1940 1528 1972 Quod
1543 1945 1594 1970 est
1607 1939 1688 1970 inar-

986 1995 1148 2035 qnalium,
1166 1992 1376 2033 potentiores
1393 1991 1480 2020 enim
1498 1990 1654 2020 coluntur
1669 2000 1685 2020 a

988 2044 1222 2080 temxioribus3
1247 2042 1397 2083 aequales
1422 2042 1511 2072 inter
1533 2051 1568 2071 se
1593 2039 1688 2070 fami-

987 2095 1116 2125 liariter
1130 2099 1254 2125 amant.
1293 2093 1410 2124 Rader.
1436 2092 1601 2122 Volebam
1624 2102 1686 2130 ego

989 2152 1020 2177 te
1039 2155 1100 2186 pro
1117 2145 1225 2176 sodali
1249 2154 1375 2182 amare,
1403 2143 1462 2174 sed
1478 2148 1515 2174 tu
1537 2153 1591 2174 me
1607 2144 1688 2174 ami-

987 2206 1062 2227 cum
1081 2196 1296 2234 dedignatus,
1319 2200 1352 2225 te
1371 2204 1390 2225 a
1407 2204 1458 2224 me
1477 2195 1601 2225 cliente
1619 2195 1687 2225 coli

987 2248 1036 2278 vis
1054 2259 1062 2277 2
1087 2248 1192 2278 colam
1207 2247 1335 2286 itaque,
1353 2255 1417 2276 non
1433 2246 1574 2276 amabo:
1590 2246 1685 2277 timo-

988 2299 1013 2328 ri
1030 2299 1209 2329 enimcum
1224 2307 1337 2328 amore
1354 2297 1441 2328 male
1458 2298 1615 2328 convenit
1628 2309 1636 2336 ;
1651 2304 1686 2328 et

988 2349 1060 2379 Deo
1078 2349 1158 2379 satis
1175 2354 1237 2388 est,
1265 2354 1302 2379 ut
1330 2354 1462 2380 ametur
1477 2353 1514 2380 et
1540 2349 1683 2380 colatur.

986 2399 1117 2430 Seneca
1129 2399 1231 2439 epist.
1248 2401 1300 2429 47.

1030 2452 1048 2480 3
1073 2449 1134 2480 Sed
1160 2449 1234 2480 site
1253 2451 1329 2489 colo,
1350 2447 1417 2490 ἐξα]
1448 2449 1489 2481 Id
1516 2456 1583 2488 est,
1604 2450 1684 2482 Non

988 2504 1084 2540 potes
1101 2499 1226 2531 habere
1249 2511 1302 2532 me
1318 2501 1460 2532 amicum
1477 2506 1511 2532 et
1532 2501 1684 2532 adulato-

988 2560 1070 2581 rem.
1115 2551 1243 2581 Multos
1259 2552 1349 2582 enim
1363 2553 1502 2582 colimus
1517 2555 1554 2582 et
1569 2551 1685 2582 servili

989 2603 1205 2633 veneratione
1235 2604 1484 2644 prosequimur,
1507 2613 1590 2644 quos
1617 2612 1683 2634 non

987 2653 1086 2684 modo
1103 2663 1167 2683 non
1176 2662 1335 2691 amamuS‚
1347 2653 1405 2683 sed
1423 2654 1523 2685 etiam
1535 2654 1681 2684 odimus:

988 2703 1075 2744 qnod
1093 2704 1242 2734 ostendit
1269 2704 1399 2733 Seneca
1415 2703 1471 2734 lib.
1499 2707 1529 2735 6.
1557 2703 1599 2734 de
1617 2704 1682 2734 Be-

987 2753 1054 2785 nef.
1067 2764 1141 2795 cap.
1159 2756 1211 2784 33.
1226 2757 1348 2794 etseq.
1363 2753 1496 2785 Herald.
