1866 3131
219 146 328 185 10&ss

260 253 276 279 ὅ
304 250 415 287 Ignota
432 247 522 288 moze]
557 247 662 278 Vasta
689 250 724 278 et
749 245 914 277 inusitata

219 299 465 339 magnitudine.

261 353 280 379 6
306 350 488 386 Herculeus,
511 347 581 387 δμκ]
620 347 734 378 Instar
760 345 915 378 Nemeaei

219 401 321 437 illius,
333 409 429 440 quem
446 399 565 429 stravit
583 398 763 428 Hercules.

262 453 279 480 7
305 450 427 489 Longo]
473 448 609 480 Eurinus
646 449 776 487 lancea,
821 447 916 478 hasta

219 500 328 531 missa.
353 499 519 539 Pom-exit]
544 499 694 538 Occidit,
708 497 798 529 forte
813 508 832 528 a
848 507 919 528 mo-

221 561 256 582 re
269 549 475 582 extendendi
491 555 525 580 et
538 548 725 581 collocandi
739 547 920 579 defunctos

221 606 402 641 sumptum.
449 601 538 631 Nam
567 600 707 630 Romani
735 598 919 629 defunctos

222 651 437 682 collocabant
449 651 491 681 ad
502 652 642 690 januam
660 650 780 680 aedium
795 659 834 680 eo
849 649 921 679 loco

223 705 258 732 et
286 706 390 739 statu,
416 705 454 731 ut
478 700 599 731 faciem
626 706 662 731 et
690 699 796 740 pedes
820 699 920 729 habe-

224 757 300 783 rent
324 757 483 784 extentos
509 752 549 783 ad
579 753 663 782 viam
689 756 723 782 et
746 751 920 791 publicum

223 813 370 842 aversos,
384 803 473 844 quod
486 803 594 843 ipsum
605 801 764 833 collocari
784 800 923 831 diceba·

225 860 303 885 tur:
328 855 375 884 ita
401 854 442 884 ad
468 863 582 893 rogum
600 861 732 893 quoque
749 855 847 882 extra
867 860 922 880 ur-

226 905 300 936 bem
317 903 556 942 efferebantur,
583 908 618 933 ut
639 902 744 942 pedes
762 907 797 932 et
814 905 920 941 caput

226 960 360 994 portam
378 957 586 994 spectarent,
607 952 696 993 quod
715 951 853 982 Persius
874 951 922 981 in-

227 1004 374 1043 tellexit,
396 1013 471 1034 cum
495 1003 656 1043 scripsit:
691 1002 699 1018 ‘
720 1001 758 1031 In
787 1006 921 1041 portam

225 1055 351 1094 rigidos
365 1054 476 1085 calces
493 1051 674 1084 extendit.’
700 1052 844 1082 Causam
863 1051 923 1081 liu-

220 1105 277 1144 jus
291 1104 391 1134 moris
405 1103 499 1134 addit
513 1102 684 1133 Plutarch.
699 1102 731 1132 in
745 1101 920 1132 Problem.

229 1153 317 1194 quod
335 1162 471 1184 occasus
485 1152 573 1183 ortui
586 1152 629 1182 sit
645 1151 848 1182 contrarius.
880 1150 922 1181 Iu

227 1208 333 1243 caput
348 1203 526 1240 nascimur,
544 1202 686 1241 pedibus
709 1201 803 1242 quasi
826 1210 922 1241 egre·

228 1253 349 1284 dimur.
363 1253 443 1283 stad.
472 1253 625 1292 Purdum]
639 1251 735 1282 Adeo
747 1251 834 1282 enim
845 1260 924 1282 eon-

230 1309 323 1335 tente
350 1308 489 1334 currunt
505 1312 644 1343 seseque
662 1302 862 1341 extendunt,
889 1305 926 1332 ut

232 1359 349 1384 ventre
376 1352 617 1393 propemodum
645 1358 768 1384 terram
796 1351 928 1390 radant,

230 1408 265 1434 et
281 1413 403 1444 equum
428 1402 698 1443 pernicissimum
716 1407 768 1432 ter
791 1406 824 1432 et
854 1401 925 1441 plu-

231 1455 296 1485 ries
325 1463 424 1485 eursu
464 1457 649 1485 retrorsum
679 1454 805 1484 iterato
839 1461 926 1483 asse-

233 1510 388 1547 quantur.

275 1561 294 1588 8
317 1557 429 1587 Adhuc
442 1555 579 1596 poterut]
604 1554 801 1586 Indefessus
817 1554 927 1585 adhuc

232 1611 268 1637 et
284 1607 425 1647 integris
440 1607 578 1645 viribus,
593 1605 736 1646 perinde
753 1615 792 1636 ac
808 1615 928 1636 recens

233 1667 395 1698 novaeque
414 1667 534 1698 puguae
553 1662 687 1696 potens.

233 1708 337 1738 Erro.
368 1716 445 1737 xvh
501 1706 666 1737 Ediderat
710 1705 929 1736 Domitianus

277 1758 519 1798 spectaculum,
546 1766 610 1797 quo
636 1756 804 1787 Hercules
831 1761 928 1788 tauro

278 1813 397 1838 vectus
420 1808 453 1837 in
477 1807 598 1837 coeluin
622 1806 842 1847 portabatur:
869 1806 929 1837 fie-

278 1858 402 1898 batque
433 1857 495 1887 hoc
527 1866 588 1897 per
625 1857 930 1887 machinamentum

278 1907 477 1948 ἆκροβατικὸν
499 1917 556 1937 seu
581 1906 683 1947 ἐώρας.
731 1908 841 1938 Poeta
859 1913 931 1938 tau-

281 1967 351 1988 rum
365 1958 451 1988 huuc
467 1957 562 1989 Jovis
578 1961 674 1987 tauro
694 1957 855 1988 collatum
874 1967 931 1987 au-

282 2007 428 2046 tepouit.

284 2059 298 2086 1
326 2057 445 2096 Raptus
459 2056 522 2086 ubit
538 2056 649 2094 media,
663 2055 730 2096 Esau]
754 2055 933 2096 pegmate,

241 2115 343 2145 supra
359 2116 413 2145 ep.
429 2109 459 2136 2.
486 2116 569 2136 vers.
586 2109 617 2137 2.
640 2105 754 2146 γεράνῳ
771 2106 935 2146 machina,

242 2169 306 2199 qua
329 2159 361 2189 iu
384 2158 524 2189 sublime
545 2158 765 2198 rapiebantur
781 2169 933 2199 personae

242 2219 259 2239 e
277 2218 379 2240 scena
395 2209 427 2238 iu
445 2209 536 2247 aeia,
554 2215 590 2240 ut
606 2219 625 2239 a
640 2210 752 2240 Borea
776 2209 935 2250 orythia,

243 2259 283 2289 ab
299 2258 431 2289 Aurora
447 2259 623 2299 Memnon,
634 2259 674 2290 ab
686 2259 851 2299 anguibus
862 2261 936 2291 Me·

244 2308 324 2346 (lea,
339 2310 403 2339 ἃς.

286 2362 305 2389 2
332 2358 490 2396 Maestae,
503 2358 573 2399 φη]
598 2358 674 2390 Νοῃ
687 2364 754 2391 tam
769 2361 936 2391 machina-

246 2409 349 2440 menti
370 2408 433 2440 fuit
448 2409 639 2450 artificium,
654 2420 752 2451 quam
768 2410 815 2451 pii
831 2411 937 2442 numi-

248 2459 296 2488 nis
312 2468 402 2495 auru,
419 2459 483 2489 arti
499 2459 685 2500 adspirans,

290 2510 308 2537 3
334 2508 499 2547 Fraterno,
523 2509 591 2549 swa]
628 2511 802 2550 Neptunia
824 2521 939 2552 regna,

250 2557 363 2588 maria.
419 2558 597 2599 Neptunus
625 2562 712 2592 enim
744 2561 851 2594 frater
880 2563 939 2595 Jo-

253 2617 311 2637 vis.

294 2660 311 2687 >1
336 2657 479 2697 Alciden]
495 2658 721 2691 Domitianum
736 2661 869 2702 (credo)
886 2664 939 2694 vel

679 152 817 182 NO'rAE
855 152 1116 183 VARIORUM
1156 154 1202 183 lN

966 245 1153 277 Domitiani
1180 246 1325 286 effigiem
1352 247 1511 278 Herculis
1534 247 1662 287 habitu,

965 297 1145 337 quemipse
1161 296 1347 333 affectavit,
1366 302 1567 339 gentemque
1589 299 1665 329 Fla-

968 347 1055 377 viam
1080 346 1199 377 referri
1224 349 1329 378 voluit
1359 348 1402 379 ad
1434 349 1601 380 Reatinos
1631 354 1666 380 et

968 397 1126 428 comitem
1144 398 1316 429 Herculis.
1356 399 1445 429 Vide
1469 400 1565 430 Suet.
1582 400 1666 430 Ves-

970 457 1040 487 paS.
1065 458 1096 479 c.
1112 451 1162 479 12.
1209 449 1326 480 Taurus
1353 450 1440 488 tulit,
1459 449 1530 489 ἔξω]
1553 449 1664 480 Tauro

969 498 1045 528 huie
1071 498 1184 538 ligneo
1221 499 1467 540 Imperatorem
1500 500 1666 530 inclusum

972 548 1089 578 volunt
1110 549 1272 586 nonnulli,
1300 554 1336 580 ut
1360 549 1506 590 quadret
1530 548 1665 580 schema

971 608 1044 629 cum
1069 599 1156 630 Jove
1187 600 1248 630 sub
1272 601 1389 640 specie
1415 600 1523 637 tauri3
1550 609 1665 630 verum

972 657 1034 679 nec
1052 649 1179 688 placet,
1201 658 1263 680 nec
1286 659 1367 688 opus
1390 654 1460 680 est:
1487 659 1630 690 namque
1648 659 1667 680 a

973 697 1109 728 Caesare
1139 699 1307 730 exhibitus
1332 699 1364 729 iu
1391 700 1588 740 spectaculo
1611 699 1665 729 hic

974 752 1100 777 taurus.

1013 799 1033 826 6
1058 797 1125 827 Pur
1139 798 1299 838 on·us,&c.]
1324 800 1392 830 Fac
1406 809 1462 830 eos
1477 800 1594 830 tulisse
1609 809 1670 840 par

973 855 1070 885 onus,
1086 848 1174 888 quod
1193 853 1305 880 tamen
1321 859 1385 880 non
1399 849 1485 881 fuit:
1511 851 1568 880 ille
1581 851 1669 881 enim

975 897 1132 935 puellam,
1160 897 1213 928 hic
1236 899 1351 938 heroa,
1375 901 1438 930 διο.
1467 900 1587 938 Altius,
1603 899 1673 939 Era]

974 947 1077 978 Ludit
1093 949 1126 978 in
1142 948 1361 989 ambiguitate
1380 950 1470 980 vocis
1485 950 1556 988 alti,
1579 951 1669 990 quod

975 999 1156 1040 aliquando
1175 1009 1236 1039 pro
1260 1000 1357 1039 coelo,
1380 1001 1583 1042 quaudoque
1610 1011 1669 1042 pro

975 1049 1059 1079 mari
1089 1050 1241 1081 sumitur.
1284 1049 1380 1081 Jovis
1409 1057 1525 1081 autem
1557 1056 1673 1082 taurus

976 1100 1147 1140 Europam
1174 1110 1234 1141 per
1258 1110 1364 1141 mare,
1388 1102 1532 1133 Caesaris
1557 1106 1673 1133 taurus

975 1150 1159 1182 Herculem
1170 1161 1230 1191 per
1242 1151 1320 1182 aEra
1336 1152 1440 1194 (quod
1456 1153 1539 1183 mari
1555 1152 1674 1193 altius)

977 1202 1079 1231 tulit:
1104 1201 1181 1233 huic
1198 1203 1305 1233 simile
1322 1204 1427 1243 epigr.
1443 1207 1473 1235 7.
1487 1204 1508 1235 l.
1524 1206 1552 1234 1.

1029 1252 1133 1283 Eme.
1160 1261 1252 1283 xvu.
1295 1256 1309 1284 1
1338 1254 1427 1289 Quod
1452 1255 1539 1294 pius]
1572 1254 1671 1285 Blau-

977 1301 1068 1332 ditur
1092 1302 1216 1333 Caesari
1249 1304 1341 1334 velut
1369 1305 1457 1344 Deo,
1489 1305 1586 1345 cujus
1616 1315 1674 1335 nu-

977 1360 1054 1382 men
1071 1352 1172 1383 etiam
1191 1352 1271 1383 t'erae
1288 1354 1449 1386 sentiant.

1020 1404 1039 1432 2
1066 1402 1166 1433 Tauro
1200 1406 1277 1443 tum,
1315 1405 1383 1446 ἔγω]
1437 1404 1532 1436 Infra
1563 1404 1674 1446 epigr.

979 1455 1030 1482 19.

1020 1506 1038 1534 3
1066 1504 1137 1534 Νοη
1154 1505 1251 1544 facit,
1272 1504 1340 1545 εγὼ]
1375 1506 1470 1537 Facit
1490 1505 1553 1536 hoc
1571 1515 1637 1536 non
1655 1515 1673 1536 a

978 1555 1267 1595 magistrojussus
1294 1560 1330 1586 et
1353 1555 1505 1594 edoctus,
1533 1560 1569 1586 ut
1594 1555 1675 1585 alibi

979 1604 1190 1645 elephantes.
1239 1606 1313 1636 Nec
1332 1611 1444 1636 tamen
1459 1605 1533 1635 siue
1555 1604 1676 1645 magis-

980 1660 1046 1693 tro,
1071 1655 1129 1685 sed
1155 1656 1267 1696 aliquo
1305 1656 1470 1696 magistro
1509 1656 1676 1693 docente3

980 1714 1100 1745 nempe
1113 1705 1250 1736 numine
1276 1710 1347 1744 tuo,
1368 1706 1494 1742 Caesar,
1517 1705 1606 1746 quod
1631 1705 1679 1736 illi

980 1763 1042 1794 pro
1069 1755 1229 1795 magistro
1246 1761 1312 1794 est,
1329 1760 1362 1785 et
1379 1755 1469 1796 quod
1486 1755 1541 1785 ille
1559 1756 1676 1786 sentit.

982 1805 1134 1836 Raderus.
1181 1805 1236 1836 Sic
1252 1805 1362 1845 epigr.
1376 1809 1426 1836 15.
1443 1810 1478 1836 et
1492 1809 1562 1836 109.
1574 1805 1634 1837 lib.
1649 1810 1676 1837 1.

980 1855 1090 1885 docile
1112 1855 1234 1886 animal
1258 1856 1396 1895 elephas
1420 1861 1455 1886 et
1472 1857 1680 1896 religiosum,

980 1905 1092 1935 Solem
1123 1905 1214 1935 enim
1250 1910 1285 1936 et
1317 1906 1444 1936 Lunam
1474 1911 1605 1937 uaturae
1630 1906 1680 1937 in-

982 1957 1111 1987 stinctu
1127 1956 1256 1987 adorat.

1026 2008 1131 2038 Erro.
1150 2015 1260 2038 xvm.
1301 2011 1320 2038 2
1339 2007 1466 2048 Gloria]
1499 2007 1677 2048 Oppianus

982 2056 1039 2087 lib.
1052 2068 1159 2096 κυνηγ.
1168 2058 1306 2097 Tigrim,
1320 2058 1577 2098 pulcherrimam
1592 2058 1681 2090 fera-

985 2116 1058 2138 rum
1072 2107 1132 2147 ait,
1145 2112 1180 2138 ut
1192 2118 1357 2148 pavonem
1368 2109 1497 2147 avium,
1512 2109 1559 2139 ita
1571 2114 1680 2140 utme-

987 2158 1052 2188 rito
1065 2158 1164 2198 poe'ta
1177 2163 1303 2199 noster,
1316 2160 1421 2199 illam,
1435 2161 1443 2176 ‘
1454 2161 1590 2201 gloriam
1606 2161 1682 2192 Hir-

986 2208 1105 2240 caniae’
1117 2210 1309 2250 appellarit.
1332 2211 1588 2252 Rarojzcgo,&c.]
1604 2212 1680 2243 Non

986 2259 1033 2289 ita
1044 2258 1206 2300 frequens
1220 2259 1284 2291 huc
1299 2260 1445 2291 adducta
1456 2270 1498 2292 ex
1511 2261 1682 2292 Hircaniis

987 2310 1110 2350 sylvis:
1138 2311 1338 2352 videturque
1361 2313 1534 2352 respicere
1557 2313 1599 2344 ad
1615 2324 1683 2345 mo-

987 2371 1056 2391 rem
1068 2361 1272 2402 surripiendi
1285 2362 1414 2393 catulos
1424 2363 1588 2403 Tigridis:
1606 2373 1681 2395 cum

988 2412 1076 2441 enim
1098 2410 1199 2442 foetus
1215 2412 1342 2442 insidiis
1356 2417 1494 2453 ereptos
1512 2413 1621 2453 videt,
1635 2414 1683 2444 in-

989 2463 1142 2503 sequitur
1165 2468 1334 2504 raptorem
1358 2464 1480 2495 animal
1497 2465 1686 2504 pernicissi-

989 2521 1097 2542 mum:
1138 2513 1194 2542 ille
1223 2522 1325 2543 uuum
1353 2513 1470 2554 abjicit
1501 2522 1519 2543 e
1550 2515 1681 2553 catulis,

991 2572 1090 2603 quem
1108 2570 1216 2594 mater
1230 2564 1271 2594 ad
1295 2564 1406 2596 cubile
1429 2569 1593 2604 reportat,
1610 2575 1682 2596 rur-

989 2622 1111 2654 susque
1134 2618 1304 2653 raptorem
1321 2614 1512 2655 insequenti
1539 2615 1681 2646 alterum

992 2663 1122 2705 abjicit,
1147 2673 1224 2695 mox
1256 2665 1404 2704 tertium,
1432 2667 1496 2696 sce.
1542 2664 1589 2696 ita
1626 2665 1682 2696 ille
