1866 3131
457 174 505 204 M.
539 173 648 204 VAL.
685 174 961 204 MARTIAMS
999 176 1158 207 EPIGR.
1195 178 1285 208 LIB.
1322 180 1350 209 l.

181 265 262 296 bant
285 270 319 296 et
343 266 403 297 snb
429 268 592 305 magistro
617 267 797 305 habebant,
821 267 876 308 qui

178 318 301 356 probra
318 319 481 350 meditate
508 319 746 360 effunderent‚'
769 321 877 362 inquit

176 368 308 399 Seneca
336 369 395 400 lib.
435 369 476 400 de
508 370 686 411 Tranquil.
728 371 805 401 vitae
843 374 874 402 2.

176 417 267 448 Hinc
298 420 306 436 ‘
321 420 447 450 vernile
473 420 623 451 dictum’
656 420 745 461 apud
767 422 875 453 Tacit.

175 467 234 497 lib.
252 471 281 500 3.
307 469 438 501 Hcruld.

217 521 234 549 3
262 520 330 551 Hoc
345 522 422 560 quod
443 520 706 561 Trmzsliberinus]
720 522 873 562 Sequun-

172 576 227 600 tur
247 572 402 611 exempla
426 571 596 603 bominum
613 572 736 603 stolide
755 582 872 612 proca·

173 621 258 650 cium
277 626 310 652 et
333 622 569 662 petulantium,
589 623 705 664 quales
730 628 808 653 sunt
824 628 872 654 te-

171 680 253 701 nues
276 682 372 712 pa‘ne
393 682 507 704 omnes
537 680 572 705 et
588 674 734 714 abjectae
757 674 870 705 condi-

171 722 270 753 tionis
316 724 581 762 liomuucimies3
617 731 719 766 atque
759 725 792 755 in
830 724 870 755 iis

169 773 325 812 maxime,
354 774 408 814 qui
439 775 495 805 vili
521 775 741 805 mercimonio
765 775 869 805 vitam

168 822 338 854 tolerant:
364 829 401 855 ut
426 823 700 855 ‘Transtiberini
725 824 869 854 ambula-

167 874 284 911 tore.<,'
297 874 352 914 qui
370 879 462 905 trans
477 875 625 905 Tiberim
642 875 811 906 ambulant
830 884 869 905 ac

168 930 358 962 pererrant,
381 925 576 965 quisquilias
604 935 678 955 suas
695 925 868 956 venditan-

168 980 230 1004 trs.
258 975 389 1005 Ilm-ald.
450 976 513 1005 Vel
546 980 583 1006 ut
609 975 757 1005 'rm-neb.
784 975 868 1013 vult,

165 1034 238 1055 cam
266 1031 397 1065 partem
424 1026 515 1056 urbis
542 1024 782 1056 inhabitantes.
807 1025 866 1056 lib.

164 1075 308 1107 Advers.
322 1079 373 1108 24.
385 1086 413 1108 e.
427 1079 479 1107 43.
492 1081 528 1108 et
542 1077 563 1106 Ι.
579 1079 628 1108 19.
646 1085 676 1107 c.
694 1079 723 1106 (3.
755 1076 868 1106 Trans-

165 1127 326 1168 tiburinus]
357 1127 399 1158 Iu
445 1136 484 1158 ea
521 1127 613 1157 urbis
647 1130 756 1166 parte,
792 1136 866 1166 quae

164 1182 255 1207 trans
277 1178 435 1216 Tiberim,
456 1177 501 1208 ibi
523 1176 720 1207 habitabant
740 1176 865 1216 Judaei,

162 1231 198 1257 et
214 1233 339 1257 czetera
363 1227 553 1267 plebecula,
577 1236 652 1266 quae
675 1225 863 1256 sordidissi-

162 1277 223 1306 mis
243 1277 421 1307 victitabat
446 1276 610 1307 serviciis.
636 1275 714 1305 vide
732 1284 816 1305 vers.
832 1277 863 1305 4.

161 1328 270 1367 epigr.
299 1329 352 1358 93.
377 1327 398 1357 l.
419 1330 450 1357 ὓ.
494 1326 694 1365 Ambulator]
723 1325 862 1365 Peripa-

163 1378 287 1409 teticus
320 1387 434 1418 vagus,
463 1377 519 1417 qui
544 1375 763 1406 obambulans
788 1384 863 1414 pro·

160 1425 863 1466 mercaliaclamitabat‚brimstone-matches

149 1478 206 1515 for
214 1479 325 1509 broken
333 1479 461 1518 glosses.
471 1477 640 1517 Diphilus,
648 1475 726 1506 κατὰ
732 1475 788 1512 τὴν
796 1475 864 1505 ὁδὸν

157 1530 272 1559 πωλεῖν
283 1552 290 1559 .
304 1553 312 1560 .
327 1551 334 1559 .
347 1526 600 1566 βούλομαιῬόδα,
613 1527 787 1566 ῥαφανῖδας,
803 1529 864 1566 θερ-

155 1579 338 1619 μοκυάμους,
348 1578 522 1618 στέμφυλα.
539 1580 547 1595 ‘
560 1579 674 1617 Rupto
685 1577 741 1617 qui
755 1578 862 1616 possit

156 1631 317 1671 sulphura
333 1628 448 1660 vitr0.’
482 1628 607 1660 Juven.
623 1631 653 1659 5.
667 1632 731 1658 sat.
753 1631 860 1657 nostr.

158 1681 265 1721 epigr.
280 1683 310 1711 3.
328 1680 386 1710 lib.
402 1682 454 1710 10.
470 1687 557 1709 vers.
573 1680 605 1708 4.

199 1733 219 1760 4
245 1730 401 1761 Pollentia
427 1726 625 1768 sulphurata]
658 1726 767 1766 Ligna
790 1726 859 1756 exi-

156 1781 199 1812 lia
211 1782 370 1822 sulphure
383 1780 423 1811 ab
435 1784 578 1819 utraque
593 1782 691 1818 parte
705 1777 859 1808 intincta.

157 1833 244 1864 Plin.
262 1833 283 1863 l.
298 1835 350 1864 36.
367 1841 396 1863 c.
411 1834 463 1862 19.

199 1887 217 1914 5
245 1882 378 1923 Otiosoe]
402 1882 470 1914 Qui
499 1880 689 1921 plebeculae
717 1878 859 1917 feriatam,

155 1934 255 1966 Circo
279 1942 460 1974 scenaeque
485 1931 682 1971 vacanti,et
697 1930 780 1961 duas
805 1940 857 1961 res

154 1985 254 2016 anxie
281 1983 426 2024 optanti,
451 1982 580 2012 Panem
605 1985 640 2011 et
668 1981 858 2021 Circenses,

154 2035 247 2067 cicer
262 2038 471 2066 maceratum
486 2032 649 2063 venditat.

197 2089 217 2116 G
240 2084 422 2125 Madidum]
445 2084 602 2114 Coctum.

192 2140 210 2168 7
223 2133 574 2175 Custos,a⁶c.]Agy1-ta‚
588 2131 781 2167 circulator,
791 2141 857 2162 me-

152 2187 245 2218 dicus
264 2184 568 2217 circumforaneus:
596 2194 615 2213 a
633 2181 857 2221 Mountebank,

152 2249 171 2267 a
190 2237 297 2272 Quaclc
319 2235 435 2266 salver:
459 2234 514 2275 qui
543 2233 629 2264 collo
654 2237 690 2263 et
715 2233 856 2263 brachiis

152 2287 334 2328 implicitas
344 2283 608 2317 circumferebat
621 2284 856 2324 viperas‚quaz

153 2338 247 2368 velut
273 2336 419 2367 innoxiae
447 2339 575 2374 essent,
600 2334 854 2368 incantaverat3

151 2390 205 2420 vel
224 2388 385 2418 adversus
401 2386 574 2417 noxiarum
592 2394 721 2415 morsus
735 2394 770 2415 se
787 2394 854 2414 me-

151 2437 353 2469 dicamentis
383 2436 552 2467 munierat
576 2439 767 2473 sanaratve,
789 2444 854 2475 quo

153 2487 312 2518 tlieriacis
329 2491 363 2517 et
381 2483 674 2525 alexipharmacis‚
698 2493 772 2524 quae
798 2493 852 2514 ve-

152 2538 240 2569 nalia
256 2536 428 2578 gestabat,
444 2534 544 2565 fidem
560 2533 703 2565 faceret.

194 2591 213 2618 8
236 2587 333 2618 Pueri
344 2584 543 2625 salariorum]
564 2584 776 2616 Cetariorum
793 2592 849 2614 seu

151 2637 371 2679 ταριχοπώλων
391 2636 478 2668 servi
501 2641 537 2667 et
562 2635 634 2675 filii,
660 2635 852 2665 vilissimum

152 2699 257 2730 genus
274 2688 463 2719 bominum:
481 2685 735 2726 ταριχοπωλεῖον,
747 2685 852 2718 locus,

1519 172 1631 214 1107

929 267 984 297 ubi
1000 267 1120 308 τάριχοι
1138 280 1194 301 seu
1209 272 1412 303 salsamenta
1426 273 1631 315 venduntur,

927 319 1020 349 cibus
1039 321 1226 353 tenuiorum
1251 327 1286 354 et
1309 324 1524 357 rusticorum.
1567 327 1631 358 Ra-

925 370 1029 400 derus.

966 425 986 452 9
1011 422 1192 463 Fumantia]
1218 425 1322 465 Coqui
1340 426 1422 457 viles
1435 427 1627 460 circuibant

924 472 1077 512 popinas,
1093 483 1212 504 carues
1226 479 1260 505 et
1273 475 1340 505 alia
1355 475 1467 506 edulia
1479 478 1628 509 vendeu-

924 529 987 563 tes,
1003 529 1038 555 et
1057 526 1239 565 tomacula,
1260 536 1334 567 quae
1352 526 1524 559 farcimiua
1540 538 1629 570 quae-

923 574 1000 606 dam
1024 581 1122 606 erant
1151 586 1192 606 ex
1220 576 1378 608 carnibus
1403 578 1530 609 minute
1552 589 1628 610 con-

923 625 1011 656 cisis.
1056 626 1143 656 Haec
1161 625 1318 657 ferebant
1341 627 1375 657 iu
1400 628 1472 659 ollis
1489 638 1628 668 cooper-

922 676 976 711 tis,
1001 686 1066 716 quo
1084 675 1194 706 calida
1211 681 1349 706 essent:
1374 676 1517 717 ideoque
1539 678 1627 709 dixit

919 728 927 743 ‘
941 725 1128 763 fumantia‚’
1139 726 1172 756 id
1185 730 1249 765 est,
1261 735 1419 765 vaporem
1431 736 1470 757 ex
1485 736 1519 757 se
1531 728 1629 758 emit-

921 776 1042 808 tentia.
1076 776 1216 816 Raucus]
1246 776 1414 815 Clamore,
1445 776 1524 807 duni
1551 787 1626 818 pro-

919 826 1079 856 mercalia
1095 827 1247 857 clamitat
1263 827 1420 857 tomacla.

962 878 1001 906 10
1020 876 1140 915 Tepidis
1153 877 1326 916 cocus,&c.]
1341 877 1521 917 Coopertis
1537 878 1624 916 ollis,

919 927 972 956 vel
996 925 1219 958 calefactorio
1241 926 1399 967 subjecto
1415 937 1457 958 ue
1473 927 1623 968 intepes-

920 982 1010 1008 cant.

962 1030 998 1058 ll
1021 1029 1091 1058 Non
1108 1028 1252 1068 optimus,
1269 1027 1336 1067 δῖα]
1363 1028 1569 1059 Exodiorum
1587 1034 1621 1060 et

918 1076 1154 1108 Atellanarum
1184 1083 1294 1116 autor,
1317 1087 1427 1119 neque
1450 1079 1506 1109 ille
1531 1081 1619 1119 opti-

917 1136 999 1158 mus.
1016 1128 1069 1158 De
1083 1127 1213 1158 exodiis
1227 1134 1261 1158 et
1277 1127 1443 1158 Atellanis
1457 1129 1533 1159 vide
1545 1139 1619 1169 quae

915 1179 957 1210 ad
973 1180 1132 1211 Juvenal.
1150 1180 1264 1211 3.Sat.
1284 1182 1355 1211 175.
1371 1186 1404 1210 et
1422 1184 1452 1211 6.
1466 1183 1518 1212 71.
1538 1182 1620 1212 Tur·

915 1230 989 1260 neb.
1005 1230 1064 1260 lib.
1083 1233 1114 1260 3.
1132 1240 1208 1270 cap.
1228 1233 1281 1260 17.

957 1282 996 1310 12
1020 1280 1069 1311 De
1103 1279 1255 1319 Gadibus,
1281 1279 1351 1320 fisa]
1394 1281 1461 1313 Qui
1489 1282 1618 1320 puellas

913 1330 1139 1361 saltatriculas
1163 1339 1181 1360 e
1213 1330 1368 1361 Gadibus
1388 1331 1507 1371 insula,
1535 1332 1616 1362 levi-

914 1386 983 1412 tate
998 1387 1032 1411 et
1056 1381 1192 1411 lascivia
1210 1379 1371 1419 famosas,
1387 1382 1618 1413 circumduce==

914 1431 973 1461 bat
998 1431 1039 1461 ad
1063 1436 1242 1472 quaestum.
1288 1430 1392 1471 Atqui
1424 1432 1477 1462 hic
1505 1433 1617 1471 impro-

912 1482 967 1512 bus
997 1481 1145 1520 magister
1170 1486 1221 1512 est
1251 1481 1467 1521 πορνοβοσκός.
1512 1482 1615 1522 Apud

912 1532 1064 1563 Comicos
1080 1541 1172 1571 saepe
1196 1532 1205 1547 ⁴
1217 1531 1375 1571 Impurus
1392 1532 1466 1563 leno
1480 1533 1487 1545 ’
1508 1533 1546 1567 iis
1563 1538 1617 1562 est

911 1583 1048 1622 proprie
1064 1581 1222 1621 βδελυρός.
1261 1581 1452 1622 Improbus,
1482 1583 1614 1621 ἀναιδὴς,

911 1631 1161 1669 ἀπονενοημένος.

954 1685 992 1712 13
1023 1682 1123 1712 Vetula·
1139 1683 1261 1721 loquax,
1274 1681 1341 1721 ssa]
1357 1681 1538 1713 Perfrictae
1554 1693 1614 1723 per

908 1741 943 1762 se
970 1731 1091 1762 cin‘aedi
1119 1730 1222 1762 fronti
1249 1731 1358 1761 indies
1383 1731 1531 1771 adauget
1554 1733 1612 1763 ini-

910 1781 1105 1821 pudentiam
1120 1785 1154 1810 et
1168 1781 1408 1821 loquacitatem
1422 1787 1505 1813 aetas
1521 1783 1612 1814 vitiis

908 1831 1085 1862 indurata:
1111 1830 1169 1861 sed
1198 1836 1232 1861 et
1258 1831 1402 1870 intelligi
1427 1837 1541 1871 potest
1567 1832 1609 1863 de

909 1881 1135 1911 irrumatione.
1162 1879 1237 1910 vide
1251 1879 1360 1920 epigr.
1378 1882 1430 1912 28.
1448 1881 1470 1913 l.
1482 1884 1514 1913 2.
1531 1887 1567 1913 et
1585 1883 1609 1912 l.

910 1934 960 1962 ll.
974 1931 1084 1971 epigr.
1102 1933 1154 1961 62.

950 1984 989 2012 14
1015 1981 1119 2015 Quare
1140 1980 1253 2020 desine,
1268 1978 1336 2019 mu]
1361 1980 1475 2011 Quare
1492 1981 1608 2012 desine

908 2031 970 2062 tibi
1000 2031 1107 2061 videri
1135 2030 1282 2061 urbanus
1316 2035 1351 2061 et
1379 2030 1523 2071 facetus,
1553 2034 1610 2073 qui

905 2081 1120 2122 spurcissima
1133 2081 1205 2112 liaec
1223 2080 1389 2120 animalia,
1413 2087 1514 2123 atque
1537 2083 1609 2123 ipsa

907 2141 926 2161 u
933 2131 1000 2161 rbis
1008 2129 1186 2171 καθάρματα
1195 2130 1244 2161 καὶ
1252 2130 1443 2171 περιψὴματα
1456 2132 1498 2162 im
1504 2140 1562 2172 pro
1569 2133 1608 2162 ba

908 2182 1112 2213 scurrilitate
1129 2183 1227 2222 longe
1245 2191 1395 2221 superes·

952 2235 990 2263 16
1023 2232 1155 2262 Galbam
1183 2232 1309 2270 salibus,
1336 2232 1408 2272 Bra]
1430 2231 1605 2263 Caecilium

905 2283 1052 2315 Galbam
1069 2282 1214 2313 Caesaris
1224 2282 1368 2321 Augusti
1382 2283 1473 2312 illum
1486 2283 1605 2312 niorio-

905 2343 994 2371 nem,
1008 2332 1106 2373 quiin
1120 2332 1320 2362 Maecenatis
1337 2331 1476 2370 gratiam
1488 2332 1607 2363 doctus

905 2388 979 2414 erat
995 2382 1147 2422 vigilanti
1168 2387 1314 2412 stertere
1331 2390 1422 2412 naso.
1439 2382 1518 2413 Juv.
1532 2382 1604 2413 Sat.

904 2438 935 2464 5.
950 2443 1035 2464 vers,
1049 2435 1081 2463 4.

948 2487 986 2515 17
1006 2483 1113 2514 Possis
1136 2480 1270 2520 vincere]
1293 2482 1340 2512 Te
1367 2491 1461 2521 posse
1494 2486 1607 2522 putes·

903 2534 1047 2566 Sextium
1065 2531 1240 2571 Cuballum]
1264 2532 1422 2562 Scurram
1440 2532 1608 2571 dicacem,

902 2594 999 2626 quem
1021 2583 1173 2614 Raderus
1189 2582 1333 2613 Sestium
1362 2582 1499 2613 Gallum
1522 2592 1602 2613 vere

903 2634 968 2665 diei
997 2638 1107 2673 putat,
1132 2632 1174 2663 de
1201 2642 1267 2673 quo
1291 2632 1475 2662 Suetonius
1503 2641 1531 2663 c.
1549 2635 1603 2663 42.

903 2683 1043 2714 Tiberii.
