1866 3131
253 196 366 239 1298
723 206 866 236 NOTAE

250 311 393 349 tianum,
410 319 509 351 quem
537 308 660 341 acerbe
683 309 859 341 Juvenalis
884 319 953 340 mo·

250 361 376 392 mordit
398 361 468 393 Sat.
495 363 525 392 1.
547 365 581 391 et
596 364 626 392 4.
651 370 751 401 quem
768 365 801 391 et
817 369 951 390 vernam

250 411 450 452 AEgyptium
469 411 631 451 appellat.
658 411 739 441 Rau.

294 465 309 492 l
339 461 520 501 Tonantem]
549 462 673 494 Jovem
700 465 851 492 nostrum
879 462 951 492 Do·

249 510 438 543 mitianum.

291 563 311 592 2
338 561 403 592 Tua
419 561 575 602 Memphis
587 561 683 602 amet]
708 561 846 602 AEgypti
870 561 951 592 civi-

248 614 313 642 tas.
359 611 555 651 Crispinum
572 617 686 643 autem
702 610 808 642 fuisse
824 610 951 651 AEgyp-

248 661 332 692 tium
347 661 484 702 juratus
501 661 950 697 testabiturJuvenalis‚cui

246 713 360 753 Satyr.
376 716 405 743 1.
418 712 563 744 dicitur'‘
576 723 652 753 pars
670 713 811 745 Niliacae
829 711 950 753 plebis'

251 767 287 794 et
307 764 317 779 ‘
333 773 436 793 verna
451 763 607 803 Canopi.’

290 816 308 844 3
336 814 518 853 Parrhasia,
539 813 609 853 Sym]
632 813 803 844 Palatina.
837 813 949 853 Supra

247 863 368 904 Epigr.
383 868 437 895 55.
455 874 543 894 vers.
559 867 592 894 2.

288 919 306 945 5
325 915 429 954 Ande]
443 914 554 952 Ande,
572 924 591 944 ο
609 913 775 953 Crispine,
791 918 827 943 ut
845 913 948 943 lecto-

245 974 316 995 rem
341 965 441 995 decet
459 964 652 1003 candidum,
669 963 797 995 Caesari
822 964 947 1002 legenti

245 1015 419 1054 adspirare
436 1015 498 1045 hoc
514 1015 648 1055 eulogio
663 1025 671 1052 ;
700 1015 708 1030 ‘
724 1014 827 1045 Certe
843 1019 878 1044 et
894 1014 948 1044 hic

244 1065 413 1096 Martialis
429 1070 481 1096 est
497 1066 561 1096 aevi
585 1065 685 1106 hujus
702 1069 949 1105 ornamentum,

249 1115 280 1146 O
300 1115 438 1147 Caesar.’

286 1169 304 1197 7
330 1166 437 1197 Marso
456 1165 596 1205 Catullo]
619 1166 672 1196 De
696 1165 746 1196 his
772 1166 948 1206 Epigram-

904 205 1163 237 VARIORUM
1200 205 1249 235 ΙΝ

1008 312 1097 338 mate
1113 310 1166 338 71.
1184 311 1218 337 et
1234 309 1287 337 77.
1305 305 1380 337 libri
1396 309 1428 338 2.
1444 310 1479 337 et
1493 308 1545 337 62.
1563 306 1639 337 libri
1658 309 1685 337 1.

1051 361 1069 388 8
1104 358 1187 398 Deo]
1222 357 1431 393 Domitiano,
1466 356 1559 396 quasi
1590 356 1702 387 dicat:

1007 411 1054 440 Tu
1082 415 1212 441 tantum
1239 410 1288 439 illi
1319 418 1483 448 suggere:
1514 408 1587 448 ipse
1620 408 1708 448 Imp.

1005 461 1085 492 mihi
1117 462 1212 492 Deus
1249 460 1316 490 erit
1353 459 1487 490 abunde
1523 458 1707 490 beneficus.

1005 512 1093 543 Vide
1113 512 1234 552 Epigr.
1249 513 1281 541 8.
1299 509 1356 541 lib.
1374 514 1405 541 5.
1422 519 1510 540 vers.
1528 512 1558 540 l.

1046 563 1148 593 Eme.
1165 570 1194 592 c.
1241 564 1257 592 1
1284 561 1349 592 Per
1369 570 1472 600 reges,
1492 559 1562 600 ἐξα]
1585 559 1706 591 Patro-

1006 621 1065 643 nos
1081 611 1269 642 salutando.

1048 665 1067 693 2
1091 662 1229 701 Magnus
1243 662 1329 692 homo
1350 659 1395 700 es]
1430 660 1577 700 Magnus
1599 659 1708 691 videri

1005 712 1065 743 vis.
1109 713 1174 742 Vel
1205 722 1240 742 es
1267 722 1418 751 magnus,
1446 712 1562 747 malus,
1585 716 1709 747 mutim,

1004 762 1116 801 piscis.
1163 762 1317 803 Nequam
1343 771 1484 802 magnus
1518 762 1629 800 homo,
1660 761 1708 791 ait

1004 813 1165 843 Lucilius.

1047 864 1065 892 3
1091 861 1166 892 Sine
1194 865 1270 892 teste
1290 861 1389 902 fuciS,
1411 860 1482 901 Era]
1513 860 1631 901 Epigr.
1652 862 1707 891 61.

1004 922 1106 952 supra
1124 922 1209 942 vers.
1226 915 1258 943 6.

1046 966 1065 994 4
1092 963 1221 1002 Cautus,
1234 963 1371 1003 pulcher,
1395 961 1465 1002 Spa]
1504 962 1591 992 Dum
1615 971 1706 1002 mag-

1004 1021 1078 1051 nus,
1103 1018 1233 1053 cautus,
1254 1013 1407 1054 pulcher,
1425 1012 1531 1043 dulcis
1549 1021 1623 1043 esse
1646 1013 1707 1051 vis,

1004 1063 1115 1093 nullus
1133 1073 1181 1094 es.

1047 1113 1153 1144 EP16.
1170 1121 1217 1144 cr.
1263 1112 1351 1144 Vide
1366 1112 1485 1154 Epigr.
1499 1114 1553 1144 23.
1567 1111 1623 1143 lib.
1641 1115 1672 1142 6.

482 1504 1097 1554 EPIGRAMMATUM
1139 1503 1281 1551 LIB.
1322 1504 1468 1551 VIII.

282 1645 398 1676 EPIST.
420 1644 562 1684 Propter,
574 1643 642 1684 fisa]
660 1643 759 1676 Quod
773 1643 833 1674 tibi
846 1643 950 1675 dicati
1004 1648 1077 1675 tota
1092 1644 1286 1685 antiquitas.
1331 1645 1440 1675 Erant
1455 1647 1489 1674 et
1511 1641 1702 1683 περιῤῥαντή·

239 1700 331 1734 sunt,
345 1694 434 1736 quod
447 1699 484 1725 tu
500 1704 556 1724 eos
574 1694 645 1725 vita
660 1693 779 1734 dignos
796 1704 926 1725 censes.

284 1746 463 1784 Occasione,
479 1744 548 1784 θα]
583 1744 613 1775 Α
631 1745 726 1775 bellis
745 1745 812 1775 tuis
827 1750 861 1775 et
878 1745 946 1775 vic-

240 1796 346 1835 torii-²,
363 1796 492 1827 Dacica
504 1800 539 1826 et
556 1795 755 1835 Sarmatica,
769 1805 945 1836 argumen-

239 1853 275 1878 ta
287 1856 379 1886 saepe
397 1850 528 1886 petens.

283 1897 392 1928 Minus
402 1897 518 1936 itaque,
529 1895 597 1935 dra]
612 1896 620 1912 ‘
635 1895 750 1926 Facile
763 1899 813 1925 est
831 1895 942 1925 ventis

237 1947 319 1978 dare
354 1947 429 1977 vela
460 1945 630 1984 secundis,
666 1945 943 1986 Foecundumque

238 1997 344 2028 solum
363 1996 471 2027 varias
484 1996 615 2035 agitare
640 2004 699 2035 per
719 2000 822 2034 artes,
835 1993 943 2025 Auro-

238 2057 303 2088 que
327 2051 430 2087 atque
457 2045 552 2075 ebori
577 2044 680 2075 decus
703 2044 842 2083 addere,
867 2053 943 2074 cum

239 2098 331 2129 rudis
363 2098 437 2137 ipsa
463 2095 628 2126 Materies
652 2095 763 2125 niteat
779 2094 798 2125 ι’
822 2095 941 2125 Manil.

237 2152 268 2180 3.
295 2148 388 2179 Astr.
416 2151 451 2178 et
476 2146 671 2178 Callimach.
701 2145 744 2176 de
773 2145 944 2184 Apolline,

231 2201 322 2230 Ἔστι
343 2198 403 2239 ’γὰρ
431 2197 566 2235 εὕυμνος·
590 2196 635 2227 τίς
651 2195 688 2226 ἂν
711 2195 746 2226 οὐ
763 2194 817 2235 ῥέα
833 2197 942 2230 Φοῖβον

239 2251 347 2287 ἇεῖδυι;

283 2301 392 2331 Omnis
403 2297 523 2338 tersus]
548 2298 659 2330 Omne
674 2296 907 2337 Epigramma.

282 2351 432 2387 Quamvis
447 2353 561 2386 autem,
586 2347 654 2388 ἃς]
677 2347 764 2377 vide
793 2348 940 2387 Epistol.

235 2407 269 2434 4.
296 2403 352 2433 lib.
372 2404 403 2432 4.
430 2406 465 2431 et
489 2403 519 2431 3.
545 2398 605 2430 lib.
629 2399 658 2428 5.
685 2397 867 2428 Plin.Sec.
883 2406 941 2428 sua

237 2451 430 2484 excusantis
446 2447 744 2488 hendecasyllaba.

280 2500 478 2539 Meminerit]
502 2499 617 2530 Liber.

282 2552 353 2583 Non
368 2549 523 2590 7ιίεἰ,ᾅ·ε.]
547 2549 596 2578 Tu
624 2548 720 2578 Deus
746 2557 803 2578 es:
828 2547 889 2578 lib.
906 2552 937 2579 5.

237 2602 352 2642 Epigr.
378 2604 410 2631 8.
449 2600 506 2630 Dii
539 2602 653 2629 autem
685 2607 750 2627 non
782 2598 942 2638 adeundi,

235 2653 297 2682 nisi
314 2662 333 2682 a
348 2651 461 2690 castis,
477 2649 582 2689 puri-³,
606 2648 646 2678 ab
665 2648 753 2677 omni
781 2648 856 2678 labe
871 2650 937 2679 lus-

236 2703 345 2741 tratis,
371 2707 406 2732 et
423 2697 702 2740 περιῤῥαινομένοις.
750 2697 849 2729 Unde
873 2700 937 2730 lus-

236 2753 398 2784 trationes
414 2752 497 2791 illae,
513 2750 555 2781 de
574 2748 693 2790 quibus
720 2747 818 2787 plena
835 2760 936 2781 mauu

1001 1706 1061 1735 ρια,
1076 1694 1196 1735 quibus
1212 1693 1382 1734 ἐῤῥαῖνοντο
1408 1692 1457 1724 καὶ
1473 1693 1702 1733 ἐκαθαρεύοντο,

1002 1750 1181 1785 antequam
1196 1745 1228 1774 in
1242 1745 1403 1784 templum
1415 1744 1608 1774 introirent.
1625 1744 1705 1773 Cer-

1001 1795 1027 1825 ti
1045 1796 1134 1826 enim
1153 1795 1270 1825 aeditui
1286 1794 1356 1827 τοὺς
1376 1793 1526 1825 εἰσιόντας
1543 1803 1629 1836 aqua
1645 1794 1702 1823 ad-

1000 1845 1218 1885 spergebant.
1243 1845 1356 1885 Hujus
1370 1843 1616 1884 purificationis
1634 1853 1701 1874 me-

997 1894 1094 1923 minit
1126 1899 1161 1924 et
1183 1895 1400 1924 Sozomenus.
1451 1894 1546 1924 Ritus
1575 1894 1638 1926 iste
1668 1895 1700 1924 in

998 1943 1186 1974 Ecclesiam
1204 1944 1430 1975 Christianam
1454 1950 1574 1984 postea
1600 1944 1703 1975 ‹levo-

997 1994 1098 2025 lutus.
1145 1995 1316 2026 Caeterum
1342 1994 1418 2025 Diis
1444 1995 1584 2035 Superis
1601 2005 1700 2025 sacra

997 2043 1122 2075 facturi
1139 2054 1260 2084 corpus
1277 2045 1400 2084 saepius
1418 2044 1601 2075 abluebant
1618 2056 1625 2075 :
1644 2045 1700 2074 ln-

995 2094 1075 2126 feris
1093 2104 1172 2125 vero
1188 2093 1439 2135 adspergebaut
1453 2099 1596 2126 tantum.
1611 2094 1698 2125 Vide

996 2145 1152 2176 Maeror).
1180 2145 1238 2176 lib.
1259 2148 1288 2176 3.
1312 2146 1450 2176 saturn.
1474 2154 1550 2185 cap.
1577 2148 1606 2176 l.
1632 2145 1697 2176 He-

996 2196 1114 2226 raldus.

1038 2247 1142 2276 EPIG.
1161 2255 1185 2276 1.
1209 2245 1323 2283 Libro,
1346 2246 1539 2277 Palatinam
1563 2246 1696 2277 domum

993 2297 1197 2338 ingressuro,
1214 2298 1352 2328 mandat
1374 2298 1552 2328 verborum
1572 2307 1699 2328 rerum-

994 2358 1059 2389 que
1076 2347 1313 2378 verecundiam
1336 2354 1370 2378 et
1387 2348 1626 2378 reverentiam.

1038 2401 1053 2428 1
1078 2397 1280 2437 Laurigeros]
1306 2398 1476 2429 Palatium
1491 2404 1695 2438 propterte—

991 2453 1124 2479 centeax
1144 2448 1320 2478 victoriam
1332 2448 1555 2480 Sarmaticam
1567 2449 1695 2479 laurea-

993 2506 1083 2530 tum:
1111 2500 1260 2539 quamvis
1278 2504 1312 2530 et
1329 2498 1503 2539 Augustas
1516 2498 1606 2530 fores
1621 2509 1695 2539 per-

992 2555 1097 2591 petua
1114 2551 1258 2581 ornabat
1279 2552 1404 2582 laurus.
1450 2550 1594 2590 Domini]
1630 2550 1696 2580 Do-

993 2601 1136 2632 mitiani.

1034 2654 1052 2682 3
1079 2652 1184 2688 Nuda,
1213 2653 1328 2690 recede,
1361 2651 1479 2692 Venus]
1503 2650 1692 2681 Verborum

991 2702 1142 2741 lascivia,
1160 2712 1233 2743 quae
1248 2702 1372 2733 Veneri
1387 2703 1438 2732 vel
1456 2701 1553 2732 nuda?
1571 2710 1692 2731 conve·=

991 2751 1098 2783 niam.
1144 2751 1197 2781 Ad
1225 2752 1395 2792 picturam
1422 2751 1523 2782 etiam
1552 2750 1694 2780 Veneris
