1866 3131
402 184 450 212 M.
484 182 594 211 VAL.

144 278 198 308 vel
216 277 317 308 Philo
334 276 547 308 Platonissat
563 287 570 307 :
604 281 683 308 uter
708 274 775 306 utri
792 283 846 305 ac·

144 334 283 369 ceptum
299 327 389 359 ferat
406 327 583 368 utriusque
600 328 767 366 interpres
778 333 844 355 non

97 390 100 392 ’
144 379 244 409 dico:
283 388 399 409 verum
430 378 492 409 boc
524 378 744 418 Epigramma
769 374 845 405 vide

144 437 341 468 expressum
371 428 484 468 Satyr.
504 430 535 458 6.
557 426 733 459 „Iuvenalis
756 434 845 456 vers.

146 480 217 508 196.
233 478 426 518 ibidemque
443 477 648 517 expositum.

188 528 294 559 Eme.
314 536 418 559 xxrv.
455 526 623 558 Lasciviae
650 525 683 556 id
715 533 786 555 esse
811 524 844 554 in

144 578 342 609 Charisiano
352 579 501 618 jocatur,
526 575 615 617 quod
629 584 749 606 revera
765 584 845 615 pau-

145 629 291 668 pertatis
309 632 404 658 erat:
429 633 466 658 ut
483 627 536 657 cui
554 636 620 657 non
648 630 723 656 erat
740 624 844 656 vestis

144 679 329 709 coenatoria
347 687 446 718 quam
472 680 622 707 sumeret
637 676 671 706 in
687 675 847 706 Saturna-

144 729 242 768 libus,
267 728 324 759 ubi
352 729 536 759 Senatores
554 732 590 757 et
606 726 739 767 equites
756 725 847 766 posi-

144 780 188 809 tis
205 779 291 819 togis
316 777 506 809 induebant
532 777 722 818 syntheses.
757 775 846 806 Vide

143 830 262 871 Epigr.
279 832 351 860 141.
370 829 427 860 lib.
441 832 490 860 14.
508 834 543 859 et
572 828 665 868 Lips.
679 830 707 858 1.
731 828 802 858 Sat.
817 830 846 859 1.

143 880 266 921 ffique,
284 880 404 921 inquit,
430 879 592 911 lascivum
617 883 672 910 est
700 879 847 918 gravita-

144 936 212 961 tem
244 931 418 969 inducere,
448 930 506 961 ubi
531 930 650 961 caeteri
690 939 751 970 pro
778 929 845 960 ritu

143 981 290 1012 civitatis
318 981 507 1021 lasciviunt,
536 990 575 1012 ac
605 980 761 1012 lascivire
789 980 846 1011 ubi

142 1031 261 1061 caeteri
280 1031 374 1062 cives
389 1032 506 1072 gravia
522 1036 637 1070 agunt.

186 1081 289 1112 Epio.
302 1090 391 1112 xxv.
415 1082 653 1112 Marcellinum
672 1081 705 1112 in
721 1082 845 1118 Dacia,

142 1130 301 1162 tirocinia
319 1131 481 1162 militaria
501 1138 698 1172 ponentem,
721 1139 848 1173 monet,

143 1186 179 1212 ut
194 1187 296 1213 caute
310 1180 409 1212 fortis
426 1183 490 1213 sit:
510 1183 603 1213 illum
618 1184 846 1224 nibilominus,

142 1238 179 1263 ut
217 1233 387 1273 Ulyssem,
427 1233 573 1273 patriam
620 1244 849 1275 propugnare,

141 1283 238 1323 eique
255 1283 358 1314 decus
384 1283 576 1315 immortale
603 1294 722 1324 parere
738 1295 848 1326 posse.

143 1333 225 1364 Rad.

187 1388 202 1416 1
227 1385 360 1417 Sincera
382 1387 538 1428 parentis]
570 1388 848 1429 Vera‚ingenua‚

141 1436 289 1477 ingenio,
306 1437 467 1477 moribus,
492 1445 632 1478 pectore
650 1443 781 1479 patrem
798 1449 849 1470 re·

141 1486 270 1527 ferens,
286 1487 385 1518 fortis
402 1488 479 1519 forti
498 1495 632 1520 create:
659 1499 778 1530 purum
792 1500 847 1520 au-

144 1548 215 1568 rum
233 1548 252 1568 a
270 1548 352 1578 puro
367 1548 460 1570 auro.

186 1591 204 1618 2
231 1589 402 1619 Parrhasio
419 1599 516 1628 quem,
535 1589 604 1629 8502]
643 1590 711 1622 Qui
738 1599 847 1620 mere-

144 1639 189 1668 ris
220 1643 296 1678 tyro
319 1639 350 1669 in
383 1639 508 1677 Dacia,
535 1649 610 1680 quae
636 1644 773 1679 spectat
804 1640 846 1670 ad

142 1690 439 1730 Septentrionem:
456 1690 621 1721 militasse
635 1699 710 1721 enm
729 1691 762 1721 in
781 1692 848 1722 Da-

146 1741 193 1770 cis
209 1746 244 1771 et
269 1740 370 1771 Getis
389 1745 559 1771 testantur
576 1741 694 1781 Epigr.
709 1743 763 1772 46.
787 1741 847 1773 lib.

144 1794 175 1820 9.
193 1796 228 1821 et
256 1791 373 1830 Epigr.
388 1794 440 1821 79.
463 1790 520 1821 lib.
535 1793 566 1821 7.
592 1791 643 1821 De
660 1792 844 1822 Parrhasia

144 1851 231 1879 ursa,
248 1841 323 1871 vide
340 1850 425 1871 vers.
439 1844 469 1871 3.
487 1841 605 1881 Epigr.
619 1844 670 1872 ll.
686 1842 746 1873 lib.
760 1846 791 1873 4.

186 1894 205 1922 3
229 1890 303 1930 Ille]
327 1891 411 1931 Ego.
453 1891 588 1922 Patrius
610 1891 742 1932 amicus]
768 1892 846 1924 Fuit

142 1942 230 1972 enim
259 1941 436 1972 familiaris
465 1943 570 1982 patri,
599 1943 695 1984 cujus
726 1953 846 1975 caussa

143 1993 270 2023 amavit
285 1992 401 2024 filium.

185 2047 203 2075 7
229 2044 320 2075 Bella
348 2045 456 2084 velint,
482 2044 552 2085 δῖα]
588 2045 735 2076 Temere
762 2055 846 2087 pug-

143 2099 226 2126 nent
242 2094 370 2134 furiosi,
399 2100 435 2126 tu
459 2100 560 2126 caute
585 2100 620 2126 et
644 2097 693 2126 uti
722 2096 844 2127 foi-tem

142 2145 264 2183 decet;
309 2145 365 2186 qui
396 2146 485 2176 ‘non
525 2145 670 2186 timebit,
708 2148 845 2178 cavebit

143 2197 282 2226 tamem
307 2195 427 2226 Senec.
460 2196 571 2236 Epist.
594 2199 647 2227 85.
674 2201 710 2228 et
740 2197 845 2230 Arist.

144 2246 221 2278 Eth.
235 2248 265 2277 3.
292 2247 349 2278 lib.
380 2247 483 2279 habes
505 2249 594 2279 enim
619 2248 653 2279 in
672 2253 705 2280 te
721 2249 843 2280 artium

143 2302 341 2328 ornamenta
357 2297 479 2339 quibus
504 2303 638 2339 togatus
653 2308 718 2330 non
735 2300 843 2332 miuus

143 2357 242 2387 quam
271 2352 420 2378 armatus
447 2349 593 2388 patriam
619 2350 843 2382 cohonestare

142 2397 268 2437 possis:
283 2397 293 2414 ‘
307 2398 405 2430 Licet
422 2399 551 2430 eminus
566 2409 639 2432 esse
656 2401 818 2432 Fortibus
833 2412 841 2433 :

145 2448 264 2480 Antaeo
281 2449 400 2480 nocuit
417 2450 597 2482 temeraria
612 2451 744 2483 virtus.'

186 2500 407 2531 Emmxxvi.
446 2503 462 2531 l
497 2501 705 2533 Periclitatur
729 2502 845 2544 capite]

144 2549 328 2590 Injudicio
347 2550 394 2580 rei
411 2549 571 2582 dicuntur
600 2552 609 2568 ‘
623 2553 737 2592 capite
755 2553 843 2593 peri-

144 2600 278 2632 clitari.'
316 2601 477 2632 Sotadem
493 2602 635 2642 λείχονα,
648 2604 773 2644 capitis
791 2605 844 2636 vel

144 2652 211 2682 oris
238 2651 428 2683 ministerio
452 2653 538 2684 male
570 2663 678 2694 usum,
707 2655 843 2696 ‘capite

144 2701 352 2742 periclitari’
383 2703 442 2735 ait.
499 2703 565 2737 Qui
591 2704 733 2746 patitur,
761 2707 843 2738 ‘ore

627 179 901 210 MAR'riALls
939 180 1096 209 Ei‘iGR.
1135 179 1225 208 Llss.
1263 180 1322 207 xi.

1487 168 1600 209 1257

898 272 1097 311 morigerari
1109 273 1129 310 ;’
1147 273 1201 313 qui
1215 273 1297 313 agit,
1307 274 1315 289 ‘
1327 271 1434 313 capiti
1447 270 1602 302 illudere'

898 324 1026 354 rectius
1043 329 1077 353 et
1094 323 1252 364 ambigue
1271 324 1407 354 dicitur.

939 374 1044 404 Eme.
1071 382 1190 404 xxvn.
1243 375 1414 414 Nepotem
1454 374 1600 405 vicinum

895 424 1052 455 hortatur
1070 424 1110 454 ad
1129 425 1294 463 genialem
1316 425 1430 456 vitam.

942 477 957 505 l
991 474 1053 504 Bis
1081 474 1180 505 ticine
1211 475 1327 514 Nepos,
1352 475 1422 515 εγω]
1459 473 1602 514 Duplici

896 524 995 555 modo
1009 525 1056 555 ait
1071 525 1241 565 Nepotem
1258 525 1322 555 sibi
1339 535 1412 556 esse
1431 525 1576 556 vicinum
1593 533 1600 553 :

897 574 1005 615 primo
1037 575 1070 605 in
1105 574 1188 605 urbe
1227 575 1334 606 Roma
1368 575 1459 606 circa
1494 575 1600 606 Florae

897 625 1086 666 templum:
1122 630 1193 656 tum
1217 625 1250 656 in
1280 625 1428 664 Sabinis,
1457 625 1601 656 Ficelia-

898 685 972 706 rum
994 674 1146 716 oppido:
1171 676 1261 706 inter
1278 675 1368 716 quod
1395 680 1430 706 et
1456 675 1604 705 Nomen-

897 731 968 757 tum
987 727 1156 758 Martialis
1169 727 1334 768 praedium
1347 726 1478 757 babuit.
1504 726 1602 757 Cluv.

897 777 976 808 Ital.
993 778 1061 809 1.2.
1087 781 1156 810 c.9.
1183 779 1332 809 Proxima
1348 777 1457 818 Flora]
1483 777 1603 817 Epiur.

897 831 951 859 23.
968 828 990 859 l.
1003 832 1035 860 5.
1054 837 1139 859 vers.
1153 832 1185 860 4.

940 881 959 910 2
985 879 1134 920 Ficelz'as]
1174 878 1352 920 Oppidum
1391 878 1422 909 in
1461 877 1605 908 Sabinis.

898 927 968 960 Alii
1000 929 1066 970 leg.
1108 930 1292 969 Fregelias:
1335 929 1391 960 alii
1425 928 1604 959 Fit-educas.-

897 979 980 1011 iliud
995 979 1117 1020 frigide
1141 990 1222 1012 sane
1246 984 1282 1011 et
1308 984 1430 1010 contra
1447 988 1600 1009 versum:

897 1031 961 1062 hoc
978 1041 1075 1073 aeque
1091 1032 1236 1064 obscure
1248 1041 1287 1062 ae
1300 1031 1463 1062 Ficelias:
1488 1029 1604 1060 rurine

898 1083 1008 1114 illaene
1026 1082 1166 1123 fuerint,
1183 1094 1224 1114 an
1245 1084 1278 1114 in
1302 1083 1408 1113 urbe:
1436 1081 1492 1112 alii
1510 1081 1603 1112 Ficu-

898 1133 972 1164 leus.
1000 1132 1087 1163 Vide
1106 1133 1210 1164 Brod.
1240 1133 1386 1163 Misceil.
1412 1134 1463 1162 10.
1483 1131 1539 1162 lib.
1551 1134 1604 1163 28.

899 1192 973 1223 cap.

941 1237 960 1265 3
987 1235 1045 1265 Est
1060 1234 1134 1274 tibi]
1157 1234 1356 1265 Procreasti
1374 1234 1477 1265 filiam
1495 1233 1543 1264 tui
1561 1233 1604 1264 si-

899 1285 1088 1322 millimam,
1104 1295 1177 1326 qnae
1206 1286 1307 1325 plane
1326 1284 1433 1315 refert
1449 1284 1604 1315 omnibus

900 1337 966 1367 oris
998 1336 1216 1367 lineamentis
1252 1341 1400 1376 patrem,
1428 1335 1515 1376 quod
1555 1343 1606 1364 ar-

899 1392 1062 1427 gumento
1079 1393 1146 1426 est,
1178 1397 1252 1417 esse
1279 1387 1341 1417 tibi
1365 1396 1505 1417 uxorem
1533 1395 1607 1416 cas-

900 1443 982 1477 tam,
999 1443 1035 1468 et
1063 1437 1164 1468 filiam
1190 1438 1275 1468 hanc
1292 1437 1491 1478 legitimam.
1521 1436 1603 1466 Rau.

899 1488 1011 1518 Patris
1040 1489 1198 1526 signatur,
1226 1487 1296 1527 ira]
1348 1487 1404 1517 Sic
1444 1485 1600 1517 Catullus

898 1538 931 1568 in
957 1538 1086 1578 nuptiis
1114 1537 1216 1569 Juiiae
1247 1543 1282 1568 et
1305 1536 1492 1577 Torquati:
1529 1535 1605 1566 ‘Sit

899 1596 958 1617 suo
975 1587 1091 1618 similis
1108 1586 1225 1628 patri,’
1242 1590 1306 1618 ἃς.
1324 1596 1414 1626 mox,
1426 1588 1435 1602 ⁶
1451 1587 1495 1616 Et
1508 1585 1606 1626 pudi-

899 1637 1014 1668 citiam
1044 1647 1112 1668 snae
1141 1637 1258 1667 matris
1290 1636 1420 1673 indicet
1446 1635 1544 1666 ore:'
1568 1640 1605 1666 et

901 1687 1027 1718 Horat.
1057 1687 1065 1702 ‘
1083 1687 1277 1717 Laudamur
1302 1687 1402 1716 simili
1430 1685 1526 1726 prole
1544 1694 1604 1725 pu·

899 1738 1056 1779 erperae?

941 1793 960 1819 5
988 1789 1035 1819 Tu
1064 1792 1166 1819 tamen
1181 1798 1305 1827 annoso,
1320 1787 1391 1827 δικ]
1428 1787 1479 1818 Ne
1500 1795 1603 1827 parce

899 1840 1008 1869 veteri
1036 1839 1126 1876 vino,
1160 1848 1274 1868 verum
1315 1838 1392 1869 bibe
1437 1838 1486 1868 uti
1525 1843 1604 1868 ante

898 1895 1011 1921 natam
1029 1889 1131 1920 filiam
1148 1900 1156 1920 :
1181 1899 1243 1921 nec
1262 1889 1407 1920 reconde
1424 1889 1515 1927 vina,
1544 1889 1603 1919 sed

898 1939 1111 1970 nnmmosilli
1127 1939 1384 1981 relinquendos,
1402 1940 1604 1980 Epignmi·

897 1989 958 2021 lib.
974 1992 1023 2020 13.

940 2043 958 2072 7
986 2039 1141 2080 Muscam]
1168 2040 1245 2071 Non
1261 2040 1372 2070 vinum
1400 2050 1418 2070 a
1436 2045 1469 2071 te
1487 2049 1606 2071 recon-

898 2089 1019 2129 ditum,
1035 2090 1094 2120 sed
1112 2091 1203 2131 quod
1229 2091 1302 2130 ipsa
1326 2091 1423 2130 levit,
1450 2096 1485 2121 et
1510 2090 1601 2131 quod

896 2151 972 2172 cum
990 2141 1066 2180 ipsa
1081 2141 1179 2171 simul
1196 2147 1432 2173 consenescat.

940 2195 959 2223 8
981 2192 1153 2231 Amphora,
1169 2191 1238 2231 Sym]
1261 2192 1338 2225 Quo
1355 2192 1445 2223 enim
1461 2192 1529 2231 die,
1542 2202 1601 2223 seu

897 2252 982 2280 mas,
1012 2251 1072 2272 seu
1105 2241 1246 2271 foemina
1276 2247 1372 2281 nata,
1405 2241 1602 2273 condebant

896 2292 1009 2323 vinum
1031 2300 1168 2330 novum,
1193 2296 1230 2322 ut
1245 2301 1321 2322 cum
1350 2292 1444 2332 prole
1468 2302 1601 2324 cresce-

896 2348 960 2384 ret,
978 2348 1013 2374 et
1029 2342 1083 2373 die
1100 2342 1207 2373 natali
1232 2342 1310 2373 inde
1335 2348 1466 2374 tantum
1490 2343 1602 2375 hauri-

895 2399 1000 2425 retur.

937 2448 958 2475 9
984 2442 1115 2474 Coecuba
1127 2452 1187 2474 non
1199 2443 1370 2484 solos‚.5-c.]
1404 2443 1483 2474 Non
1508 2444 1600 2476 orbis

895 2498 1039 2533 tantum,
1055 2493 1113 2524 sed
1132 2497 1169 2524 et
1184 2492 1224 2522 iis
1248 2493 1305 2533 qui
1322 2493 1444 2525 liberos
1462 2494 1602 2534 habent,

895 2546 998 2576 liceat
1036 2543 1215 2585 genialiter
1239 2543 1354 2575 vivere
1389 2549 1424 2576 et
1459 2546 1599 2577 Caecubi

896 2596 1039 2628 culullos
1056 2594 1246 2625 exhaurire.

950 2647 1055 2677 Epm.
1082 2653 1217 2675 xan.
1252 2647 1267 2675 1
1303 2644 1464 2686 Libertus]
1502 2645 1597 2687 Lege

897 2697 1076 2740 epicedion
1107 2696 1262 2728 Glauciae
1295 2696 1452 2728 Melioris
1481 2697 1542 2729 lib.
1564 2701 1598 2730 2.
