<?xml version="1.0" encoding="UTF-8"?>
<!DOCTYPE html PUBLIC "-//W3C//DTD XHTML 1.0 Transitional//EN"
    "http://www.w3.org/TR/xhtml1/DTD/xhtml1-transitional.dtd">
<html xmlns="http://www.w3.org/1999/xhtml" xml:lang="en" lang="en">
 <head>
  <title>
</title>
<meta http-equiv="Content-Type" content="text/html;charset=utf-8" />
  <meta name='ocr-system' content='tesseract 3.04.00' />
  <meta name='ocr-capabilities' content='ocr_page ocr_carea ocr_par ocr_line ocrx_word'/>
</head>
<body>
  <div class='ocr_page' id='page_1' title='image "./epigrammataexedi03martuoft_0341.png"; bbox 0 0 1866 3131; ppageno 0'>
   <div class='ocr_carea' id='block_1_1' title="bbox 412 180 603 210">
    <p class='ocr_par' dir='ltr' id='par_1_1' title="bbox 412 180 603 210">
     <span class='ocr_line' id='line_1_1' title="bbox 412 180 603 210; baseline 0.005 -2"><span class='ocrx_word' id='word_1_1' title='bbox 412 182 459 210; x_wconf 80' lang='lat' dir='ltr'><strong>M.</strong></span> <span class='ocrx_word' id='word_1_2' title='bbox 494 180 603 210; x_wconf 76' lang='lat' dir='ltr'><strong>VAL.</strong></span> 
     </span>
    </p>
   </div>
   <div class='ocr_carea' id='block_1_2' title="bbox 154 273 876 2791">
    <p class='ocr_par' dir='ltr' id='par_1_2' title="bbox 154 273 876 2791">
     <span class='ocr_line' id='line_1_2' title="bbox 154 273 850 315; baseline -0.004 -10"><span class='ocrx_word' id='word_1_3' title='bbox 154 273 438 315; x_wconf 77' lang='lat' dir='ltr'><strong>projectissiinam</strong></span> <span class='ocrx_word' id='word_1_4' title='bbox 477 283 550 305; x_wconf 89' lang='lat' dir='ltr'><strong>esse</strong></span> <span class='ocrx_word' id='word_1_5' title='bbox 589 274 632 304; x_wconf 87' lang='lat' dir='ltr'><strong>ad</strong></span> <span class='ocrx_word' id='word_1_6' title='bbox 674 273 850 304; x_wconf 83' lang='lat' dir='ltr'>libidinem</span> 
     </span>
     <span class='ocr_line' id='line_1_3' title="bbox 154 322 852 365; baseline -0.003 -10"><span class='ocrx_word' id='word_1_7' title='bbox 154 330 301 365; x_wconf 70' lang='lat' dir='ltr'><strong>gentem,</strong></span> <span class='ocrx_word' id='word_1_8' title='bbox 331 329 407 355; x_wconf 86' lang='lat' dir='ltr'><strong>utut</strong></span> <span class='ocrx_word' id='word_1_9' title='bbox 437 324 612 364; x_wconf 81' lang='lat' dir='ltr'>religione,</span> <span class='ocrx_word' id='word_1_10' title='bbox 638 322 852 362; x_wconf 90' lang='lat' dir='ltr'><strong>commercio,</strong></span> 
     </span>
     <span class='ocr_line' id='line_1_4' title="bbox 154 373 852 413; baseline -0.003 -7"><span class='ocrx_word' id='word_1_11' title='bbox 154 376 284 413; x_wconf 81' lang='lat' dir='ltr'><strong>officiis,</strong></span> <span class='ocrx_word' id='word_1_12' title='bbox 310 381 343 406; x_wconf 88' lang='lat' dir='ltr'><strong>et</strong></span> <span class='ocrx_word' id='word_1_13' title='bbox 368 375 552 406; x_wconf 86' lang='lat' dir='ltr'>concubitu</span> <span class='ocrx_word' id='word_1_14' title='bbox 577 376 761 405; x_wconf 82' lang='lat' dir='ltr'><strong>alienorum</strong></span> <span class='ocrx_word' id='word_1_15' title='bbox 780 373 852 405; x_wconf 85' lang='lat' dir='ltr'><strong>abs-</strong></span> 
     </span>
     <span class='ocr_line' id='line_1_5' title="bbox 156 423 851 466; baseline -0.003 -9"><span class='ocrx_word' id='word_1_16' title='bbox 156 428 264 457; x_wconf 87' lang='lat' dir='ltr'><strong>tinere</strong></span> <span class='ocrx_word' id='word_1_17' title='bbox 289 425 489 466; x_wconf 81' lang='lat' dir='ltr'>professam:</span> <span class='ocrx_word' id='word_1_18' title='bbox 512 425 590 456; x_wconf 86' lang='lat' dir='ltr'><strong>Scio</strong></span> <span class='ocrx_word' id='word_1_19' title='bbox 617 425 736 456; x_wconf 86' lang='lat' dir='ltr'><strong>itidem</strong></span> <span class='ocrx_word' id='word_1_20' title='bbox 762 423 851 465; x_wconf 80' lang='lat' dir='ltr'><strong>apud</strong></span> 
     </span>
     <span class='ocr_line' id='line_1_6' title="bbox 156 473 852 516; baseline -0.003 -10"><span class='ocrx_word' id='word_1_21' title='bbox 156 486 214 507; x_wconf 88' lang='lat' dir='ltr'><strong>vos</strong></span> <span class='ocrx_word' id='word_1_22' title='bbox 242 475 385 516; x_wconf 80' lang='lat' dir='ltr'><strong>profana</strong></span> <span class='ocrx_word' id='word_1_23' title='bbox 409 485 482 506; x_wconf 89' lang='lat' dir='ltr'><strong>esse</strong></span> <span class='ocrx_word' id='word_1_24' title='bbox 511 476 634 515; x_wconf 84' lang='lat' dir='ltr'><strong>onmia,</strong></span> <span class='ocrx_word' id='word_1_25' title='bbox 661 485 735 516; x_wconf 83' lang='lat' dir='ltr'><strong>quae</strong></span> <span class='ocrx_word' id='word_1_26' title='bbox 763 473 852 515; x_wconf 87' lang='lat' dir='ltr'><strong>apud</strong></span> 
     </span>
     <span class='ocr_line' id='line_1_7' title="bbox 156 525 852 566; baseline -0.003 -8"><span class='ocrx_word' id='word_1_27' title='bbox 156 537 215 558; x_wconf 86' lang='lat' dir='ltr'><strong>nos</strong></span> <span class='ocrx_word' id='word_1_28' title='bbox 230 537 346 558; x_wconf 90' lang='lat' dir='ltr'><strong>sacra:</strong></span> <span class='ocrx_word' id='word_1_29' title='bbox 370 527 446 558; x_wconf 92' lang='lat' dir='ltr'><strong>Scio</strong></span> <span class='ocrx_word' id='word_1_30' title='bbox 462 526 551 566; x_wconf 89' lang='lat' dir='ltr'><strong>apud</strong></span> <span class='ocrx_word' id='word_1_31' title='bbox 572 536 629 557; x_wconf 90' lang='lat' dir='ltr'><strong>vos</strong></span> <span class='ocrx_word' id='word_1_32' title='bbox 646 526 736 566; x_wconf 85' lang='lat' dir='ltr'><strong>ipsos</strong></span> <span class='ocrx_word' id='word_1_33' title='bbox 753 525 852 557; x_wconf 80' lang='lat' dir='ltr'><strong>fidem</strong></span> 
     </span>
     <span class='ocr_line' id='line_1_8' title="bbox 157 576 855 615; baseline -0.003 -6"><span class='ocrx_word' id='word_1_34' title='bbox 157 587 231 609; x_wconf 85' lang='lat' dir='ltr'><strong>esse</strong></span> <span class='ocrx_word' id='word_1_35' title='bbox 261 577 477 615; x_wconf 84' lang='lat' dir='ltr'>obstinatam,</span> <span class='ocrx_word' id='word_1_36' title='bbox 508 576 670 608; x_wconf 87' lang='lat' dir='ltr'><strong>adversus</strong></span> <span class='ocrx_word' id='word_1_37' title='bbox 696 577 780 607; x_wconf 91' lang='lat' dir='ltr'><strong>alios</strong></span> <span class='ocrx_word' id='word_1_38' title='bbox 808 577 855 607; x_wconf 92' lang='lat' dir='ltr'><strong>le-</strong></span> 
     </span>
     <span class='ocr_line' id='line_1_9' title="bbox 157 626 854 668; baseline -0.001 -10"><span class='ocrx_word' id='word_1_39' title='bbox 157 638 252 660; x_wconf 82' lang='lat' dir='ltr'><strong>vem:</strong></span> <span class='ocrx_word' id='word_1_40' title='bbox 282 628 361 659; x_wconf 92' lang='lat' dir='ltr'><strong>Scio</strong></span> <span class='ocrx_word' id='word_1_41' title='bbox 389 628 491 658; x_wconf 84' lang='lat' dir='ltr'><strong>nihilo</strong></span> <span class='ocrx_word' id='word_1_42' title='bbox 519 637 579 658; x_wconf 90' lang='lat' dir='ltr'><strong>vos</strong></span> <span class='ocrx_word' id='word_1_43' title='bbox 610 627 704 668; x_wconf 88' lang='lat' dir='ltr'><strong>prius</strong></span> <span class='ocrx_word' id='word_1_44' title='bbox 736 626 854 665; x_wconf 90' lang='lat' dir='ltr'><strong>imbui,</strong></span> 
     </span>
     <span class='ocr_line' id='line_1_10' title="bbox 158 677 856 720; baseline -0.003 -11"><span class='ocrx_word' id='word_1_45' title='bbox 158 689 256 720; x_wconf 91' lang='lat' dir='ltr'><strong>qnam</strong></span> <span class='ocrx_word' id='word_1_46' title='bbox 273 682 491 709; x_wconf 84' lang='lat' dir='ltr'><strong>contemnere</strong></span> <span class='ocrx_word' id='word_1_47' title='bbox 513 678 605 708; x_wconf 85' lang='lat' dir='ltr'><strong>Deos</strong></span> <span class='ocrx_word' id='word_1_48' title='bbox 625 677 768 715; x_wconf 89' lang='lat' dir='ltr'><strong>alienos,</strong></span> <span class='ocrx_word' id='word_1_49' title='bbox 784 686 856 707; x_wconf 89' lang='lat' dir='ltr'><strong>ves-</strong></span> 
     </span>
     <span class='ocr_line' id='line_1_11' title="bbox 157 727 854 768; baseline -0.004 -8"><span class='ocrx_word' id='word_1_50' title='bbox 157 735 246 760; x_wconf 85' lang='lat' dir='ltr'><strong>trum</strong></span> <span class='ocrx_word' id='word_1_51' title='bbox 264 730 369 760; x_wconf 89' lang='lat' dir='ltr'><strong>solum</strong></span> <span class='ocrx_word' id='word_1_52' title='bbox 386 728 513 767; x_wconf 86' lang='lat' dir='ltr'><strong>colere,</strong></span> <span class='ocrx_word' id='word_1_53' title='bbox 528 727 650 764; x_wconf 90' lang='lat' dir='ltr'><strong>vereri,</strong></span> <span class='ocrx_word' id='word_1_54' title='bbox 668 728 854 768; x_wconf 72' lang='lat' dir='ltr'><strong>respicere,</strong></span> 
     </span>
     <span class='ocr_line' id='line_1_12' title="bbox 156 777 855 818; baseline -0.006 -7"><span class='ocrx_word' id='word_1_55' title='bbox 156 782 221 811; x_wconf 61' lang='grc' dir='ltr'><strong>δίε.</strong></span> <span class='ocrx_word' id='word_1_56' title='bbox 236 779 342 810; x_wconf 84' lang='lat' dir='ltr'>Tacit.</span> <span class='ocrx_word' id='word_1_57' title='bbox 360 782 392 809; x_wconf 90' lang='grc'><strong>5.</strong></span> <span class='ocrx_word' id='word_1_58' title='bbox 406 778 534 809; x_wconf 80' lang='lat' dir='ltr'><strong>Histor.</strong></span> <span class='ocrx_word' id='word_1_59' title='bbox 559 777 727 810; x_wconf 78' lang='lat' dir='ltr'>Quoniam</span> <span class='ocrx_word' id='word_1_60' title='bbox 739 777 855 818; x_wconf 82' lang='lat' dir='ltr'><strong>itaque</strong></span> 
     </span>
     <span class='ocr_line' id='line_1_13' title="bbox 158 827 857 870; baseline -0.007 -8"><span class='ocrx_word' id='word_1_61' title='bbox 158 836 193 862; x_wconf 86' lang='lat' dir='ltr'><strong>te</strong></span> <span class='ocrx_word' id='word_1_62' title='bbox 219 834 414 870; x_wconf 86' lang='lat' dir='ltr'><strong>suspectum</strong></span> <span class='ocrx_word' id='word_1_63' title='bbox 446 828 556 859; x_wconf 87' lang='lat' dir='ltr'><strong>habeo</strong></span> <span class='ocrx_word' id='word_1_64' title='bbox 587 837 648 867; x_wconf 89' lang='lat' dir='ltr'><strong>pro</strong></span> <span class='ocrx_word' id='word_1_65' title='bbox 675 827 857 866; x_wconf 77' lang='lat' dir='ltr'><strong>scarabaeo,</strong></span> 
     </span>
     <span class='ocr_line' id='line_1_14' title="bbox 157 877 857 921; baseline -0.004 -10"><span class='ocrx_word' id='word_1_66' title='bbox 157 879 293 921; x_wconf 80' lang='grc' dir='ltr'>κανθάρῳ</span> <span class='ocrx_word' id='word_1_67' title='bbox 308 879 434 910; x_wconf 81' lang='grc' dir='ltr'>τοιαῦτα</span> <span class='ocrx_word' id='word_1_68' title='bbox 459 878 639 918; x_wconf 84' lang='grc' dir='ltr'>κυλίνδοντι,</span> <span class='ocrx_word' id='word_1_69' title='bbox 664 887 730 908; x_wconf 90' lang='lat' dir='ltr'><strong>non</strong></span> <span class='ocrx_word' id='word_1_70' title='bbox 755 877 857 909; x_wconf 82' lang='lat' dir='ltr'><strong>credo</strong></span> 
     </span>
     <span class='ocr_line' id='line_1_15' title="bbox 160 929 858 970; baseline -0.003 -9"><span class='ocrx_word' id='word_1_71' title='bbox 160 932 220 962; x_wconf 86' lang='lat' dir='ltr'><strong>tibi</strong></span> <span class='ocrx_word' id='word_1_72' title='bbox 237 930 376 970; x_wconf 85' lang='lat' dir='ltr'><strong>neganti</strong></span> <span class='ocrx_word' id='word_1_73' title='bbox 402 939 464 969; x_wconf 88' lang='lat' dir='ltr'><strong>per</strong></span> <span class='ocrx_word' id='word_1_74' title='bbox 485 929 661 969; x_wconf 88' lang='lat' dir='ltr'><strong>Templum</strong></span> <span class='ocrx_word' id='word_1_75' title='bbox 678 929 806 969; x_wconf 85' lang='lat' dir='ltr'><strong>jurato,</strong></span> <span class='ocrx_word' id='word_1_76' title='bbox 821 934 858 959; x_wconf 86' lang='lat' dir='ltr'><strong>ut</strong></span> 
     </span>
     <span class='ocr_line' id='line_1_16' title="bbox 161 978 859 1022; baseline -0.004 -11"><span class='ocrx_word' id='word_1_77' title='bbox 161 981 217 1022; x_wconf 84' lang='lat' dir='ltr'><strong>qui</strong></span> <span class='ocrx_word' id='word_1_78' title='bbox 231 981 324 1011; x_wconf 91' lang='lat' dir='ltr'><strong>nulla</strong></span> <span class='ocrx_word' id='word_1_79' title='bbox 341 985 374 1011; x_wconf 76' lang='lat' dir='ltr'><strong>te</strong></span> <span class='ocrx_word' id='word_1_80' title='bbox 387 980 438 1011; x_wconf 88' lang='lat' dir='ltr'><strong>hic</strong></span> <span class='ocrx_word' id='word_1_81' title='bbox 462 979 625 1020; x_wconf 82' lang='lat' dir='ltr'><strong>religione</strong></span> <span class='ocrx_word' id='word_1_82' title='bbox 643 984 701 1010; x_wconf 87' lang='lat' dir='ltr'><strong>ant</strong></span> <span class='ocrx_word' id='word_1_83' title='bbox 716 978 859 1019; x_wconf 88' lang='lat' dir='ltr'><strong>perjurii</strong></span> 
     </span>
     <span class='ocr_line' id='line_1_17' title="bbox 161 1029 859 1072; baseline -0.004 -10"><span class='ocrx_word' id='word_1_84' title='bbox 161 1041 259 1072; x_wconf 86' lang='lat' dir='ltr'><strong>poena</strong></span> <span class='ocrx_word' id='word_1_85' title='bbox 286 1031 395 1062; x_wconf 88' lang='lat' dir='ltr'><strong>teneri</strong></span> <span class='ocrx_word' id='word_1_86' title='bbox 417 1035 537 1070; x_wconf 87' lang='lat' dir='ltr'><strong>putes:</strong></span> <span class='ocrx_word' id='word_1_87' title='bbox 564 1039 679 1061; x_wconf 87' lang='lat' dir='ltr'><strong>verum</strong></span> <span class='ocrx_word' id='word_1_88' title='bbox 704 1029 803 1069; x_wconf 84' lang='lat' dir='ltr'><strong>adigo</strong></span> <span class='ocrx_word' id='word_1_89' title='bbox 825 1034 859 1060; x_wconf 88' lang='lat' dir='ltr'><strong>te</strong></span> 
     </span>
     <span class='ocr_line' id='line_1_18' title="bbox 161 1081 861 1122; baseline -0.004 -9"><span class='ocrx_word' id='word_1_90' title='bbox 161 1082 451 1122; x_wconf 85' lang='lat' dir='ltr'><strong>adjuramentum</strong></span> <span class='ocrx_word' id='word_1_91' title='bbox 476 1090 538 1120; x_wconf 86' lang='lat' dir='ltr'><strong>per</strong></span> <span class='ocrx_word' id='word_1_92' title='bbox 561 1081 673 1111; x_wconf 78' lang='lat' dir='ltr'><strong>Deum</strong></span> <span class='ocrx_word' id='word_1_93' title='bbox 699 1085 861 1119; x_wconf 87' lang='lat' dir='ltr'><strong>vestrum,</strong></span> 
     </span>
     <span class='ocr_line' id='line_1_19' title="bbox 161 1131 859 1174; baseline -0.003 -11"><span class='ocrx_word' id='word_1_94' title='bbox 161 1142 222 1173; x_wconf 89' lang='lat' dir='ltr'><strong>per</strong></span> <span class='ocrx_word' id='word_1_95' title='bbox 240 1132 460 1174; x_wconf 88' lang='lat' dir='ltr'><strong>quemjurato</strong></span> <span class='ocrx_word' id='word_1_96' title='bbox 478 1132 540 1162; x_wconf 85' lang='lat' dir='ltr'><strong>tibi</strong></span> <span class='ocrx_word' id='word_1_97' title='bbox 553 1131 699 1162; x_wconf 88' lang='lat' dir='ltr'><strong>credam.</strong></span> <span class='ocrx_word' id='word_1_98' title='bbox 723 1131 859 1162; x_wconf 79' lang='lat' dir='ltr'><strong>Clariss-</strong></span> 
     </span>
     <span class='ocr_line' id='line_1_20' title="bbox 159 1181 861 1222; baseline -0.003 -9"><span class='ocrx_word' id='word_1_99' title='bbox 159 1183 326 1213; x_wconf 89' lang='lat' dir='ltr'><strong>Seldenus</strong></span> <span class='ocrx_word' id='word_1_100' title='bbox 353 1183 385 1212; x_wconf 88' lang='lat' dir='ltr'><strong>in</strong></span> <span class='ocrx_word' id='word_1_101' title='bbox 412 1181 672 1221; x_wconf 85' lang='lat' dir='ltr'><strong>Prolegomenis</strong></span> <span class='ocrx_word' id='word_1_102' title='bbox 699 1181 741 1212; x_wconf 88' lang='lat' dir='ltr'><strong>ad</strong></span> <span class='ocrx_word' id='word_1_103' title='bbox 768 1182 861 1222; x_wconf 86' lang='lat' dir='ltr'><strong>peni-</strong></span> 
     </span>
     <span class='ocr_line' id='line_1_21' title="bbox 161 1231 861 1271; baseline 0 -8"><span class='ocrx_word' id='word_1_104' title='bbox 161 1233 299 1263; x_wconf 80' lang='lat' dir='ltr'><strong>tissimae</strong></span> <span class='ocrx_word' id='word_1_105' title='bbox 321 1231 524 1262; x_wconf 84' lang='lat' dir='ltr'><strong>eruditionis</strong></span> <span class='ocrx_word' id='word_1_106' title='bbox 549 1231 762 1271; x_wconf 74' lang='lat' dir='ltr'><strong>opusculum,</strong></span> <span class='ocrx_word' id='word_1_107' title='bbox 778 1233 786 1248; x_wconf 91' lang='lat'><strong>‘</strong></span> <span class='ocrx_word' id='word_1_108' title='bbox 805 1233 861 1263; x_wconf 90' lang='lat' dir='ltr'><strong>De</strong></span> 
     </span>
     <span class='ocr_line' id='line_1_22' title="bbox 160 1281 862 1320; baseline -0.001 -6"><span class='ocrx_word' id='word_1_109' title='bbox 160 1282 449 1320; x_wconf 79' lang='lat' dir='ltr'><strong>successionibus,</strong></span> <span class='ocrx_word' id='word_1_110' title='bbox 464 1292 520 1312; x_wconf 84' lang='lat' dir='ltr'><strong>seu</strong></span> <span class='ocrx_word' id='word_1_111' title='bbox 544 1281 629 1313; x_wconf 88' lang='lat' dir='ltr'><strong>Jure</strong></span> <span class='ocrx_word' id='word_1_112' title='bbox 645 1281 862 1313; x_wconf 84' lang='lat' dir='ltr'><strong>haereditario</strong></span> 
     </span>
     <span class='ocr_line' id='line_1_23' title="bbox 163 1331 862 1372; baseline -0.003 -8"><span class='ocrx_word' id='word_1_113' title='bbox 163 1332 386 1372; x_wconf 77' lang='lat' dir='ltr'><strong>Ebraeorum,&#39;</strong></span> <span class='ocrx_word' id='word_1_114' title='bbox 420 1332 523 1363; x_wconf 88' lang='lat' dir='ltr'><strong>etiam</strong></span> <span class='ocrx_word' id='word_1_115' title='bbox 563 1331 674 1362; x_wconf 88' lang='lat' dir='ltr'><strong>tendit</strong></span> <span class='ocrx_word' id='word_1_116' title='bbox 706 1333 862 1370; x_wconf 88' lang='lat' dir='ltr'><strong>ulterius,</strong></span> 
     </span>
     <span class='ocr_line' id='line_1_24' title="bbox 161 1382 863 1424; baseline 0 -10"><span class='ocrx_word' id='word_1_117' title='bbox 161 1388 368 1424; x_wconf 87' lang='lat' dir='ltr'><strong>conceptum</strong></span> <span class='ocrx_word' id='word_1_118' title='bbox 387 1382 619 1423; x_wconf 83' lang='lat' dir='ltr'><strong>scriptumque</strong></span> <span class='ocrx_word' id='word_1_119' title='bbox 633 1392 652 1412; x_wconf 90' lang='lat' dir='ltr'><strong>a</strong></span> <span class='ocrx_word' id='word_1_120' title='bbox 669 1382 779 1414; x_wconf 73' lang='lat' dir='ltr'><strong>Poeta</strong></span> <span class='ocrx_word' id='word_1_121' title='bbox 791 1392 863 1414; x_wconf 91' lang='lat' dir='ltr'><strong>ver-</strong></span> 
     </span>
     <span class='ocr_line' id='line_1_25' title="bbox 163 1432 862 1465; baseline 0.001 -1"><span class='ocrx_word' id='word_1_122' title='bbox 163 1444 236 1465; x_wconf 90' lang='lat' dir='ltr'><strong>sum</strong></span> <span class='ocrx_word' id='word_1_123' title='bbox 253 1434 341 1464; x_wconf 90' lang='lat' dir='ltr'><strong>hunc</strong></span> <span class='ocrx_word' id='word_1_124' title='bbox 358 1438 534 1464; x_wconf 88' lang='lat' dir='ltr'><strong>autumans</strong></span> <span class='ocrx_word' id='word_1_125' title='bbox 548 1433 589 1463; x_wconf 87' lang='lat' dir='ltr'><strong>ad</strong></span> <span class='ocrx_word' id='word_1_126' title='bbox 605 1432 693 1463; x_wconf 87' lang='lat' dir='ltr'><strong>huuc</strong></span> <span class='ocrx_word' id='word_1_127' title='bbox 708 1433 862 1465; x_wconf 87' lang='lat' dir='ltr'><strong>modum:</strong></span> 
     </span>
     <span class='ocr_line' id='line_1_26' title="bbox 166 1483 863 1523; baseline -0.001 -8"><span class='ocrx_word' id='word_1_128' title='bbox 166 1484 239 1515; x_wconf 84' lang='lat' dir='ltr'><strong>Non</strong></span> <span class='ocrx_word' id='word_1_129' title='bbox 254 1485 342 1515; x_wconf 82' lang='lat' dir='ltr'><strong>credo</strong></span> <span class='ocrx_word' id='word_1_130' title='bbox 354 1494 365 1520; x_wconf 92' lang='lat'><strong>,·</strong></span> <span class='ocrx_word' id='word_1_131' title='bbox 379 1483 455 1522; x_wconf 77' lang='lat' dir='ltr'><strong>jura</strong></span> <span class='ocrx_word' id='word_1_132' title='bbox 469 1493 559 1523; x_wconf 70' lang='lat' dir='ltr'><strong>verpe</strong></span> <span class='ocrx_word' id='word_1_133' title='bbox 580 1484 697 1522; x_wconf 78' lang='lat' dir='ltr'><strong>iperam</strong></span> <span class='ocrx_word' id='word_1_134' title='bbox 712 1484 843 1515; x_wconf 79' lang='lat' dir='ltr'><strong>chiolum</strong></span> <span class='ocrx_word' id='word_1_135' title='bbox 853 1495 863 1515; x_wconf 89' lang='lat'>:</span> 
     </span>
     <span class='ocr_line' id='line_1_27' title="bbox 165 1532 862 1573; baseline 0 -8"><span class='ocrx_word' id='word_1_136' title='bbox 165 1539 203 1565; x_wconf 91' lang='lat' dir='ltr'><strong>ut</strong></span> <span class='ocrx_word' id='word_1_137' title='bbox 233 1534 366 1573; x_wconf 74' lang='lat' dir='ltr'><strong>integra</strong></span> <span class='ocrx_word' id='word_1_138' title='bbox 396 1533 441 1564; x_wconf 89' lang='lat' dir='ltr'><strong>sit</strong></span> <span class='ocrx_word' id='word_1_139' title='bbox 472 1532 662 1572; x_wconf 80' lang='lat' dir='ltr'><strong>juramenti</strong></span> <span class='ocrx_word' id='word_1_140' title='bbox 698 1532 862 1565; x_wconf 86' lang='lat' dir='ltr'><strong>formula:</strong></span> 
     </span>
     <span class='ocr_line' id='line_1_28' title="bbox 167 1574 863 1619; baseline 0.003 -4"><span class='ocrx_word' id='word_1_141' title='bbox 167 1574 256 1618; x_wconf 61' lang='lat' dir='ltr'><strong>D&#39;vw</strong></span> <span class='ocrx_word' id='word_1_142' title='bbox 273 1588 313 1616; x_wconf 86' lang='grc' dir='ltr'><strong>ΤΙ</strong></span> <span class='ocrx_word' id='word_1_143' title='bbox 332 1587 424 1618; x_wconf 71' lang='grc' dir='ltr'><strong>ΡἾΞ’</strong></span> <span class='ocrx_word' id='word_1_144' title='bbox 452 1587 460 1603; x_wconf 92' lang='lat'>‘</span> <span class='ocrx_word' id='word_1_145' title='bbox 488 1586 676 1618; x_wconf 89' lang='lat' dir='ltr'><strong>vindictam</strong></span> <span class='ocrx_word' id='word_1_146' title='bbox 701 1592 812 1619; x_wconf 85' lang='lat' dir='ltr'><strong>sumat</strong></span> <span class='ocrx_word' id='word_1_147' title='bbox 836 1588 863 1617; x_wconf 93' lang='lat' dir='ltr'><strong>is</strong></span> 
     </span>
     <span class='ocr_line' id='line_1_29' title="bbox 166 1637 866 1678; baseline 0.001 -11"><span class='ocrx_word' id='word_1_148' title='bbox 166 1638 224 1678; x_wconf 83' lang='lat' dir='ltr'><strong>qui</strong></span> <span class='ocrx_word' id='word_1_149' title='bbox 252 1637 335 1668; x_wconf 90' lang='lat' dir='ltr'><strong>vivit</strong></span> <span class='ocrx_word' id='word_1_150' title='bbox 363 1637 397 1667; x_wconf 93' lang='lat' dir='ltr'><strong>in</strong></span> <span class='ocrx_word' id='word_1_151' title='bbox 427 1637 618 1668; x_wconf 79' lang='lat' dir='ltr'><strong>aeternum.&#39;</strong></span> <span class='ocrx_word' id='word_1_152' title='bbox 657 1638 738 1669; x_wconf 80' lang='lat' dir='ltr'><strong>Ecce</strong></span> <span class='ocrx_word' id='word_1_153' title='bbox 759 1648 866 1678; x_wconf 79' lang='lat' dir='ltr'><strong>negas,</strong></span> 
     </span>
     <span class='ocr_line' id='line_1_30' title="bbox 156 1687 865 1728; baseline 0.001 -10"><span class='ocrx_word' id='word_1_154' title='bbox 156 1687 309 1727; x_wconf 60' lang='lat' dir='ltr'><strong>jurasque</strong></span> <span class='ocrx_word' id='word_1_155' title='bbox 331 1687 421 1725; x_wconf 70' lang='lat' dir='ltr'><strong>milii,</strong></span> <span class='ocrx_word' id='word_1_156' title='bbox 444 1687 512 1727; x_wconf 48' lang='grc' dir='ltr'><strong>ἔξω]</strong></span> <span class='ocrx_word' id='word_1_157' title='bbox 547 1688 659 1718; x_wconf 91' lang='lat' dir='ltr'><strong>Nemo</strong></span> <span class='ocrx_word' id='word_1_158' title='bbox 678 1688 766 1718; x_wconf 90' lang='lat' dir='ltr'><strong>enim</strong></span> <span class='ocrx_word' id='word_1_159' title='bbox 790 1689 865 1728; x_wconf 84' lang='lat' dir='ltr'><strong>lege</strong></span> 
     </span>
     <span class='ocr_line' id='line_1_31' title="bbox 168 1737 866 1778; baseline 0.001 -10"><span class='ocrx_word' id='word_1_160' title='bbox 168 1737 348 1768; x_wconf 79' lang='lat' dir='ltr'><strong>tenebatur</strong></span> <span class='ocrx_word' id='word_1_161' title='bbox 372 1737 509 1777; x_wconf 83' lang='lat' dir='ltr'><strong>perjurii</strong></span> <span class='ocrx_word' id='word_1_162' title='bbox 533 1742 592 1769; x_wconf 91' lang='lat' dir='ltr'><strong>aut</strong></span> <span class='ocrx_word' id='word_1_163' title='bbox 610 1738 798 1778; x_wconf 88' lang='lat' dir='ltr'><strong>juramenti</strong></span> <span class='ocrx_word' id='word_1_164' title='bbox 817 1744 866 1769; x_wconf 87' lang='lat' dir='ltr'><strong>te-</strong></span> 
     </span>
     <span class='ocr_line' id='line_1_32' title="bbox 166 1788 867 1829; baseline 0.003 -11"><span class='ocrx_word' id='word_1_165' title='bbox 166 1788 303 1818; x_wconf 87' lang='lat' dir='ltr'><strong>merarii</strong></span> <span class='ocrx_word' id='word_1_166' title='bbox 332 1788 386 1818; x_wconf 80' lang='lat' dir='ltr'><strong>vel</strong></span> <span class='ocrx_word' id='word_1_167' title='bbox 414 1788 499 1827; x_wconf 83' lang='lat' dir='ltr'><strong>vani,</strong></span> <span class='ocrx_word' id='word_1_168' title='bbox 527 1788 582 1829; x_wconf 89' lang='lat' dir='ltr'><strong>qui</strong></span> <span class='ocrx_word' id='word_1_169' title='bbox 605 1789 783 1828; x_wconf 87' lang='lat' dir='ltr'><strong>juraverat</strong></span> <span class='ocrx_word' id='word_1_170' title='bbox 807 1799 867 1829; x_wconf 87' lang='lat' dir='ltr'><strong>per</strong></span> 
     </span>
     <span class='ocr_line' id='line_1_33' title="bbox 167 1838 867 1879; baseline 0 -10"><span class='ocrx_word' id='word_1_171' title='bbox 167 1848 239 1869; x_wconf 84' lang='lat' dir='ltr'><strong>reni</strong></span> <span class='ocrx_word' id='word_1_172' title='bbox 252 1838 397 1879; x_wconf 81' lang='lat' dir='ltr'><strong>aliquam</strong></span> <span class='ocrx_word' id='word_1_173' title='bbox 414 1842 588 1875; x_wconf 88' lang='lat' dir='ltr'><strong>creatam;</strong></span> <span class='ocrx_word' id='word_1_174' title='bbox 613 1844 759 1879; x_wconf 83' lang='lat' dir='ltr'><strong>excepto</strong></span> <span class='ocrx_word' id='word_1_175' title='bbox 772 1839 867 1879; x_wconf 88' lang='lat' dir='ltr'><strong>jura-</strong></span> 
     </span>
     <span class='ocr_line' id='line_1_34' title="bbox 169 1890 867 1932; baseline -0.001 -11"><span class='ocrx_word' id='word_1_176' title='bbox 169 1895 284 1921; x_wconf 89' lang='lat' dir='ltr'><strong>mento</strong></span> <span class='ocrx_word' id='word_1_177' title='bbox 315 1899 375 1930; x_wconf 88' lang='lat' dir='ltr'><strong>per</strong></span> <span class='ocrx_word' id='word_1_178' title='bbox 405 1898 523 1920; x_wconf 88' lang='lat' dir='ltr'><strong>aurum</strong></span> <span class='ocrx_word' id='word_1_179' title='bbox 549 1890 693 1930; x_wconf 84' lang='lat' dir='ltr'><strong>Templi,</strong></span> <span class='ocrx_word' id='word_1_180' title='bbox 719 1891 867 1932; x_wconf 86' lang='lat' dir='ltr'><strong>itemque</strong></span> 
     </span>
     <span class='ocr_line' id='line_1_35' title="bbox 165 1942 869 1988; baseline 0.001 -15"><span class='ocrx_word' id='word_1_181' title='bbox 165 1943 359 1983; x_wconf 89' lang='lat' dir='ltr'><strong>juramento</strong></span> <span class='ocrx_word' id='word_1_182' title='bbox 393 1942 528 1988; x_wconf 58' lang='lat' dir='ltr'><strong>3²³¹l72·</strong></span> <span class='ocrx_word' id='word_1_183' title='bbox 578 1943 645 1975; x_wconf 86' lang='lat' dir='ltr'><strong>Qui</strong></span> <span class='ocrx_word' id='word_1_184' title='bbox 688 1953 766 1974; x_wconf 86' lang='lat' dir='ltr'><strong>vero</strong></span> <span class='ocrx_word' id='word_1_185' title='bbox 809 1953 869 1984; x_wconf 86' lang='lat' dir='ltr'><strong>per</strong></span> 
     </span>
     <span class='ocr_line' id='line_1_36' title="bbox 170 1994 868 2034; baseline 0.003 -10"><span class='ocrx_word' id='word_1_186' title='bbox 170 1994 481 2034; x_wconf 77' lang='lat' dir='ltr'><strong>Deumjuraverat,</strong></span> <span class='ocrx_word' id='word_1_187' title='bbox 497 1994 570 2024; x_wconf 91' lang='lat' dir='ltr'><strong>sive</strong></span> <span class='ocrx_word' id='word_1_188' title='bbox 586 1994 779 2034; x_wconf 85' lang='lat' dir='ltr'><strong>injudicio,</strong></span> <span class='ocrx_word' id='word_1_189' title='bbox 795 1995 868 2026; x_wconf 87' lang='lat' dir='ltr'><strong>sive</strong></span> 
     </span>
     <span class='ocr_line' id='line_1_37' title="bbox 168 2043 870 2086; baseline 0.001 -11"><span class='ocrx_word' id='word_1_190' title='bbox 168 2048 270 2076; x_wconf 88' lang='lat' dir='ltr'><strong>extra</strong></span> <span class='ocrx_word' id='word_1_191' title='bbox 289 2043 471 2084; x_wconf 87' lang='lat' dir='ltr'><strong>judicium,</strong></span> <span class='ocrx_word' id='word_1_192' title='bbox 495 2045 676 2076; x_wconf 87' lang='lat' dir='ltr'><strong>tenebatur</strong></span> <span class='ocrx_word' id='word_1_193' title='bbox 698 2045 771 2086; x_wconf 82' lang='lat' dir='ltr'><strong>lege</strong></span> <span class='ocrx_word' id='word_1_194' title='bbox 795 2055 870 2086; x_wconf 78' lang='lat' dir='ltr'><strong>per-</strong></span> 
     </span>
     <span class='ocr_line' id='line_1_38' title="bbox 162 2095 870 2135; baseline 0.004 -10"><span class='ocrx_word' id='word_1_195' title='bbox 162 2095 259 2135; x_wconf 86' lang='lat' dir='ltr'><strong>jurii,</strong></span> <span class='ocrx_word' id='word_1_196' title='bbox 288 2099 347 2126; x_wconf 87' lang='lat' dir='ltr'><strong>aut</strong></span> <span class='ocrx_word' id='word_1_197' title='bbox 374 2095 561 2135; x_wconf 86' lang='lat' dir='ltr'><strong>juramenti</strong></span> <span class='ocrx_word' id='word_1_198' title='bbox 592 2097 766 2128; x_wconf 88' lang='lat' dir='ltr'><strong>temerarii</strong></span> <span class='ocrx_word' id='word_1_199' title='bbox 797 2098 870 2128; x_wconf 80' lang='lat' dir='ltr'><strong>sive</strong></span> 
     </span>
     <span class='ocr_line' id='line_1_39' title="bbox 170 2144 870 2188; baseline 0.006 -14"><span class='ocrx_word' id='word_1_200' title='bbox 170 2145 262 2184; x_wconf 88' lang='lat' dir='ltr'><strong>vani,</strong></span> <span class='ocrx_word' id='word_1_201' title='bbox 277 2144 304 2175; x_wconf 87' lang='lat' dir='ltr'><strong>si</strong></span> <span class='ocrx_word' id='word_1_202' title='bbox 317 2145 543 2185; x_wconf 82' lang='lat' dir='ltr'><strong>pejeraverat,</strong></span> <span class='ocrx_word' id='word_1_203' title='bbox 561 2146 796 2188; x_wconf 87' lang='lat' dir='ltr'><strong>quodcumque</strong></span> <span class='ocrx_word' id='word_1_204' title='bbox 813 2157 870 2179; x_wconf 88' lang='lat' dir='ltr'><strong>cn-</strong></span> 
     </span>
     <span class='ocr_line' id='line_1_40' title="bbox 172 2196 871 2236; baseline 0.006 -11"><span class='ocrx_word' id='word_1_205' title='bbox 172 2200 282 2226; x_wconf 88' lang='lat' dir='ltr'><strong>rasset</strong></span> <span class='ocrx_word' id='word_1_206' title='bbox 301 2196 535 2236; x_wconf 80' lang='lat' dir='ltr'><strong>jusjurandum</strong></span> <span class='ocrx_word' id='word_1_207' title='bbox 563 2197 781 2228; x_wconf 88' lang='lat' dir='ltr'><strong>temerarium</strong></span> <span class='ocrx_word' id='word_1_208' title='bbox 812 2203 871 2229; x_wconf 86' lang='lat' dir='ltr'><strong>aut</strong></span> 
     </span>
     <span class='ocr_line' id='line_1_41' title="bbox 171 2246 871 2278; baseline 0.003 -2"><span class='ocrx_word' id='word_1_209' title='bbox 171 2255 305 2277; x_wconf 86' lang='lat' dir='ltr'><strong>vanum.</strong></span> <span class='ocrx_word' id='word_1_210' title='bbox 334 2246 505 2277; x_wconf 84' lang='lat' dir='ltr'><strong>Videntur</strong></span> <span class='ocrx_word' id='word_1_211' title='bbox 521 2252 634 2278; x_wconf 88' lang='lat' dir='ltr'><strong>autem</strong></span> <span class='ocrx_word' id='word_1_212' title='bbox 659 2247 815 2278; x_wconf 86' lang='lat' dir='ltr'><strong>Gentiles</strong></span> <span class='ocrx_word' id='word_1_213' title='bbox 838 2248 871 2278; x_wconf 91' lang='lat' dir='ltr'><strong>in</strong></span> 
     </span>
     <span class='ocr_line' id='line_1_42' title="bbox 174 2296 871 2338; baseline 0.003 -12"><span class='ocrx_word' id='word_1_214' title='bbox 174 2296 319 2337; x_wconf 86' lang='lat' dir='ltr'><strong>aliquam</strong></span> <span class='ocrx_word' id='word_1_215' title='bbox 340 2296 440 2336; x_wconf 89' lang='lat' dir='ltr'><strong>hujus</strong></span> <span class='ocrx_word' id='word_1_216' title='bbox 463 2297 566 2327; x_wconf 84' lang='lat' dir='ltr'><strong>moris</strong></span> <span class='ocrx_word' id='word_1_217' title='bbox 581 2297 779 2330; x_wconf 84' lang='lat' dir='ltr'><strong>Judaeorum</strong></span> <span class='ocrx_word' id='word_1_218' title='bbox 796 2307 871 2338; x_wconf 86' lang='lat' dir='ltr'><strong>cog·</strong></span> 
     </span>
     <span class='ocr_line' id='line_1_43' title="bbox 173 2345 873 2379; baseline 0.004 -3"><span class='ocrx_word' id='word_1_219' title='bbox 173 2346 334 2376; x_wconf 85' lang='lat' dir='ltr'><strong>nitionem</strong></span> <span class='ocrx_word' id='word_1_220' title='bbox 352 2345 502 2376; x_wconf 83' lang='lat' dir='ltr'><strong>venisse:</strong></span> <span class='ocrx_word' id='word_1_221' title='bbox 531 2356 606 2377; x_wconf 90' lang='lat' dir='ltr'><strong>nam</strong></span> <span class='ocrx_word' id='word_1_222' title='bbox 624 2347 790 2378; x_wconf 81' lang='lat' dir='ltr'><strong>Martialis</strong></span> <span class='ocrx_word' id='word_1_223' title='bbox 806 2357 873 2379; x_wconf 92' lang='lat' dir='ltr'><strong>non</strong></span> 
     </span>
     <span class='ocr_line' id='line_1_44' title="bbox 172 2395 874 2438; baseline 0.004 -12"><span class='ocrx_word' id='word_1_224' title='bbox 172 2396 254 2427; x_wconf 81' lang='lat' dir='ltr'><strong>satis</strong></span> <span class='ocrx_word' id='word_1_225' title='bbox 271 2395 419 2426; x_wconf 87' lang='lat' dir='ltr'><strong>habebat</strong></span> <span class='ocrx_word' id='word_1_226' title='bbox 436 2395 523 2435; x_wconf 84' lang='lat' dir='ltr'><strong>quod</strong></span> <span class='ocrx_word' id='word_1_227' title='bbox 539 2396 682 2428; x_wconf 81' lang='lat' dir='ltr'><strong>Judaens</strong></span> <span class='ocrx_word' id='word_1_228' title='bbox 700 2407 762 2438; x_wconf 84' lang='lat' dir='ltr'><strong>per</strong></span> <span class='ocrx_word' id='word_1_229' title='bbox 776 2399 874 2429; x_wconf 87' lang='lat' dir='ltr'><strong>Tem-</strong></span> 
     </span>
     <span class='ocr_line' id='line_1_45' title="bbox 176 2445 874 2489; baseline 0.003 -12"><span class='ocrx_word' id='word_1_230' title='bbox 176 2447 267 2486; x_wconf 87' lang='lat' dir='ltr'><strong>plum</strong></span> <span class='ocrx_word' id='word_1_231' title='bbox 288 2445 437 2486; x_wconf 81' lang='lat' dir='ltr'><strong>jurarit3</strong></span> <span class='ocrx_word' id='word_1_232' title='bbox 473 2451 615 2476; x_wconf 89' lang='lat' dir='ltr'><strong>noverat</strong></span> <span class='ocrx_word' id='word_1_233' title='bbox 641 2447 742 2487; x_wconf 87' lang='lat' dir='ltr'><strong>enim,</strong></span> <span class='ocrx_word' id='word_1_234' title='bbox 772 2448 799 2478; x_wconf 86' lang='lat' dir='ltr'><strong>si</strong></span> <span class='ocrx_word' id='word_1_235' title='bbox 820 2449 874 2489; x_wconf 88' lang='lat' dir='ltr'><strong>ju-</strong></span> 
     </span>
     <span class='ocr_line' id='line_1_46' title="bbox 176 2495 874 2538; baseline 0.004 -11"><span class='ocrx_word' id='word_1_236' title='bbox 176 2501 290 2527; x_wconf 85' lang='lat' dir='ltr'><strong>rantes</strong></span> <span class='ocrx_word' id='word_1_237' title='bbox 329 2505 390 2535; x_wconf 89' lang='lat' dir='ltr'><strong>per</strong></span> <span class='ocrx_word' id='word_1_238' title='bbox 428 2495 609 2535; x_wconf 87' lang='lat' dir='ltr'><strong>Templum</strong></span> <span class='ocrx_word' id='word_1_239' title='bbox 650 2497 874 2538; x_wconf 84' lang='lat' dir='ltr'><strong>pejerassent,</strong></span> 
     </span>
     <span class='ocr_line' id='line_1_47' title="bbox 178 2547 875 2590; baseline 0.001 -10"><span class='ocrx_word' id='word_1_240' title='bbox 178 2548 264 2580; x_wconf 84' lang='grc' dir='ltr'>οὐδὲν</span> <span class='ocrx_word' id='word_1_241' title='bbox 280 2547 366 2588; x_wconf 78' lang='grc' dir='ltr'>εἶναι,</span> <span class='ocrx_word' id='word_1_242' title='bbox 388 2553 425 2579; x_wconf 89' lang='lat' dir='ltr'><strong>nt</strong></span> <span class='ocrx_word' id='word_1_243' title='bbox 449 2549 600 2589; x_wconf 90' lang='lat' dir='ltr'><strong>loquitur</strong></span> <span class='ocrx_word' id='word_1_244' title='bbox 624 2549 791 2590; x_wconf 86' lang='lat' dir='ltr'><strong>Christus,</strong></span> <span class='ocrx_word' id='word_1_245' title='bbox 816 2551 875 2581; x_wconf 88' lang='lat' dir='ltr'><strong>sed</strong></span> 
     </span>
     <span class='ocr_line' id='line_1_48' title="bbox 177 2599 876 2641; baseline 0 -10"><span class='ocrx_word' id='word_1_246' title='bbox 177 2601 252 2631; x_wconf 86' lang='lat' dir='ltr'><strong>vult</strong></span> <span class='ocrx_word' id='word_1_247' title='bbox 274 2599 385 2641; x_wconf 87' lang='lat' dir='ltr'><strong>jurari</strong></span> <span class='ocrx_word' id='word_1_248' title='bbox 415 2607 475 2638; x_wconf 88' lang='lat' dir='ltr'><strong>per</strong></span> <span class='ocrx_word' id='word_1_249' title='bbox 511 2599 623 2629; x_wconf 88' lang='lat' dir='ltr'><strong>Deum</strong></span> <span class='ocrx_word' id='word_1_250' title='bbox 661 2599 784 2640; x_wconf 87' lang='lat' dir='ltr'><strong>ipsum,</strong></span> <span class='ocrx_word' id='word_1_251' title='bbox 814 2610 876 2641; x_wconf 88' lang='lat' dir='ltr'><strong>per</strong></span> 
     </span>
     <span class='ocr_line' id='line_1_49' title="bbox 177 2649 875 2692; baseline 0 -11"><span class='ocrx_word' id='word_1_252' title='bbox 177 2660 276 2692; x_wconf 85' lang='lat' dir='ltr'><strong>quem</strong></span> <span class='ocrx_word' id='word_1_253' title='bbox 292 2649 550 2691; x_wconf 87' lang='lat' dir='ltr'><strong>quijuraverat,</strong></span> <span class='ocrx_word' id='word_1_254' title='bbox 566 2649 593 2679; x_wconf 90' lang='lat' dir='ltr'><strong>si</strong></span> <span class='ocrx_word' id='word_1_255' title='bbox 611 2650 791 2690; x_wconf 84' lang='lat' dir='ltr'><strong>pejeraret,</strong></span> <span class='ocrx_word' id='word_1_256' title='bbox 803 2660 875 2681; x_wconf 89' lang='lat' dir='ltr'><strong>cer-</strong></span> 
     </span>
     <span class='ocr_line' id='line_1_50' title="bbox 179 2698 875 2741; baseline -0.004 -8"><span class='ocrx_word' id='word_1_257' title='bbox 179 2709 250 2733; x_wconf 85' lang='lat' dir='ltr'><strong>tum</strong></span> <span class='ocrx_word' id='word_1_258' title='bbox 280 2706 353 2732; x_wconf 88' lang='lat' dir='ltr'><strong>erat</strong></span> <span class='ocrx_word' id='word_1_259' title='bbox 387 2698 531 2739; x_wconf 79' lang='grc' dir='ltr'>ὀφείλειν.</span> <span class='ocrx_word' id='word_1_260' title='bbox 577 2700 638 2731; x_wconf 85' lang='lat' dir='ltr'><strong>Est</strong></span> <span class='ocrx_word' id='word_1_261' title='bbox 666 2700 782 2741; x_wconf 83' lang='lat' dir='ltr'><strong>itaque</strong></span> <span class='ocrx_word' id='word_1_262' title='bbox 812 2701 875 2731; x_wconf 86' lang='lat' dir='ltr'><strong>hoc</strong></span> 
     </span>
     <span class='ocr_line' id='line_1_51' title="bbox 178 2749 876 2791; baseline 0 -10"><span class='ocrx_word' id='word_1_263' title='bbox 178 2750 416 2791; x_wconf 78' lang='lat' dir='ltr'><strong>jusjurandum</strong></span> <span class='ocrx_word' id='word_1_264' title='bbox 448 2749 646 2780; x_wconf 88' lang='lat' dir='ltr'><strong>abnutivum</strong></span> <span class='ocrx_word' id='word_1_265' title='bbox 677 2750 783 2781; x_wconf 86' lang='lat' dir='ltr'><strong>trihus</strong></span> <span class='ocrx_word' id='word_1_266' title='bbox 809 2749 876 2781; x_wconf 88' lang='lat' dir='ltr'><strong>dis-</strong></span> 
     </span>
    </p>
   </div>
   <div class='ocr_carea' id='block_1_3' title="bbox 639 176 1108 210">
    <p class='ocr_par' dir='ltr' id='par_1_3' title="bbox 639 176 1108 210">
     <span class='ocr_line' id='line_1_52' title="bbox 639 176 1108 210; baseline -0.006 -2"><span class='ocrx_word' id='word_1_267' title='bbox 639 178 831 210; x_wconf 72' lang='lat' dir='ltr'>MAR&#39;HA</span> <span class='ocrx_word' id='word_1_268' title='bbox 841 176 914 206; x_wconf 72' lang='lat' dir='ltr'><strong>Lls</strong></span> <span class='ocrx_word' id='word_1_269' title='bbox 951 178 1057 206; x_wconf 69' lang='lat' dir='ltr'><strong>lss’lG</strong></span> <span class='ocrx_word' id='word_1_270' title='bbox 1069 178 1108 207; x_wconf 78' lang='lat' dir='ltr'><strong>R.</strong></span> 
     </span>
    </p>
   </div>
   <div class='ocr_carea' id='block_1_4' title="bbox 901 167 1626 2785">
    <p class='ocr_par' dir='ltr' id='par_1_4' title="bbox 901 167 1611 772">
     <span class='ocr_line' id='line_1_53' title="bbox 1148 167 1599 206; baseline 0.002 -1"><span class='ocrx_word' id='word_1_271' title='bbox 1148 178 1188 206; x_wconf 58' lang='lat'><strong>111</strong></span> <span class='ocrx_word' id='word_1_272' title='bbox 1203 178 1238 206; x_wconf 72' lang='grc' dir='ltr'><strong>Β.</strong></span> <span class='ocrx_word' id='word_1_273' title='bbox 1275 177 1343 206; x_wconf 63' lang='grc' dir='ltr'><strong>λι.</strong></span> <span class='ocrx_word' id='word_1_274' title='bbox 1490 167 1599 206; x_wconf 65' lang='lat'><strong>1401</strong></span> 
     </span>
     <span class='ocr_line' id='line_1_54' title="bbox 904 270 1603 311; baseline -0.003 -9"><span class='ocrx_word' id='word_1_275' title='bbox 904 271 1020 302; x_wconf 79' lang='lat' dir='ltr'><strong>tinctis</strong></span> <span class='ocrx_word' id='word_1_276' title='bbox 1049 271 1198 311; x_wconf 89' lang='lat' dir='ltr'><strong>vocibus,</strong></span> <span class='ocrx_word' id='word_1_277' title='bbox 1220 272 1229 289; x_wconf 89' lang='lat'>‘</span> <span class='ocrx_word' id='word_1_278' title='bbox 1250 271 1329 310; x_wconf 83' lang='lat' dir='ltr'><strong>An,’</strong></span> <span class='ocrx_word' id='word_1_279' title='bbox 1351 270 1442 311; x_wconf 84' lang='lat' dir='ltr'><strong>quod</strong></span> <span class='ocrx_word' id='word_1_280' title='bbox 1468 276 1520 301; x_wconf 86' lang='lat' dir='ltr'><strong>est</strong></span> <span class='ocrx_word' id='word_1_281' title='bbox 1545 272 1603 305; x_wconf 58' lang='grc'><strong>’8,</strong></span> 
     </span>
     <span class='ocr_line' id='line_1_55' title="bbox 904 323 1603 361; baseline -0.003 -7"><span class='ocrx_word' id='word_1_282' title='bbox 904 324 974 354; x_wconf 84' lang='lat' dir='ltr'><strong>sive</strong></span> <span class='ocrx_word' id='word_1_283' title='bbox 993 325 1050 361; x_wconf 58' lang='lat' dir='ltr'><strong>IN,</strong></span> <span class='ocrx_word' id='word_1_284' title='bbox 1070 324 1321 356; x_wconf 73' lang='lat' dir='ltr'><strong>com&#39;unduntni·</strong></span> <span class='ocrx_word' id='word_1_285' title='bbox 1336 324 1424 354; x_wconf 88' lang='lat' dir='ltr'><strong>enim</strong></span> <span class='ocrx_word' id='word_1_286' title='bbox 1449 324 1498 353; x_wconf 73' lang='lat' dir='ltr'><strong>hm</strong></span> <span class='ocrx_word' id='word_1_287' title='bbox 1528 323 1603 353; x_wconf 79' lang='lat' dir='ltr'><strong>duae</strong></span> 
     </span>
     <span class='ocr_line' id='line_1_56' title="bbox 905 362 1604 416; baseline 0 -9"><span class='ocrx_word' id='word_1_288' title='bbox 905 386 1022 415; x_wconf 86' lang='lat' dir='ltr'><strong>voces,</strong></span> <span class='ocrx_word' id='word_1_289' title='bbox 1038 377 1070 407; x_wconf 87' lang='lat' dir='ltr'><strong>id</strong></span> <span class='ocrx_word' id='word_1_290' title='bbox 1086 383 1152 416; x_wconf 91' lang='lat' dir='ltr'><strong>est,</strong></span> <span class='ocrx_word' id='word_1_291' title='bbox 1173 388 1258 409; x_wconf 84' lang='lat' dir='ltr'><strong>non:</strong></span> <span class='ocrx_word' id='word_1_292' title='bbox 1284 381 1324 406; x_wconf 79' lang='grc' dir='ltr'><strong>’Π</strong></span> <span class='ocrx_word' id='word_1_293' title='bbox 1344 378 1352 395; x_wconf 91' lang='lat'>‘</span> <span class='ocrx_word' id='word_1_294' title='bbox 1371 377 1455 408; x_wconf 91' lang='lat' dir='ltr'><strong>vivit</strong></span> <span class='ocrx_word' id='word_1_295' title='bbox 1469 376 1490 407; x_wconf 91' lang='lat'><strong>:‘</strong></span> <span class='ocrx_word' id='word_1_296' title='bbox 1509 362 1604 414; x_wconf 54' lang='lat'><strong>1&#39;1&#39;517</strong></span> 
     </span>
     <span class='ocr_line' id='line_1_57' title="bbox 905 426 1606 468; baseline -0.003 -10"><span class='ocrx_word' id='word_1_297' title='bbox 905 428 913 444; x_wconf 92' lang='lat'>‘</span> <span class='ocrx_word' id='word_1_298' title='bbox 942 426 1053 466; x_wconf 90' lang='lat' dir='ltr'><strong>Alon,’</strong></span> <span class='ocrx_word' id='word_1_299' title='bbox 1079 432 1114 458; x_wconf 84' lang='lat' dir='ltr'><strong>ut</strong></span> <span class='ocrx_word' id='word_1_300' title='bbox 1146 437 1165 458; x_wconf 88' lang='lat' dir='ltr'><strong>e</strong></span> <span class='ocrx_word' id='word_1_301' title='bbox 1195 428 1320 459; x_wconf 80' lang='lat' dir='ltr'><strong>Plauto</strong></span> <span class='ocrx_word' id='word_1_302' title='bbox 1350 426 1606 468; x_wconf 88' lang='lat' dir='ltr'><strong>pronuntiatum</strong></span> 
     </span>
     <span class='ocr_line' id='line_1_58' title="bbox 906 477 1608 518; baseline -0.001 -9"><span class='ocrx_word' id='word_1_303' title='bbox 906 477 1011 509; x_wconf 86' lang='lat' dir='ltr'><strong>fuisse</strong></span> <span class='ocrx_word' id='word_1_304' title='bbox 1025 483 1171 517; x_wconf 88' lang='lat' dir='ltr'><strong>constat,</strong></span> <span class='ocrx_word' id='word_1_305' title='bbox 1192 480 1262 510; x_wconf 91' lang='lat' dir='ltr'><strong>Dei</strong></span> <span class='ocrx_word' id='word_1_306' title='bbox 1283 489 1423 510; x_wconf 82' lang='lat' dir='ltr'><strong>nomen:</strong></span> <span class='ocrx_word' id='word_1_307' title='bbox 1448 483 1499 510; x_wconf 90' lang='lat' dir='ltr'><strong>est</strong></span> <span class='ocrx_word' id='word_1_308' title='bbox 1525 488 1608 518; x_wconf 80' lang='lat' dir='ltr'><strong>ergo</strong></span> 
     </span>
     <span class='ocr_line' id='line_1_59' title="bbox 901 528 1609 569; baseline 0 -10"><span class='ocrx_word' id='word_1_309' title='bbox 901 528 1143 569; x_wconf 88' lang='lat' dir='ltr'><strong>jusjurandum</strong></span> <span class='ocrx_word' id='word_1_310' title='bbox 1169 529 1312 560; x_wconf 88' lang='lat' dir='ltr'><strong>hominis</strong></span> <span class='ocrx_word' id='word_1_311' title='bbox 1334 529 1491 569; x_wconf 87' lang='lat' dir='ltr'><strong>negantis</strong></span> <span class='ocrx_word' id='word_1_312' title='bbox 1510 535 1544 559; x_wconf 88' lang='lat' dir='ltr'><strong>et</strong></span> <span class='ocrx_word' id='word_1_313' title='bbox 1561 529 1609 559; x_wconf 86' lang='lat' dir='ltr'><strong>in-</strong></span> 
     </span>
     <span class='ocr_line' id='line_1_60' title="bbox 906 578 1609 620; baseline -0.001 -10"><span class='ocrx_word' id='word_1_314' title='bbox 906 578 1052 610; x_wconf 85' lang='lat' dir='ltr'><strong>ficiantis</strong></span> <span class='ocrx_word' id='word_1_315' title='bbox 1079 579 1221 619; x_wconf 87' lang='lat' dir='ltr'><strong>crimen,</strong></span> <span class='ocrx_word' id='word_1_316' title='bbox 1249 580 1345 620; x_wconf 87' lang='lat' dir='ltr'><strong>cujus</strong></span> <span class='ocrx_word' id='word_1_317' title='bbox 1372 579 1609 610; x_wconf 83' lang='lat' dir='ltr'><strong>accusabatur.</strong></span> 
     </span>
     <span class='ocr_line' id='line_1_61' title="bbox 906 629 1611 670; baseline 0 -10"><span class='ocrx_word' id='word_1_318' title='bbox 906 630 1006 661; x_wconf 90' lang='lat' dir='ltr'><strong>Unde</strong></span> <span class='ocrx_word' id='word_1_319' title='bbox 1023 640 1105 669; x_wconf 83' lang='lat' dir='ltr'><strong>ergo</strong></span> <span class='ocrx_word' id='word_1_320' title='bbox 1123 635 1237 670; x_wconf 87' lang='lat' dir='ltr'><strong>patet,</strong></span> <span class='ocrx_word' id='word_1_321' title='bbox 1261 630 1397 661; x_wconf 89' lang='lat' dir='ltr'><strong>omnino</strong></span> <span class='ocrx_word' id='word_1_322' title='bbox 1422 630 1471 660; x_wconf 90' lang='lat' dir='ltr'><strong>his</strong></span> <span class='ocrx_word' id='word_1_323' title='bbox 1497 629 1611 660; x_wconf 85' lang='lat' dir='ltr'><strong>verbis</strong></span> 
     </span>
     <span class='ocr_line' id='line_1_62' title="bbox 907 680 1611 722; baseline -0.001 -11"><span class='ocrx_word' id='word_1_324' title='bbox 907 684 916 698; x_wconf 82' lang='lat'><strong>⁴</strong></span> <span class='ocrx_word' id='word_1_325' title='bbox 931 691 993 722; x_wconf 85' lang='lat' dir='ltr'><strong>per</strong></span> <span class='ocrx_word' id='word_1_326' title='bbox 1006 681 1208 713; x_wconf 84' lang='lat' dir='ltr'><strong>Anchialon’</strong></span> <span class='ocrx_word' id='word_1_327' title='bbox 1218 680 1611 721; x_wconf 86' lang='lat' dir='ltr'><strong>denotarijuramentum</strong></span> 
     </span>
     <span class='ocr_line' id='line_1_63' title="bbox 909 732 1271 772; baseline 0.003 -10"><span class='ocrx_word' id='word_1_328' title='bbox 909 741 972 772; x_wconf 90' lang='lat' dir='ltr'><strong>per</strong></span> <span class='ocrx_word' id='word_1_329' title='bbox 989 732 1110 762; x_wconf 90' lang='lat' dir='ltr'><strong>Deum.</strong></span> <span class='ocrx_word' id='word_1_330' title='bbox 1135 732 1271 763; x_wconf 74' lang='lat' dir='ltr'><strong>Petitus.</strong></span> 
     </span>
    </p>

    <p class='ocr_par' dir='ltr' id='par_1_5' title="bbox 909 781 1626 2785">
     <span class='ocr_line' id='line_1_64' title="bbox 951 781 1611 823; baseline -0.005 -9"><span class='ocrx_word' id='word_1_331' title='bbox 951 786 970 814; x_wconf 87' lang='grc'>8</span> <span class='ocrx_word' id='word_1_332' title='bbox 992 784 1085 821; x_wconf 82' lang='lat' dir='ltr'><strong>Jura,</strong></span> <span class='ocrx_word' id='word_1_333' title='bbox 1101 792 1205 823; x_wconf 78' lang='lat' dir='ltr'><strong>verpe,</strong></span> <span class='ocrx_word' id='word_1_334' title='bbox 1218 792 1273 822; x_wconf 82' lang='lat' dir='ltr'><strong>per</strong></span> <span class='ocrx_word' id='word_1_335' title='bbox 1288 781 1491 821; x_wconf 74' lang='lat' dir='ltr'><strong>Anchialum]</strong></span> <span class='ocrx_word' id='word_1_336' title='bbox 1529 781 1611 813; x_wconf 80' lang='lat' dir='ltr'><strong>Oni-</strong></span> 
     </span>
     <span class='ocr_line' id='line_1_65' title="bbox 909 832 1613 873; baseline -0.004 -9"><span class='ocrx_word' id='word_1_337' title='bbox 909 834 988 865; x_wconf 87' lang='lat' dir='ltr'><strong>nino</strong></span> <span class='ocrx_word' id='word_1_338' title='bbox 1012 834 1190 873; x_wconf 81' lang='lat' dir='ltr'><strong>legendum</strong></span> <span class='ocrx_word' id='word_1_339' title='bbox 1209 838 1285 864; x_wconf 89' lang='lat' dir='ltr'><strong>est:</strong></span> <span class='ocrx_word' id='word_1_340' title='bbox 1312 833 1385 863; x_wconf 78' lang='lat' dir='ltr'><strong>Non</strong></span> <span class='ocrx_word' id='word_1_341' title='bbox 1408 832 1613 870; x_wconf 74' lang='lat' dir='ltr'><strong>credo5jura</strong></span> 
     </span>
     <span class='ocr_line' id='line_1_66' title="bbox 909 882 1611 924; baseline -0.006 -9"><span class='ocrx_word' id='word_1_342' title='bbox 909 894 998 924; x_wconf 81' lang='lat' dir='ltr'><strong>verpe</strong></span> <span class='ocrx_word' id='word_1_343' title='bbox 1024 893 1081 924; x_wconf 83' lang='lat' dir='ltr'><strong>per</strong></span> <span class='ocrx_word' id='word_1_344' title='bbox 1107 884 1298 914; x_wconf 74' lang='lat' dir='ltr'><strong>anchariam.</strong></span> <span class='ocrx_word' id='word_1_345' title='bbox 1336 883 1529 913; x_wconf 80' lang='lat' dir='ltr'><strong>Ancharius</strong></span> <span class='ocrx_word' id='word_1_346' title='bbox 1557 882 1611 912; x_wconf 87' lang='lat' dir='ltr'><strong>vel</strong></span> 
     </span>
     <span class='ocr_line' id='line_1_67' title="bbox 911 932 1612 973; baseline -0.006 -7"><span class='ocrx_word' id='word_1_347' title='bbox 911 935 1066 966; x_wconf 89' lang='lat' dir='ltr'><strong>ancarins</strong></span> <span class='ocrx_word' id='word_1_348' title='bbox 1079 940 1132 966; x_wconf 92' lang='lat' dir='ltr'><strong>est</strong></span> <span class='ocrx_word' id='word_1_349' title='bbox 1149 935 1273 966; x_wconf 88' lang='lat' dir='ltr'><strong>asinus.</strong></span> <span class='ocrx_word' id='word_1_350' title='bbox 1298 932 1485 973; x_wconf 85' lang='grc' dir='ltr'>Ἀχθοφόρον</span> <span class='ocrx_word' id='word_1_351' title='bbox 1498 932 1612 964; x_wconf 85' lang='lat' dir='ltr'><strong>Graeci</strong></span> 
     </span>
     <span class='ocr_line' id='line_1_68' title="bbox 909 983 1616 1026; baseline -0.006 -9"><span class='ocrx_word' id='word_1_352' title='bbox 909 987 1183 1026; x_wconf 86' lang='lat' dir='ltr'><strong>interpretantur</strong></span> <span class='ocrx_word' id='word_1_353' title='bbox 1219 984 1399 1025; x_wconf 75' lang='grc' dir='ltr'><em>Ἀγγάριον,</em></span> <span class='ocrx_word' id='word_1_354' title='bbox 1426 983 1616 1024; x_wconf 87' lang='lat' dir='ltr'><strong>accipiunt·</strong></span> 
     </span>
     <span class='ocr_line' id='line_1_69' title="bbox 911 1033 1616 1078; baseline -0.006 -11"><span class='ocrx_word' id='word_1_355' title='bbox 911 1047 978 1078; x_wconf 88' lang='lat' dir='ltr'><strong>que</strong></span> <span class='ocrx_word' id='word_1_356' title='bbox 1009 1036 1099 1067; x_wconf 89' lang='lat' dir='ltr'><strong>istud</strong></span> <span class='ocrx_word' id='word_1_357' title='bbox 1133 1035 1335 1066; x_wconf 85' lang='lat' dir='ltr'><strong>vocabulum</strong></span> <span class='ocrx_word' id='word_1_358' title='bbox 1365 1044 1461 1075; x_wconf 79' lang='lat' dir='ltr'><strong>aeque</strong></span> <span class='ocrx_word' id='word_1_359' title='bbox 1489 1033 1533 1064; x_wconf 88' lang='lat' dir='ltr'><strong>de</strong></span> <span class='ocrx_word' id='word_1_360' title='bbox 1559 1034 1616 1074; x_wconf 87' lang='lat' dir='ltr'><strong>jn-</strong></span> 
     </span>
     <span class='ocr_line' id='line_1_70' title="bbox 911 1083 1616 1128; baseline -0.007 -9"><span class='ocrx_word' id='word_1_361' title='bbox 911 1091 1032 1119; x_wconf 89' lang='lat' dir='ltr'><strong>mento</strong></span> <span class='ocrx_word' id='word_1_362' title='bbox 1049 1092 1151 1128; x_wconf 87' lang='lat' dir='ltr'><strong>atque</strong></span> <span class='ocrx_word' id='word_1_363' title='bbox 1168 1085 1300 1117; x_wconf 81' lang='lat' dir='ltr'><strong>homine</strong></span> <span class='ocrx_word' id='word_1_364' title='bbox 1316 1083 1488 1124; x_wconf 80' lang='grc' dir='ltr'>ὰχθοφόρῳ.</span> <span class='ocrx_word' id='word_1_365' title='bbox 1517 1083 1616 1114; x_wconf 89' lang='lat' dir='ltr'><strong>Simi-</strong></span> 
     </span>
     <span class='ocr_line' id='line_1_71' title="bbox 910 1133 1616 1176; baseline -0.004 -9"><span class='ocrx_word' id='word_1_366' title='bbox 910 1137 990 1167; x_wconf 84' lang='lat' dir='ltr'><strong>liter</strong></span> <span class='ocrx_word' id='word_1_367' title='bbox 1032 1135 1221 1176; x_wconf 83' lang='lat' dir='ltr'><strong>sagmarius</strong></span> <span class='ocrx_word' id='word_1_368' title='bbox 1260 1136 1313 1165; x_wconf 87' lang='lat' dir='ltr'><strong>vel</strong></span> <span class='ocrx_word' id='word_1_369' title='bbox 1352 1134 1537 1165; x_wconf 86' lang='lat' dir='ltr'><strong>saumarius</strong></span> <span class='ocrx_word' id='word_1_370' title='bbox 1572 1133 1616 1164; x_wconf 91' lang='lat' dir='ltr'><strong>de</strong></span> 
     </span>
     <span class='ocr_line' id='line_1_72' title="bbox 913 1185 1615 1226; baseline -0.003 -10"><span class='ocrx_word' id='word_1_371' title='bbox 913 1192 1058 1226; x_wconf 87' lang='lat' dir='ltr'><strong>utroque</strong></span> <span class='ocrx_word' id='word_1_372' title='bbox 1077 1185 1259 1225; x_wconf 80' lang='lat' dir='ltr'><strong>accipitur.</strong></span> <span class='ocrx_word' id='word_1_373' title='bbox 1305 1185 1426 1216; x_wconf 87' lang='lat' dir='ltr'><strong>Utitur</strong></span> <span class='ocrx_word' id='word_1_374' title='bbox 1443 1185 1505 1215; x_wconf 88' lang='lat' dir='ltr'><strong>hac</strong></span> <span class='ocrx_word' id='word_1_375' title='bbox 1531 1193 1615 1215; x_wconf 82' lang='lat' dir='ltr'><strong>voce</strong></span> 
     </span>
     <span class='ocr_line' id='line_1_73' title="bbox 913 1234 1616 1275; baseline -0.004 -9"><span class='ocrx_word' id='word_1_376' title='bbox 913 1236 1085 1267; x_wconf 89' lang='lat' dir='ltr'><strong>Lucilius:</strong></span> <span class='ocrx_word' id='word_1_377' title='bbox 1115 1237 1124 1252; x_wconf 89' lang='lat'>‘</span> <span class='ocrx_word' id='word_1_378' title='bbox 1137 1235 1218 1274; x_wconf 88' lang='lat' dir='ltr'><strong>Hic,</strong></span> <span class='ocrx_word' id='word_1_379' title='bbox 1232 1236 1379 1275; x_wconf 86' lang='lat' dir='ltr'><strong>inquam,</strong></span> <span class='ocrx_word' id='word_1_380' title='bbox 1395 1234 1495 1264; x_wconf 87' lang='lat' dir='ltr'><strong>rudet</strong></span> <span class='ocrx_word' id='word_1_381' title='bbox 1513 1243 1531 1264; x_wconf 91' lang='lat' dir='ltr'><strong>e</strong></span> <span class='ocrx_word' id='word_1_382' title='bbox 1546 1243 1616 1264; x_wconf 86' lang='lat' dir='ltr'><strong>ros-</strong></span> 
     </span>
     <span class='ocr_line' id='line_1_74' title="bbox 914 1284 1618 1326; baseline -0.004 -9"><span class='ocrx_word' id='word_1_383' title='bbox 914 1286 1094 1326; x_wconf 87' lang='lat' dir='ltr'><strong>tris,atque</strong></span> <span class='ocrx_word' id='word_1_384' title='bbox 1105 1285 1287 1326; x_wconf 83' lang='lat' dir='ltr'><strong>ejulitabit,</strong></span> <span class='ocrx_word' id='word_1_385' title='bbox 1298 1286 1513 1316; x_wconf 88' lang='lat' dir='ltr'><strong>Concursans</strong></span> <span class='ocrx_word' id='word_1_386' title='bbox 1524 1284 1618 1315; x_wconf 82' lang='lat' dir='ltr'><strong>velu-</strong></span> 
     </span>
     <span class='ocr_line' id='line_1_75' title="bbox 915 1334 1617 1377; baseline -0.003 -10"><span class='ocrx_word' id='word_1_387' title='bbox 915 1336 940 1368; x_wconf 87' lang='lat' dir='ltr'><strong>ti</strong></span> <span class='ocrx_word' id='word_1_388' title='bbox 955 1336 1124 1375; x_wconf 86' lang='lat' dir='ltr'><strong>ancarins,</strong></span> <span class='ocrx_word' id='word_1_389' title='bbox 1137 1336 1298 1377; x_wconf 83' lang='lat' dir='ltr'><strong>clareque</strong></span> <span class='ocrx_word' id='word_1_390' title='bbox 1315 1334 1500 1376; x_wconf 59' lang='lat' dir='ltr'><strong>quiritans!</strong></span> <span class='ocrx_word' id='word_1_391' title='bbox 1525 1335 1617 1366; x_wconf 91' lang='lat' dir='ltr'><strong>Hinc</strong></span> 
     </span>
     <span class='ocr_line' id='line_1_76' title="bbox 913 1384 1619 1427; baseline -0.003 -10"><span class='ocrx_word' id='word_1_392' title='bbox 913 1384 1619 1427; x_wconf 58' lang='lat' dir='ltr'><strong>Ancliariaffaniilia,quemadmodnmAsel-</strong></span> 
     </span>
     <span class='ocr_line' id='line_1_77' title="bbox 913 1436 1620 1476; baseline -0.004 -8"><span class='ocrx_word' id='word_1_393' title='bbox 913 1439 970 1469; x_wconf 89' lang='lat' dir='ltr'><strong>lia.</strong></span> <span class='ocrx_word' id='word_1_394' title='bbox 1000 1437 1135 1469; x_wconf 77' lang='lat' dir='ltr'><strong>Vossius.</strong></span> <span class='ocrx_word' id='word_1_395' title='bbox 1162 1437 1227 1467; x_wconf 84' lang='lat' dir='ltr'><strong>Per</strong></span> <span class='ocrx_word' id='word_1_396' title='bbox 1243 1436 1447 1476; x_wconf 78' lang='lat' dir='ltr'><strong>Anchialum]</strong></span> <span class='ocrx_word' id='word_1_397' title='bbox 1477 1436 1620 1468; x_wconf 86' lang='lat' dir='ltr'><strong>Omissis</strong></span> 
     </span>
     <span class='ocr_line' id='line_1_78' title="bbox 915 1486 1618 1530; baseline -0.003 -12"><span class='ocrx_word' id='word_1_398' title='bbox 915 1498 989 1530; x_wconf 84' lang='lat' dir='ltr'><strong>quae</strong></span> <span class='ocrx_word' id='word_1_399' title='bbox 1022 1488 1076 1518; x_wconf 90' lang='lat' dir='ltr'><strong>hic</strong></span> <span class='ocrx_word' id='word_1_400' title='bbox 1118 1487 1291 1518; x_wconf 86' lang='lat' dir='ltr'><strong>Domitius</strong></span> <span class='ocrx_word' id='word_1_401' title='bbox 1332 1487 1532 1518; x_wconf 89' lang='lat' dir='ltr'><strong>Calderinus</strong></span> <span class='ocrx_word' id='word_1_402' title='bbox 1575 1486 1618 1516; x_wconf 90' lang='lat' dir='ltr'><strong>de</strong></span> 
     </span>
     <span class='ocr_line' id='line_1_79' title="bbox 915 1537 1619 1579; baseline -0.006 -7"><span class='ocrx_word' id='word_1_403' title='bbox 915 1546 1028 1572; x_wconf 88' lang='lat' dir='ltr'><strong>statua</strong></span> <span class='ocrx_word' id='word_1_404' title='bbox 1044 1544 1079 1570; x_wconf 86' lang='lat' dir='ltr'><strong>et</strong></span> <span class='ocrx_word' id='word_1_405' title='bbox 1103 1540 1238 1570; x_wconf 88' lang='lat' dir='ltr'><strong>numine</strong></span> <span class='ocrx_word' id='word_1_406' title='bbox 1259 1538 1484 1579; x_wconf 83' lang='lat' dir='ltr'><strong>Sardanapali</strong></span> <span class='ocrx_word' id='word_1_407' title='bbox 1500 1539 1533 1569; x_wconf 90' lang='lat' dir='ltr'><strong>in</strong></span> <span class='ocrx_word' id='word_1_408' title='bbox 1549 1537 1619 1568; x_wconf 89' lang='lat' dir='ltr'><strong>An-</strong></span> 
     </span>
     <span class='ocr_line' id='line_1_80' title="bbox 916 1587 1619 1629; baseline -0.006 -7"><span class='ocrx_word' id='word_1_409' title='bbox 916 1591 1026 1622; x_wconf 89' lang='lat' dir='ltr'><strong>chiala</strong></span> <span class='ocrx_word' id='word_1_410' title='bbox 1039 1589 1122 1620; x_wconf 90' lang='lat' dir='ltr'><strong>urbe</strong></span> <span class='ocrx_word' id='word_1_411' title='bbox 1136 1589 1266 1620; x_wconf 84' lang='lat' dir='ltr'><strong>Ciliciae</strong></span> <span class='ocrx_word' id='word_1_412' title='bbox 1280 1589 1431 1627; x_wconf 85' lang='lat' dir='ltr'><strong>culto,et</strong></span> <span class='ocrx_word' id='word_1_413' title='bbox 1443 1598 1517 1629; x_wconf 86' lang='lat' dir='ltr'><strong>quae</strong></span> <span class='ocrx_word' id='word_1_414' title='bbox 1531 1587 1619 1618; x_wconf 90' lang='lat' dir='ltr'><strong>Her-</strong></span> 
     </span>
     <span class='ocr_line' id='line_1_81' title="bbox 916 1638 1621 1677; baseline -0.006 -5"><span class='ocrx_word' id='word_1_415' title='bbox 916 1641 1046 1672; x_wconf 86' lang='lat' dir='ltr'><strong>molaus</strong></span> <span class='ocrx_word' id='word_1_416' title='bbox 1073 1639 1115 1670; x_wconf 88' lang='lat' dir='ltr'><strong>ad</strong></span> <span class='ocrx_word' id='word_1_417' title='bbox 1144 1639 1292 1670; x_wconf 89' lang='lat' dir='ltr'><strong>Plinium</strong></span> <span class='ocrx_word' id='word_1_418' title='bbox 1323 1638 1383 1669; x_wconf 89' lang='lat' dir='ltr'><strong>lib.</strong></span> <span class='ocrx_word' id='word_1_419' title='bbox 1407 1642 1439 1669; x_wconf 90' lang='lat'><strong>5.</strong></span> <span class='ocrx_word' id='word_1_420' title='bbox 1467 1648 1543 1677; x_wconf 81' lang='lat' dir='ltr'><strong>cap.</strong></span> <span class='ocrx_word' id='word_1_421' title='bbox 1565 1640 1621 1669; x_wconf 81' lang='grc'><strong>27.</strong></span> 
     </span>
     <span class='ocr_line' id='line_1_82' title="bbox 918 1689 1622 1732; baseline -0.003 -10"><span class='ocrx_word' id='word_1_422' title='bbox 918 1702 993 1732; x_wconf 69' lang='lat' dir='ltr'><strong>quae</strong></span> <span class='ocrx_word' id='word_1_423' title='bbox 1011 1691 1114 1722; x_wconf 77' lang='lat' dir='ltr'><strong>etiam</strong></span> <span class='ocrx_word' id='word_1_424' title='bbox 1129 1691 1174 1721; x_wconf 93' lang='lat' dir='ltr'><strong>N.</strong></span> <span class='ocrx_word' id='word_1_425' title='bbox 1192 1690 1360 1730; x_wconf 80' lang='lat' dir='ltr'><strong>Rigaltins</strong></span> <span class='ocrx_word' id='word_1_426' title='bbox 1374 1689 1417 1720; x_wconf 91' lang='lat' dir='ltr'><strong>de</strong></span> <span class='ocrx_word' id='word_1_427' title='bbox 1443 1689 1622 1727; x_wconf 88' lang='lat' dir='ltr'><strong>Anchialo,</strong></span> 
     </span>
     <span class='ocr_line' id='line_1_83' title="bbox 922 1739 1622 1783; baseline -0.003 -11"><span class='ocrx_word' id='word_1_428' title='bbox 922 1751 1021 1783; x_wconf 87' lang='lat' dir='ltr'><strong>quem</strong></span> <span class='ocrx_word' id='word_1_429' title='bbox 1050 1740 1222 1772; x_wconf 88' lang='lat' dir='ltr'><strong>Martialis</strong></span> <span class='ocrx_word' id='word_1_430' title='bbox 1254 1749 1395 1780; x_wconf 89' lang='lat' dir='ltr'><strong>puerum</strong></span> <span class='ocrx_word' id='word_1_431' title='bbox 1425 1739 1530 1770; x_wconf 88' lang='lat' dir='ltr'><strong>fuisse</strong></span> <span class='ocrx_word' id='word_1_432' title='bbox 1563 1748 1622 1770; x_wconf 89' lang='lat' dir='ltr'><strong>an-</strong></span> 
     </span>
     <span class='ocr_line' id='line_1_84' title="bbox 920 1788 1622 1830; baseline -0.006 -7"><span class='ocrx_word' id='word_1_433' title='bbox 920 1796 1047 1824; x_wconf 82' lang='lat' dir='ltr'><strong>tumat:</strong></span> <span class='ocrx_word' id='word_1_434' title='bbox 1091 1790 1232 1821; x_wconf 85' lang='lat' dir='ltr'><strong>attende</strong></span> <span class='ocrx_word' id='word_1_435' title='bbox 1269 1790 1394 1820; x_wconf 86' lang='lat' dir='ltr'><strong>clarius</strong></span> <span class='ocrx_word' id='word_1_436' title='bbox 1438 1788 1522 1830; x_wconf 71' lang='grc' dir='ltr'>(τόγ’</span> <span class='ocrx_word' id='word_1_437' title='bbox 1557 1789 1622 1828; x_wconf 73' lang='grc' dir='ltr'>ἐμοὶ</span> 
     </span>
     <span class='ocr_line' id='line_1_85' title="bbox 919 1839 1622 1881; baseline -0.003 -9"><span class='ocrx_word' id='word_1_438' title='bbox 919 1840 1040 1881; x_wconf 82' lang='grc' dir='ltr'>δοκοῦν)</span> <span class='ocrx_word' id='word_1_439' title='bbox 1058 1842 1170 1871; x_wconf 88' lang='lat' dir='ltr'><strong>lumen</strong></span> <span class='ocrx_word' id='word_1_440' title='bbox 1194 1845 1230 1871; x_wconf 89' lang='lat' dir='ltr'><strong>et</strong></span> <span class='ocrx_word' id='word_1_441' title='bbox 1255 1849 1399 1870; x_wconf 83' lang='lat' dir='ltr'><strong>acumen</strong></span> <span class='ocrx_word' id='word_1_442' title='bbox 1423 1839 1496 1871; x_wconf 86' lang='lat' dir='ltr'><strong>Jos.</strong></span> <span class='ocrx_word' id='word_1_443' title='bbox 1519 1840 1622 1870; x_wconf 91' lang='lat' dir='ltr'><strong>Scali-</strong></span> 
     </span>
     <span class='ocr_line' id='line_1_86' title="bbox 920 1889 1623 1932; baseline -0.003 -10"><span class='ocrx_word' id='word_1_444' title='bbox 920 1893 988 1932; x_wconf 83' lang='lat' dir='ltr'><strong>geri</strong></span> <span class='ocrx_word' id='word_1_445' title='bbox 1007 1892 1038 1922; x_wconf 94' lang='lat' dir='ltr'><strong>in</strong></span> <span class='ocrx_word' id='word_1_446' title='bbox 1053 1891 1247 1930; x_wconf 83' lang='lat' dir='ltr'><strong>Prolegom.</strong></span> <span class='ocrx_word' id='word_1_447' title='bbox 1270 1889 1312 1920; x_wconf 90' lang='lat' dir='ltr'><strong>ad</strong></span> <span class='ocrx_word' id='word_1_448' title='bbox 1328 1890 1430 1920; x_wconf 86' lang='lat' dir='ltr'><strong>libros</strong></span> <span class='ocrx_word' id='word_1_449' title='bbox 1446 1889 1487 1919; x_wconf 87' lang='lat' dir='ltr'><strong>de</strong></span> <span class='ocrx_word' id='word_1_450' title='bbox 1504 1890 1623 1921; x_wconf 87' lang='lat' dir='ltr'><strong>Emen-</strong></span> 
     </span>
     <span class='ocr_line' id='line_1_87' title="bbox 922 1939 1623 1980; baseline -0.006 -7"><span class='ocrx_word' id='word_1_451' title='bbox 922 1943 1062 1973; x_wconf 85' lang='lat' dir='ltr'><strong>datione</strong></span> <span class='ocrx_word' id='word_1_452' title='bbox 1077 1946 1286 1980; x_wconf 81' lang='lat' dir='ltr'><strong>temporum3</strong></span> <span class='ocrx_word' id='word_1_453' title='bbox 1312 1939 1369 1969; x_wconf 90' lang='lat' dir='ltr'><strong>ubi</strong></span> <span class='ocrx_word' id='word_1_454' title='bbox 1385 1939 1427 1969; x_wconf 85' lang='lat' dir='ltr'><strong>de</strong></span> <span class='ocrx_word' id='word_1_455' title='bbox 1443 1939 1623 1979; x_wconf 83' lang='lat' dir='ltr'><strong>Tyriorum</strong></span> 
     </span>
     <span class='ocr_line' id='line_1_88' title="bbox 921 1988 1623 2027; baseline -0.009 -3"><span class='ocrx_word' id='word_1_456' title='bbox 921 1997 956 2024; x_wconf 90' lang='lat' dir='ltr'><strong>et</strong></span> <span class='ocrx_word' id='word_1_457' title='bbox 969 1991 1182 2023; x_wconf 87' lang='lat' dir='ltr'><strong>Sidoniorum</strong></span> <span class='ocrx_word' id='word_1_458' title='bbox 1192 1989 1337 2019; x_wconf 83' lang='lat' dir='ltr'><strong>dialecto</strong></span> <span class='ocrx_word' id='word_1_459' title='bbox 1349 1988 1536 2027; x_wconf 89' lang='lat' dir='ltr'><strong>disserens;</strong></span> <span class='ocrx_word' id='word_1_460' title='bbox 1554 1990 1562 2005; x_wconf 87' lang='lat'>‘</span> <span class='ocrx_word' id='word_1_461' title='bbox 1579 1989 1623 2020; x_wconf 87' lang='lat' dir='ltr'><strong>Et</strong></span> 
     </span>
     <span class='ocr_line' id='line_1_89' title="bbox 920 2038 1624 2082; baseline -0.009 -8"><span class='ocrx_word' id='word_1_462' title='bbox 920 2041 1023 2082; x_wconf 79' lang='lat' dir='ltr'><strong>sane,&#39;</strong></span> <span class='ocrx_word' id='word_1_463' title='bbox 1040 2041 1161 2082; x_wconf 87' lang='lat' dir='ltr'><strong>inquit,</strong></span> <span class='ocrx_word' id='word_1_464' title='bbox 1175 2041 1184 2057; x_wconf 92' lang='lat'>‘</span> <span class='ocrx_word' id='word_1_465' title='bbox 1199 2040 1317 2069; x_wconf 85' lang='lat' dir='ltr'><strong>mirum</strong></span> <span class='ocrx_word' id='word_1_466' title='bbox 1332 2043 1383 2070; x_wconf 86' lang='lat' dir='ltr'><strong>est</strong></span> <span class='ocrx_word' id='word_1_467' title='bbox 1400 2038 1464 2069; x_wconf 88' lang='lat' dir='ltr'><strong>illis</strong></span> <span class='ocrx_word' id='word_1_468' title='bbox 1479 2039 1624 2070; x_wconf 89' lang='lat' dir='ltr'><strong>sanctis-</strong></span> 
     </span>
     <span class='ocr_line' id='line_1_90' title="bbox 920 2089 1622 2130; baseline -0.01 -5"><span class='ocrx_word' id='word_1_469' title='bbox 920 2094 1040 2125; x_wconf 85' lang='lat' dir='ltr'><strong>simum</strong></span> <span class='ocrx_word' id='word_1_470' title='bbox 1065 2090 1167 2122; x_wconf 75' lang='lat' dir='ltr'><strong>fnisse</strong></span> <span class='ocrx_word' id='word_1_471' title='bbox 1190 2089 1425 2130; x_wconf 86' lang='lat' dir='ltr'><strong>jusjurandum</strong></span> <span class='ocrx_word' id='word_1_472' title='bbox 1458 2089 1622 2119; x_wconf 79' lang='lat' dir='ltr'><strong>Korban:</strong></span> 
     </span>
     <span class='ocr_line' id='line_1_91' title="bbox 922 2129 1622 2178; baseline -0.009 0"><span class='ocrx_word' id='word_1_473' title='bbox 922 2151 960 2178; x_wconf 87' lang='lat' dir='ltr'><strong>ut</strong></span> <span class='ocrx_word' id='word_1_474' title='bbox 979 2145 1112 2178; x_wconf 75' lang='lat' dir='ltr'><strong>Judaeis</strong></span> <span class='ocrx_word' id='word_1_475' title='bbox 1138 2129 1219 2172; x_wconf 54' lang='lat' dir='ltr'><strong>riba</strong></span> <span class='ocrx_word' id='word_1_476' title='bbox 1237 2144 1278 2171; x_wconf 78' lang='grc' dir='ltr'><strong>’Π</strong></span> <span class='ocrx_word' id='word_1_477' title='bbox 1298 2142 1351 2172; x_wconf 82' lang='lat' dir='ltr'><strong>vei</strong></span> <span class='ocrx_word' id='word_1_478' title='bbox 1370 2142 1454 2170; x_wconf 68' lang='lat' dir='ltr'><strong>ruri’</strong></span> <span class='ocrx_word' id='word_1_479' title='bbox 1477 2143 1517 2170; x_wconf 76' lang='grc' dir='ltr'><strong>’Π</strong></span> <span class='ocrx_word' id='word_1_480' title='bbox 1536 2142 1622 2172; x_wconf 81' lang='lat' dir='ltr'><strong>Cha-</strong></span> 
     </span>
     <span class='ocr_line' id='line_1_92' title="bbox 917 2191 1623 2238; baseline -0.007 -11"><span class='ocrx_word' id='word_1_481' title='bbox 917 2197 989 2238; x_wconf 90' lang='lat' dir='ltr'><strong>jala</strong></span> <span class='ocrx_word' id='word_1_482' title='bbox 1024 2195 1080 2226; x_wconf 91' lang='lat' dir='ltr'><strong>vel</strong></span> <span class='ocrx_word' id='word_1_483' title='bbox 1117 2192 1334 2233; x_wconf 86' lang='lat' dir='ltr'><strong>Chajadonai.</strong></span> <span class='ocrx_word' id='word_1_484' title='bbox 1370 2191 1438 2222; x_wconf 89' lang='lat' dir='ltr'><strong>Sed</strong></span> <span class='ocrx_word' id='word_1_485' title='bbox 1468 2196 1623 2232; x_wconf 89' lang='lat' dir='ltr'><strong>tempore</strong></span> 
     </span>
     <span class='ocr_line' id='line_1_93' title="bbox 923 2242 1626 2284; baseline -0.01 -5"><span class='ocrx_word' id='word_1_486' title='bbox 923 2245 1094 2279; x_wconf 89' lang='lat' dir='ltr'><strong>Martialis</strong></span> <span class='ocrx_word' id='word_1_487' title='bbox 1102 2242 1370 2284; x_wconf 86' lang='lat' dir='ltr'><strong>pronunciabant</strong></span> <span class='ocrx_word' id='word_1_488' title='bbox 1381 2242 1527 2272; x_wconf 81' lang='lat' dir='ltr'><strong>Chialia:</strong></span> <span class='ocrx_word' id='word_1_489' title='bbox 1540 2242 1584 2273; x_wconf 83' lang='lat' dir='ltr'><strong>Ju</strong></span> <span class='ocrx_word' id='word_1_490' title='bbox 1591 2251 1626 2273; x_wconf 85' lang='lat' dir='ltr'><strong>ra</strong></span> 
     </span>
     <span class='ocr_line' id='line_1_94' title="bbox 924 2292 1622 2338; baseline -0.007 -10"><span class='ocrx_word' id='word_1_491' title='bbox 924 2306 1030 2338; x_wconf 90' lang='lat' dir='ltr'><strong>verpe</strong></span> <span class='ocrx_word' id='word_1_492' title='bbox 1047 2305 1108 2336; x_wconf 86' lang='lat' dir='ltr'><strong>per</strong></span> <span class='ocrx_word' id='word_1_493' title='bbox 1122 2293 1336 2325; x_wconf 83' lang='lat' dir='ltr'><strong>Anchialum.</strong></span> <span class='ocrx_word' id='word_1_494' title='bbox 1375 2293 1464 2324; x_wconf 78' lang='lat' dir='ltr'><strong>Quia</strong></span> <span class='ocrx_word' id='word_1_495' title='bbox 1481 2292 1622 2324; x_wconf 84' lang='lat' dir='ltr'><strong>Judaeos</strong></span> 
     </span>
     <span class='ocr_line' id='line_1_95' title="bbox 925 2343 1622 2382; baseline -0.014 -3"><span class='ocrx_word' id='word_1_496' title='bbox 925 2346 1086 2380; x_wconf 86' lang='lat' dir='ltr'><strong>audiebat</strong></span> <span class='ocrx_word' id='word_1_497' title='bbox 1119 2343 1236 2374; x_wconf 84' lang='lat' dir='ltr'><strong>Chiala</strong></span> <span class='ocrx_word' id='word_1_498' title='bbox 1261 2343 1399 2382; x_wconf 72' lang='lat' dir='ltr'><strong>jurare,</strong></span> <span class='ocrx_word' id='word_1_499' title='bbox 1437 2345 1622 2382; x_wconf 84' lang='lat' dir='ltr'><strong>propterea</strong></span> 
     </span>
     <span class='ocr_line' id='line_1_96' title="bbox 925 2392 1623 2440; baseline -0.009 -10"><span class='ocrx_word' id='word_1_500' title='bbox 925 2398 1066 2440; x_wconf 85' lang='lat' dir='ltr'><strong>putabat</strong></span> <span class='ocrx_word' id='word_1_501' title='bbox 1094 2404 1167 2425; x_wconf 81' lang='lat' dir='ltr'><strong>esse</strong></span> <span class='ocrx_word' id='word_1_502' title='bbox 1198 2393 1409 2431; x_wconf 88' lang='lat' dir='ltr'><strong>Anchialum,</strong></span> <span class='ocrx_word' id='word_1_503' title='bbox 1439 2392 1528 2433; x_wconf 90' lang='lat' dir='ltr'><strong>qnod</strong></span> <span class='ocrx_word' id='word_1_504' title='bbox 1558 2403 1623 2424; x_wconf 83' lang='lat' dir='ltr'><strong>vox</strong></span> 
     </span>
     <span class='ocr_line' id='line_1_97' title="bbox 925 2442 1622 2484; baseline -0.007 -4"><span class='ocrx_word' id='word_1_505' title='bbox 925 2448 1107 2480; x_wconf 83' lang='lat' dir='ltr'><strong>Anchialus</strong></span> <span class='ocrx_word' id='word_1_506' title='bbox 1145 2445 1256 2475; x_wconf 90' lang='lat' dir='ltr'><strong>notior</strong></span> <span class='ocrx_word' id='word_1_507' title='bbox 1292 2443 1339 2473; x_wconf 88' lang='lat' dir='ltr'><strong>illi</strong></span> <span class='ocrx_word' id='word_1_508' title='bbox 1379 2442 1491 2474; x_wconf 88' lang='lat' dir='ltr'><strong>fuerat</strong></span> <span class='ocrx_word' id='word_1_509' title='bbox 1521 2453 1622 2484; x_wconf 88' lang='lat' dir='ltr'><strong>quam</strong></span> 
     </span>
     <span class='ocr_line' id='line_1_98' title="bbox 927 2493 1624 2535; baseline -0.011 -3"><span class='ocrx_word' id='word_1_510' title='bbox 927 2497 1069 2532; x_wconf 83' lang='lat' dir='ltr'><strong>Chiala.&#39;</strong></span> <span class='ocrx_word' id='word_1_511' title='bbox 1115 2495 1219 2535; x_wconf 85' lang='lat' dir='ltr'><strong>Cujus</strong></span> <span class='ocrx_word' id='word_1_512' title='bbox 1258 2493 1517 2534; x_wconf 86' lang='lat' dir='ltr'><strong>ingeniosissimi</strong></span> <span class='ocrx_word' id='word_1_513' title='bbox 1560 2493 1624 2524; x_wconf 83' lang='lat' dir='ltr'><strong>viri</strong></span> 
     </span>
     <span class='ocr_line' id='line_1_99' title="bbox 926 2543 1623 2591; baseline -0.01 -10"><span class='ocrx_word' id='word_1_514' title='bbox 926 2546 1130 2591; x_wconf 80' lang='lat' dir='ltr'><strong>expositioni</strong></span> <span class='ocrx_word' id='word_1_515' title='bbox 1147 2544 1333 2583; x_wconf 82' lang='lat' dir='ltr'><strong>subscribo,</strong></span> <span class='ocrx_word' id='word_1_516' title='bbox 1349 2543 1411 2573; x_wconf 87' lang='lat' dir='ltr'><strong>nisi</strong></span> <span class='ocrx_word' id='word_1_517' title='bbox 1428 2543 1516 2584; x_wconf 87' lang='lat' dir='ltr'><strong>qnod</strong></span> <span class='ocrx_word' id='word_1_518' title='bbox 1535 2543 1623 2574; x_wconf 68' lang='grc' dir='ltr'><strong>Ροδ-</strong></span> 
     </span>
     <span class='ocr_line' id='line_1_100' title="bbox 928 2594 1622 2640; baseline -0.012 -9"><span class='ocrx_word' id='word_1_519' title='bbox 928 2607 995 2633; x_wconf 89' lang='lat' dir='ltr'><strong>tam</strong></span> <span class='ocrx_word' id='word_1_520' title='bbox 1014 2597 1164 2640; x_wconf 85' lang='lat' dir='ltr'><strong>posuisse</strong></span> <span class='ocrx_word' id='word_1_521' title='bbox 1188 2594 1388 2625; x_wconf 87' lang='lat' dir='ltr'><strong>Anchialum</strong></span> <span class='ocrx_word' id='word_1_522' title='bbox 1414 2603 1476 2633; x_wconf 87' lang='lat' dir='ltr'><strong>pro</strong></span> <span class='ocrx_word' id='word_1_523' title='bbox 1499 2594 1622 2624; x_wconf 89' lang='lat' dir='ltr'><strong>notiori</strong></span> 
     </span>
     <span class='ocr_line' id='line_1_101' title="bbox 925 2643 1624 2688; baseline -0.013 -5"><span class='ocrx_word' id='word_1_524' title='bbox 925 2649 1088 2682; x_wconf 82' lang='lat' dir='ltr'><strong>vocabulo</strong></span> <span class='ocrx_word' id='word_1_525' title='bbox 1105 2645 1271 2688; x_wconf 78' lang='lat' dir='ltr'><strong>(fueritne</strong></span> <span class='ocrx_word' id='word_1_526' title='bbox 1287 2643 1369 2675; x_wconf 87' lang='lat' dir='ltr'><strong>illud</strong></span> <span class='ocrx_word' id='word_1_527' title='bbox 1383 2643 1486 2683; x_wconf 85' lang='lat' dir='ltr'><strong>magi,</strong></span> <span class='ocrx_word' id='word_1_528' title='bbox 1501 2643 1624 2683; x_wconf 82' lang='lat' dir='ltr'><strong>heroiS,</strong></span> 
     </span>
     <span class='ocr_line' id='line_1_102' title="bbox 926 2693 1624 2734; baseline -0.01 -2"><span class='ocrx_word' id='word_1_529' title='bbox 926 2699 1113 2732; x_wconf 85' lang='lat' dir='ltr'><strong>numinisve</strong></span> <span class='ocrx_word' id='word_1_530' title='bbox 1130 2695 1202 2726; x_wconf 85' lang='lat' dir='ltr'><strong>ficti</strong></span> <span class='ocrx_word' id='word_1_531' title='bbox 1214 2703 1334 2725; x_wconf 88' lang='lat' dir='ltr'><strong>nomen</strong></span> <span class='ocrx_word' id='word_1_532' title='bbox 1347 2693 1374 2734; x_wconf 83' lang='lat'><strong>?)</strong></span> <span class='ocrx_word' id='word_1_533' title='bbox 1397 2693 1525 2724; x_wconf 85' lang='lat' dir='ltr'><strong>inficias</strong></span> <span class='ocrx_word' id='word_1_534' title='bbox 1537 2704 1624 2725; x_wconf 89' lang='lat' dir='ltr'><strong>eam.</strong></span> 
     </span>
     <span class='ocr_line' id='line_1_103' title="bbox 927 2743 1624 2785; baseline -0.011 -3"><span class='ocrx_word' id='word_1_535' title='bbox 927 2750 1086 2785; x_wconf 82' lang='lat' dir='ltr'><strong>Quinimo</strong></span> <span class='ocrx_word' id='word_1_536' title='bbox 1099 2752 1204 2778; x_wconf 89' lang='lat' dir='ltr'><strong>totum</strong></span> <span class='ocrx_word' id='word_1_537' title='bbox 1219 2745 1281 2776; x_wconf 89' lang='lat' dir='ltr'><strong>hoc</strong></span> <span class='ocrx_word' id='word_1_538' title='bbox 1292 2749 1326 2775; x_wconf 91' lang='lat' dir='ltr'><strong>et</strong></span> <span class='ocrx_word' id='word_1_539' title='bbox 1337 2744 1506 2784; x_wconf 88' lang='lat' dir='ltr'><strong>integrum</strong></span> <span class='ocrx_word' id='word_1_540' title='bbox 1519 2743 1624 2775; x_wconf 80' lang='lat' dir='ltr'><strong>fuisse</strong></span> 
     </span>
    </p>
   </div>
  </div>
 </body>
</html>
