1866 3131
240 168 352 210 1142

239 274 344 312 daco,
361 276 397 303 et
420 269 652 303 Alexandrina
684 270 797 311 pluma
818 268 940 301 factus.

240 324 331 356 Quid
349 332 431 363 ergo
447 327 540 353 torus
557 320 713 351 illeideni
728 320 860 351 cinctus
878 320 943 350 sin-

240 373 328 405 done
354 373 470 412 olenti,
500 372 532 402 id
566 377 632 411 est,
647 370 877 402 circumdatus
894 376 944 402 to-

238 424 300 454 rali
317 433 358 454 ex
377 423 516 453 sindone
533 422 659 463 Tyria?
684 420 725 452 Id
754 431 832 452 vero
858 432 944 452 surn—

237 483 368 504 marum
388 473 593 512 delitiarum,
607 478 645 503 ut
672 472 860 513 Lampridii
876 472 943 504 Ga-

237 523 352 562 balus,
371 523 441 554 sive
467 521 602 562 Avitus,
626 523 634 540 ‘
651 523 779 563 primus
796 522 942 553 omnium

238 574 448 614 privatorum
465 578 558 604 toros
569 573 679 604 aureis
695 574 858 604 toralibus
872 578 943 603 tex-

238 622 364 664 it,’&c.
389 624 437 655 At
451 624 550 664 vulgo
563 624 668 655 lintea
683 624 803 654 toralia
814 623 855 653 ad
869 633 943 654 cus-

237 673 365 705 todiam
380 674 482 705 vestis
496 675 654 715 stragulae
667 683 860 715 purpureae,
870 674 942 706 sive

240 734 401 765 purpurae
415 735 480 766 qua
494 730 585 756 torus
600 726 774 757 instratus,
791 725 942 766 AEgyptii

238 780 353 807 autem
376 786 434 806 seu
452 777 579 807 Niliaci
598 777 661 807 tori
679 776 804 807 tuncin
818 776 942 816 pretio,

239 831 279 858 ut
296 831 331 857 et
345 827 463 857 lectuli
481 827 607 857 Milesii
629 830 664 857 et
679 826 796 857 Siculi.
831 827 942 867 Vulgo

242 877 477 917 imperitorum
505 876 594 907 idem
622 881 675 907 est
699 876 885 907 ‘lectulus’
908 881 943 907 et

240 928 248 943 ‘
267 932 360 957 torus
376 926 397 956 :'
423 926 482 957 sed
513 927 620 957 lectus
652 931 703 957 est
727 926 827 965 κλίνη,
850 930 942 957 torus

238 976 391 1017 στρωμνὴ,
407 977 440 1007 in
455 982 528 1008 toro
546 978 698 1018 stragula
710 977 825 1016 vestis,
837 987 943 1018 eaque

239 1029 354 1059 cincta
367 1037 425 1058 seu
448 1028 661 1059 circumdata
678 1028 789 1058 torali.
819 1028 945 1065 Sidone,

237 1078 305 1118 ξω]
334 1079 440 1108 Torus
473 1078 613 1109 Sidonio
648 1079 775 1109 tinctus
802 1079 945 1118 murice,

237 1137 442 1170 purpureus.
486 1128 589 1159 Sidon
620 1129 708 1160 enim
735 1129 944 1160 nobilissima

237 1180 317 1210 urbs
359 1179 393 1209 in
428 1179 607 1218 Phoenice,
652 1189 802 1220 purpura
838 1179 942 1210 abun-

241 1231 338 1261 dans.
386 1230 455 1261 Hic
478 1234 592 1260 autem
623 1239 641 1260 a
665 1229 769 1270 poe'ta
793 1239 854 1269 pro
871 1230 946 1270 ipsa

241 1291 408 1321 purpura,
433 1282 528 1311 velut
555 1286 753 1312 contentum
781 1290 842 1321 pro
866 1291 944 1312 con-

237 1332 383 1371 tinente,
405 1331 559 1372 usurpari
590 1331 662 1362 vult
692 1331 894 1369 Scriverius,
911 1337 947 1362 et

236 1382 331 1412 illum
357 1391 489 1412 versum
507 1382 678 1412 Martialis
696 1381 752 1412 lib.
771 1384 821 1412 ll.
836 1381 944 1421 epigr.

236 1436 267 1464 l.
282 1433 328 1463 ita
345 1432 525 1473 legendnm
538 1438 676 1463 censet:
702 1435 709 1449 ‘
722 1433 796 1465 Quo
811 1437 858 1469 tu,
879 1443 945 1473 quo

237 1482 325 1514 liber
342 1483 451 1514 otiose
466 1482 723 1524 tendis,Cultus
740 1483 867 1513 Sidone
881 1493 947 1513 non

237 1534 434 1575 quotidiana
447 1534 470 1565 ?’
494 1535 621 1564 Verum
642 1535 795 1565 Raderus
807 1539 874 1565 tam
897 1535 945 1564 in-

237 1584 407 1615 solentem
446 1583 705 1622 castigationem
745 1593 812 1614 nou
853 1582 944 1622 fert3

238 1643 339 1674 quem
357 1633 444 1665 vide.
490 1634 633 1672 Legitur
658 1639 705 1673 et,
723 1634 847 1665 sindone
863 1634 944 1664 ciuc-

236 1687 302 1723 tus,
324 1683 358 1714 id
384 1688 448 1723 est,
473 1684 592 1724 plagis.
617 1684 717 1724 Angl.
745 1686 896 1725 curtaz'm,
927 1695 944 1715 e

235 1733 380 1764 sindone
399 1734 522 1772 tincta,
535 1734 640 1764 olenti
657 1736 786 1766 murice
805 1736 943 1766 tinctus.

242 1783 327 1819 Quid
352 1784 470 1822 sidone,
496 1784 567 1823 ἔξω]
599 1785 735 1815 Peritus
760 1785 823 1825 vir,
850 1790 944 1816 certe

237 1834 354 1864 multae
370 1834 541 1872 lectionis,
554 1834 601 1864 sic
619 1834 707 1865 hunc
721 1835 829 1865 locum
843 1845 944 1874 expo-

240 1884 314 1914 nit:
341 1883 475 1914 Zoilum
508 1882 641 1914 scilicet
666 1884 809 1914 voluisse
834 1890 945 1915 osten-

237 1940 313 1966 tare
327 1944 409 1974 opes
422 1943 511 1973 snaS,
522 1943 589 1964 non
603 1935 774 1965 tantumin
788 1935 944 1974 stragulis

237 1985 418 2025 purpureis
433 1989 469 2015 et
485 1988 559 2015 toro
578 1984 729 2015 Nilotico
744 1995 753 2023 ς
767 1985 824 2015 sed
842 1985 943 2016 etiam

239 2035 275 2065 in
301 2033 431 2073 fasciis,
456 2033 576 2074 quibus
605 2033 820 2074 obligabatur
837 2035 945 2065 eMe-

238 2084 392 2115 dicorum
410 2083 570 2123 imperio;
595 2093 652 2114 eas
671 2084 846 2124 appellans
861 2085 944 2114 ‘sin-

239 2134 372 2174 dones‚’
396 2138 431 2165 et
447 2134 584 2175 quidem
610 2135 619 2150 ⁴
632 2133 785 2173 olentcs‚’
808 2143 826 2164 e
843 2135 945 2165 muri-

238 2193 276 2215 ce
319 2184 462 2216 scilieet.
508 2183 717 2225 Intelligitur
745 2184 849 2215 etiam
880 2185 944 2216 sin-

240 2237 337 2268 donis
364 2237 500 2268 nomine
532 2238 672 2268 linteum
700 2237 796 2277 illud,
813 2247 879 2278 quo
896 2237 945 2268 in-

240 2287 479 2327 volvebantur,
508 2288 564 2328 qui
597 2287 791 2318 tonsoribus
807 2297 944 2328 operam

237 2337 379 2377 dabant,
396 2343 435 2369 ut
449 2338 633 2369 etiamnum
648 2337 748 2368 hodie
764 2337 814 2368 fit.

280 2392 298 2419 5
326 2389 410 2423 Quid
427 2388 487 2418 tibi
497 2398 565 2418 cum
580 2387 721 2427 medicis]
750 2388 841 2419 Nihil
860 2398 943 2429 opus

239 2438 284 2469 ad
299 2439 388 2469 hunc
404 2438 560 2469 morbum
579 2438 765 2469 curandum
779 2438 944 2478 Medicis;

239 2490 280 2520 ab
313 2490 439 2529 animo,
468 2499 534 2520 non
559 2500 578 2520 a
607 2499 750 2530 corpore
783 2495 943 2530 aegrotas,

236 2540 343 2571 Zoile.
389 2541 473 2571 Tum
500 2541 669 2572 Machaon
700 2541 790 2581 apud
816 2541 942 2572 Home-

237 2600 309 2621 rum
325 2601 343 2621 a
362 2591 565 2630 praestantia
591 2591 769 2622 medicinae
791 2592 942 2622 celebra-

240 2645 304 2670 tur.
329 2640 411 2671 Rad.
429 2641 621 2671 Machaonas
632 2641 749 2681 omnes]
772 2641 941 2681 Medicus,

238 2699 256 2719 a
288 2690 478 2720 Machaone
506 2689 576 2722 filio
603 2691 800 2732 AEsculapii,
818 2692 941 2723 nobili-

238 2745 310 2772 tato
323 2740 364 2771 ab
384 2740 532 2772 Homero
546 2750 619 2772 cum
633 2740 737 2773 fratre
756 2742 939 2775 Podalirio.

704 176 844 207 NOTAE
880 176 1101 207 VARIORU
1112 177 1144 206 M
1182 177 1232 206 {N

1037 273 1056 301 6
1086 270 1140 301 Vis
1153 269 1233 311 fieri
1258 269 1366 309 sarius]
1394 270 1455 300 Est
1479 268 1697 309 Amphibolia

992 319 1027 350 in
1042 331 1125 352 voce
1152 322 1159 337 ‘
1177 319 1302 357 sanus‚'
1327 329 1402 350 nam
1429 323 1465 350 et
1487 319 1530 350 ad
1547 325 1696 351 mentem

995 371 1152 411 refertur,
1179 377 1214 402 et
1232 380 1365 410 corpus.
1409 370 1528 409 Sapies
1557 375 1593 401 et
1609 371 1699 401 vale-

994 422 1058 461 bis,
1070 422 1229 463 deposito
1242 421 1469 462 stragulorum
1484 421 1577 458 luxu,
1589 431 1699 461 sump-

994 473 1108 513 tisque
1147 472 1335 512 vilioribus,
1387 470 1580 512 cujusmodi
1622 480 1698 501 mea

994 527 1085 554 sunt.

1035 574 1138 604 EPm.
1155 582 1250 605 xvn.
1275 576 1291 604 1
1312 572 1478 612 Tonstrix]
1498 572 1609 603 Notat
1623 582 1698 602 ava-

993 631 1063 653 ram
1080 624 1244 654 moecham
1260 624 1408 654 tonsoris
1420 623 1474 662 cuj
1482 623 1610 659 usdam,
1624 632 1697 663 quae

994 673 1218 705 adolescentis
1235 674 1397 714 pecunias
1413 673 1635 704 corradebat:
1651 673 1699 702 lu-

993 725 1042 754 dit
1057 730 1170 755 autem
1187 725 1220 755 in
1238 725 1428 755 nominibus
1453 724 1526 765 ejus
1541 723 1675 754 artificii
1690 734 1699 762 ;

992 778 1167 805 tonsorum
1182 775 1269 805 euim
1283 780 1335 805 est
1351 780 1386 805 et
1402 775 1543 805 tondere
1557 778 1593 804 et
1604 773 1696 804 rade-

993 834 1042 856 re.
1069 824 1233 864 Tonstrix]
1262 825 1419 855 Tonsoris
1434 833 1530 855 uxor.
1556 823 1699 862 Suburae,

992 875 1061 915 ἐξα]
1082 874 1232 905 Habitat
1249 874 1280 904 in
1299 874 1393 904 aditu
1407 873 1614 912 Suburae,de
1632 883 1698 914 qua

993 925 1015 955 1.
1029 928 1058 956 1.
1070 925 1179 965 epigr.
1192 928 1244 955 35.
1264 934 1351 955 vers.
1368 929 1398 956 5.

1035 978 1055 1006 2
1082 976 1232 1015 Cruenta,
1273 975 1340 1016 ἐγὼ]
1379 975 1457 1006 Hoc
1496 975 1571 1006 loco
1605 974 1697 1006 forte

994 1025 1118 1067 Apollo
1133 1031 1243 1057 tortor
1257 1027 1379 1057 cuitus.
1396 1027 1491 1057 Suet.
1503 1029 1532 1057 2.
1547 1029 1699 1056 70.nam-

995 1087 1060 1118 que
1082 1077 1135 1107 hic
1161 1086 1327 1117 suspensa
1350 1075 1497 1117 flagella,
1526 1075 1583 1107 ubi
1599 1076 1702 1107 male·

995 1127 1050 1158 fici
1067 1127 1109 1159 de
1127 1133 1222 1169 tergo
1240 1128 1436 1168 pendebant
1449 1138 1576 1168 poeuas.

1038 1181 1057 1209 3
1081 1179 1235 1219 Argique,
1246 1179 1315 1219 Qu]
1339 1178 1530 1220 Argiletum
1547 1183 1698 1209 sutorum

997 1227 1148 1259 tabernis
1187 1228 1361 1269 frequens.
1398 1238 1452 1269 ep.
1495 1231 1566 1259 118.
1605 1228 1628 1258 Ι.
1668 1231 1698 1258 1.

995 1278 1135 1309 Tmesis.

1038 1333 1056 1359 5
1085 1330 1154 1359 Non
1171 1330 1290 1369 tondet,
1316 1328 1432 1368 inquis,
1443 1327 1512 1368 ᾅέ.]
1536 1327 1604 1358 Alii
1632 1328 1698 1368 leg.

998 1381 1071 1411 Non
1084 1381 1206 1418 tondet,
1222 1380 1337 1420 inquis,
1353 1389 1424 1418 crgo
1440 1379 1624 1419 quidfacis?
1647 1389 1697 1409 ru-

995 1432 1059 1462 dit:
1079 1430 1240 1471 Anglice,
1255 1432 1308 1461 she
1320 1431 1346 1460 is
1360 1441 1378 1460 α
1393 1430 1521 1460 sharer:
1540 1429 1630 1460 radit
1642 1439 1698 1469 pe-

996 1483 1125 1519 eunias,
1142 1482 1361 1519 moechorum,
1379 1481 1431 1511 vel
1459 1481 1580 1520 glubit,
1601 1479 1699 1519 τρίβει

995 1533 1035 1563 τὰ
1046 1533 1180 1571 σχοινία,
1196 1534 1204 1548 ‘
1218 1538 1399 1572 manetque
1415 1531 1449 1561 in
1462 1530 1613 1561 terminis
1626 1536 1699 1560 ton-

997 1583 1118 1615 soriis!
1164 1583 1222 1614 Sic
1249 1584 1331 1623 ξυρεῖ
1354 1583 1386 1612 ἐν
1410 1583 1475 1621 χρῷ
1490 1581 1646 1621 Sophocl.
1664 1581 1697 1611 in

998 1641 1169 1674 μαστιγοφ.
1182 1634 1324 1674 παροιμία
1345 1634 1393 1664 ἐπὶ
1422 1635 1483 1664 τῶν
1508 1631 1699 1663 ἐπικινδύνων

997 1684 1196 1725 πραγμάτων,
1219 1686 1328 1726 inquit
1346 1685 1527 1725 interpres.

1041 1738 1146 1769 Eme..
1173 1747 1282 1768 xvxxi.
1319 1740 1334 1767 1
1363 1737 1462 1777 Capto
1502 1740 1600 1775 luam,
1629 1736 1697 1776 ἐγω]

996 1789 1133 1819 Festive
1182 1789 1334 1819 Maximo
1377 1787 1552 1825 valedicit,
1601 1786 1698 1826 cujus

995 1839 1100 1868 cliens
1115 1837 1247 1876 fuerat3
1273 1843 1306 1868 et
1322 1848 1457 1868 causam
1472 1837 1597 1876 reddit,
1609 1837 1698 1878 quod

995 1888 1167 1918 Maximus
1183 1887 1255 1928 ipse
1271 1887 1377 1917 cliens
1395 1892 1489 1918 esset
1507 1887 1646 1917 alterius
1662 1893 1698 1918 et

996 1938 1169 1978 coenipeta
1192 1938 1316 1968 etiam:
1344 1947 1409 1978 quo
1432 1937 1564 1967 nomine
1582 1947 1698 1977 parem

995 1987 1081 2019 dicit
1097 1992 1278 2029 utrumque.
1295 1997 1370 2018 esse
1386 1998 1394 2024 3
1419 1992 1455 2018 et
1469 1987 1605 2018 tandem
1620 1997 1698 2018 con-

994 2038 1101 2069 cludit
1125 2048 1190 2069 non
1215 2038 1343 2069 debere
1366 2037 1527 2069 clientem
1558 2038 1698 2068 alterius

994 2097 1081 2128 esse,
1111 2089 1168 2129 qui
1193 2088 1407 2119 vultliabere
1435 2088 1594 2119 clientes.
1634 2088 1698 2118 Ra-

995 2140 1099 2170 mires.
1144 2140 1217 2179 Ego
1246 2145 1279 2170 te
1308 2148 1369 2179 pro
1394 2148 1473 2178 rege
1496 2148 1571 2170 meo
1587 2144 1623 2169 et
1640 2148 1696 2180 pa-

995 2194 1092 2220 trono
1119 2189 1321 2228 salutabam,
1350 2189 1555 2228 comitabar,
1585 2199 1698 2230 prose-

994 2241 1134 2281 quebar,
1167 2249 1295 2270 coenam
1333 2240 1408 2271 liinc
1440 2241 1699 2280 promeriturus,

995 2300 1105 2331 neque
1123 2290 1256 2330 negabo
1269 2299 1320 2321 me
1337 2290 1416 2322 hinc
1433 2300 1564 2321 coenam
1580 2296 1697 2331 capta-

995 2350 1048 2372 re:
1073 2341 1132 2371 sed
1151 2346 1185 2371 et
1206 2346 1238 2371 te
1255 2340 1355 2371 video
1377 2341 1497 2372 eadem
1514 2342 1606 2373 obire
1625 2342 1695 2374 offi-

993 2391 1047 2422 cia
1077 2391 1238 2431 (namque
1263 2392 1324 2422 lioc
1342 2391 1513 2423 faciebant
1528 2395 1698 2434 potentio-

993 2452 1057 2472 res.
1070 2442 1192 2474 Juven.
1203 2442 1273 2472 Sat.
1289 2445 1316 2472 1.
1330 2442 1693 2484 117.);quoci1·ca,c1un

991 2491 1054 2522 tibi
1074 2501 1135 2531 par
1150 2491 1222 2530 sim,
1237 2494 1395 2523 renuntio
1421 2499 1487 2524 tuae
1513 2495 1693 2535 clientelae,

990 2541 1068 2572 nolo
1085 2551 1159 2571 esse
1176 2541 1282 2571 cliens
1297 2543 1446 2581 clientis,
1460 2546 1523 2576 ἃς.

1033 2595 1051 2622 5
1079 2591 1187 2622 Comes
1211 2592 1276 2632 ipse
1301 2593 1387 2632 tuus]
1411 2595 1531 2625 Comes
1555 2600 1619 2633 est,
1635 2596 1692 2636 qui

991 2641 1079 2672 latus
1096 2641 1198 2681 tegit,
1224 2642 1359 2672 honoris
1375 2644 1505 2682 gratia:
1531 2644 1639 2675 dictus
1656 2651 1692 2676 et

991 2692 1188 2722 ‘Exterior’
1211 2701 1269 2721 seu
1295 2692 1445 2723 ‘latera’
1489 2693 1691 2725 Anteambulo

990 2742 1088 2782 regis]
1114 2741 1341 2772 Anteainbulo
1371 2743 1425 2783 qni
1445 2743 1609 2783 praecedit
1637 2754 1692 2784 pa-
