1866 3131
458 191 505 219 M.
540 189 650 220 vAL.
685 189 958 220 MARTlAtAS
994 191 1154 221 EPIGR.
1190 192 1281 221 LIB.
1316 193 1366 222 11.

186 284 348 325 dipetam.
386 285 529 325 Marius,
560 286 614 317 eui
643 290 679 317 tu
701 286 781 317 nihil
808 294 882 316 eras

184 336 371 375 legatnrus,
392 337 538 366 moriens
554 336 641 367 dixit
656 346 692 367 se
709 336 771 366 tibi
788 335 884 377 quin-

185 395 252 425 que
291 385 392 416 libras
435 390 639 417 testamento
680 387 884 426 legaturum,

185 435 272 475 qnod
302 440 413 466 tamen
431 445 497 467 non
513 434 607 474 fecit,
621 435 680 466 sed
707 442 740 466 te
764 435 882 466 falsum

184 485 314 517 habuit.
361 487 447 517 Uter
466 495 485 517 e
510 485 604 517 vobis
629 486 823 517 liberalior?
847 492 883 517 tu

183 537 229 567 illi
249 538 342 578 nibil,
366 538 420 568 ille
448 537 509 568 tibi
539 537 662 575 verba3
687 537 767 568 estis
789 543 884 568 certe

186 597 297 627 pares,
312 598 374 619 nec
390 588 509 619 melius
526 588 652 618 vulturi
668 597 743 618 cum
761 597 882 618 corvo:

184 638 258 668 vide
276 639 347 669 Val.
367 639 508 669 Maxim.
526 638 583 669 lib.
599 641 628 669 8.
646 648 721 678 cap.
735 641 766 670 6.

227 691 246 719 2
272 689 305 719 Is
321 689 378 719 tibi
394 688 487 720 verba
500 688 600 728 dedit]
636 688 730 719 Nihil
758 692 885 728 praeter

184 739 289 770 verba
319 739 470 781 reliquit.
531 740 618 770 Nam
649 740 797 778 legatum
833 743 886 770 est

183 790 293 821 inane.
348 789 408 821 Ait
433 791 522 821 enim
551 790 676 829 Poeta,
701 790 786 821 lianc
814 800 885 821 ver-

180 840 298 871 borum
337 840 508 871 dationem
543 841 664 872 merito
701 841 886 881 contigisse

183 892 258 922 huic
295 892 516 932 heredipetae,
554 892 633 933 quia
662 901 774 933 neque
810 893 885 932 ipse

183 945 330 975 Marium
356 943 476 976 officiis
503 949 538 976 ct
561 944 769 975 munusculis
793 944 885 975 colu-

182 1000 269 1033 erat,
299 996 386 1036 quod
416 995 531 1027 facere
548 995 639 1027 soliti
665 999 884 1035 captatores3

181 1049 285 1085 atque
302 1045 497 1086 indejocns.
522 1045 676 1076 Musamb.
691 1045 822 1076 Herald.

223 1097 328 1127 Epio.
346 1105 486 1128 Lxxvu.
511 1100 526 1127 1
548 1098 610 1133 Qui
624 1098 729 1136 longa,
745 1097 812 1137 ἔξω]
830 1096 884 1127 In-

181 1151 299 1187 eptum
316 1147 494 1188 quemdam
512 1148 698 1178 Censorem
724 1147 884 1178 Cosconi-

181 1207 236 1228 um
269 1198 402 1228 nomine
436 1197 569 1237 irridet,
601 1198 689 1239 quod
725 1208 784 1229 sua
814 1198 884 1237 epi-

181 1253 370 1287 grammata
388 1249 488 1289 longa
511 1253 660 1288 putaret,
676 1253 712 1279 et
728 1247 883 1279 defendit

180 1307 217 1328 se
235 1308 337 1340 quum
364 1298 457 1330 dicat
483 1299 584 1339 longa
610 1304 645 1330 et
674 1298 791 1329 brevia
813 1298 884 1338 epi·

178 1353 379 1388 grammata,
409 1359 474 1380 non
505 1359 524 1380 a
549 1358 688 1380 numero
715 1358 885 1388 versuum,

179 1399 238 1430 sed
257 1410 275 1430 a
291 1399 447 1440 subjecta
464 1401 607 1431 materia
623 1409 698 1430 esse
716 1399 882 1430 vocanda.

184 1449 338 1481 Ramz‘res.
383 1450 449 1482 Qui
476 1451 508 1480 iu
539 1450 784 1490 epigrammate
816 1459 882 1480 non

181 1504 251 1531 tam
275 1501 444 1541 argutiam
471 1511 569 1542 quam
595 1501 793 1531 brevitatem
811 1500 881 1530 exi-

181 1551 245 1591 gis,
274 1552 394 1591 probas
420 1556 451 1581 te
478 1551 644 1591 aptiorem
666 1549 740 1581 fore
756 1551 882 1590 aurigae

180 1611 328 1639 servum,
352 1602 408 1643 qui
432 1603 466 1633 in
483 1602 583 1633 Circo
600 1611 680 1632 axes
698 1601 739 1631 ad
763 1601 883 1632 celeri-

181 1656 285 1683 tatem
309 1662 428 1692 ungas,
445 1662 543 1692 quam
561 1652 723 1682 lectorem
739 1651 883 1691 diligen-

183 1709 263 1735 tcm.
311 1703 520 1733 Ramiresius
551 1702 751 1733 Cosconium
782 1701 884 1732 hebe-

182 1760 251 1786 tem
270 1760 305 1786 et
328 1755 487 1786 stolidum
515 1766 534 1785 a
551 1754 662 1786 Poeta
687 1760 882 1795 περιφραστι-

181 1807 240 1836 κῶς
262 1805 328 1836 (lici
356 1812 467 1846 putat,
488 1815 562 1836 cum
579 1806 764 1845 Hispanico
786 1807 882 1843 gordo

181 1855 320 1886 obesum
342 1860 378 1886 et
400 1855 544 1885 stultum
561 1859 670 1886 sonet.
718 1855 793 1886 Nec
816 1864 881 1885 nou

180 1905 326 1946 Anglice
357 1905 498 1936 dicimus
532 1906 599 1937 You
630 1915 684 1936 ure
706 1909 755 1936 too
773 1906 882 1944 fatto

178 1957 318 1988 conceive
344 1957 416 1988 this.
441 1956 540 1989 Quod
567 1962 604 1987 et
625 1957 712 1988 Hor.
729 1960 758 1988 3.
782 1967 881 1989 serm.

176 2007 235 2039 lib.
265 2017 288 2038 1.
327 2013 484 2047 testatur,
521 2007 655 2038 ‘Tardo
693 2017 881 2047 cognomen

178 2058 314 2099 pinguis
326 2057 466 2088 damus.’
490 2058 535 2088 Et
546 2057 710 2098 ‘gurdos,’
725 2068 807 2098 quos
821 2067 882 2098 pro

177 2109 310 2139 stolidis
342 2108 468 2148 accipit
493 2108 625 2147 vulgus,
650 2117 691 2138 ex
717 2108 884 2147 Hispania

178 2158 316 2189 duxisse
333 2159 496 2198 originem
511 2159 637 2198 audivi,
657 2159 765 2200 inquit
778 2160 883 2191 Quin·

180 2209 313 2239 tiliauus
327 2209 348 2240 1.
369 2212 397 2240 l.
416 2219 446 2239 c.
462 2212 494 2239 9.
513 2209 589 2240 vide
605 2217 641 2240 et
654 2209 803 2240 Laudem
821 2210 883 2240 asi-

177 2258 211 2289 ni
228 2260 274 2289 D.
292 2259 436 2290 Heinsii.

222 2311 241 2339 2
268 2309 364 2340 Utilis
389 2311 554 2349 ungendis,
584 2309 651 2350 Sym]
672 2310 767 2341 Servi
794 2312 881 2342 auri-

179 2368 295 2399 garum
321 2359 478 2390 solebant
500 2360 532 2390 in
559 2360 660 2391 Circo
684 2366 720 2392 et
736 2360 778 2391 ad
794 2371 881 2391 sum-

179 2419 265 2440 mam
288 2410 501 2441 celeritatem
526 2420 605 2441 axes
630 2421 768 2452 ungere.
813 2412 882 2454 Ap-

177 2465 249 2491 tum
262 2461 340 2491 huic
356 2462 493 2501 negotio
503 2460 651 2492 futurum
662 2463 880 2502 Cosconium,

177 2512 366 2542 celeritatis
388 2513 458 2542 sive
475 2513 653 2543 brevitatis
668 2514 853 2545 studiosum
869 2525 878 2552 ς

179 2567 213 2594 et
239 2563 296 2603 qui
320 2562 566 2602 epigrammata
581 2563 683 2594 etiam
700 2565 881 2596 celerrima

179 2613 250 2643 sive
271 2612 469 2643 brevissima
483 2613 576 2644 velit.
599 2614 755 2646 Musamb.

221 2666 239 2694 3
266 2663 338 2693 Hac
355 2663 483 2704 tustra]
507 2665 634 2696 Eadem
662 2667 791 2698 ratione
814 2677 881 2708 qua

178 2714 287 2753 epigr.
304 2724 379 2745 mea
395 2724 413 2745 a
430 2724 585 2746 mensura
598 2717 709 2756 potius
722 2728 820 2759 quam
839 2718 880 2748 ab

181 2764 315 2804 iugenio
333 2774 464 2805 cemes,
486 2770 518 2796 et
539 2766 715 2798 Colossum
733 2768 791 2808 (de
817 2777 880 2808 quo

1526 180 1638 223 1159

934 285 1043 326 epigr.
1072 289 1104 317 2.
1132 287 1192 318 lib.
1221 288 1359 329 Spect.)
1390 296 1510 328 argues
1541 288 1639 319 nimis

933 345 1006 366 esse
1023 336 1173 376 longum,
1201 342 1235 368 et
1261 343 1405 369 statuam
1423 338 1521 378 pueri
1538 338 1639 369 Bruti

933 385 992 426 (de
1009 395 1075 426 quo
1091 386 1113 417 l.
1130 388 1161 418 9.
1178 387 1288 427 epigr.
1305 391 1357 419 51.
1374 388 1447 419 etl.
1466 389 1518 419 14.
1534 388 1642 428 epigr.

935 435 1025 475 171.)
1059 437 1158 467 nimis
1197 446 1271 468 esse
1308 438 1468 477 brevem;
1504 448 1580 470 cum
1606 439 1639 470 in

933 491 1078 528 utroque
1106 488 1214 518 laudis
1247 498 1378 519 summa
1415 489 1458 520 sit
1493 494 1639 530 propter

932 537 1161 577 symmetriam
1177 548 1184 568 :
1210 537 1243 568 in
1260 538 1333 576 hac,
1348 538 1540 579 brevitatis,
1561 549 1638 580 quae

933 596 1062 627 puero,
1088 587 1120 618 in
1154 588 1225 627 illo,
1253 588 1455 627 altitudinis,
1476 599 1552 630 quae
1576 589 1643 620 Im·

934 638 1087 678 peratori
1114 639 1192 669 Deo
1219 639 1392 670 convenit.
1417 639 1507 670 Plin.
1536 640 1557 671 l.
1582 642 1634 670 34.

934 696 964 718 c.
982 690 1014 719 S.

975 743 993 769 5
1018 739 1121 770 Marsi
1136 740 1291 781 doctique]
1316 741 1425 781 Supra
1448 741 1558 782 epigr.
1581 745 1635 773 71.

934 800 1020 821 vers.
1036 793 1066 821 2.
1084 795 1120 822 et
1136 792 1246 832 epigr.
1262 795 1314 823 99.
1330 793 1351 823 l.
1370 796 1401 823 7.
1421 801 1506 824 vers.
1524 795 1554 822 7.
1572 794 1633 823 Pe-

933 840 1037 881 donis]
1071 843 1110 873 C.
1141 843 1294 873 Pedonis
1325 841 1531 874 Albinovani
1567 844 1638 884 epi-

934 893 1164 932 grammatarii
1182 893 1354 925 laudatiss.

977 946 997 974 6
1020 943 1109 984 Soepe
1144 946 1269 984 duplex,
1294 945 1364 985 ξω]
1402 946 1502 986 Saepe
1536 956 1639 977 uuum

934 995 1143 1035 epigramma
1157 996 1252 1027 binas
1268 997 1389 1037 implet
1406 998 1562 1037 paginas:
1581 1009 1639 1029 seu

934 1045 1064 1077 duabus
1079 1047 1208 1087 paginis
1220 1057 1320 1078 unum
1334 1053 1466 1079 tantum
1477 1049 1641 1090 epigram-

933 1105 987 1126 ma
1003 1097 1201 1129 absolvitur.

976 1150 995 1177 8
1023 1148 1081 1186 Tu,
1096 1149 1236 1185 Cosconi,
1248 1148 1318 1189 ἔξω]
1333 1150 1402 1180 Tua
1417 1150 1640 1190 epigramma-

933 1202 980 1237 ta,
998 1199 1050 1229 vel
1071 1199 1281 1239 brevissima,
1297 1204 1375 1230 sunt
1400 1200 1498 1231 nimis
1516 1201 1640 1240 longa3

933 1252 971 1278 ut
989 1258 1063 1289 quae
1081 1249 1221 1280 taedium
1249 1254 1285 1280 et
1310 1259 1471 1280 nauseam
1496 1251 1640 1290 pariant.

933 1298 996 1329 Vel
1023 1299 1103 1340 quia
1130 1303 1202 1330 tota
1232 1300 1302 1331 vita
1328 1300 1506 1336 laborasti,
1527 1305 1562 1331 et
1578 1311 1642 1331 nec

932 1358 1034 1379 unum
1051 1349 1216 1380 distichon
1236 1349 1428 1389 absolvisti,
1441 1355 1476 1381 et
1490 1349 1641 1381 edidisti.

934 1400 1088 1431 Raderus.

976 1450 1080 1482 Eme.
1097 1460 1252 1482 Lxxvm.
1276 1454 1288 1481 1
1308 1451 1520 1492 AEstivo‚l5·c.]
1538 1451 1640 1482 Ther-

931 1510 995 1532 mae
1019 1507 1101 1541 tuae,
1129 1511 1210 1542 quas
1235 1502 1364 1533 calidas
1392 1511 1465 1533 esse
1490 1507 1638 1542 oportet,

932 1552 965 1581 in
999 1556 1129 1583 tantum
1156 1552 1288 1592 frigidae
1321 1558 1411 1589 sunt,
1445 1557 1482 1583 ut
1516 1553 1569 1584 vel
1605 1554 1638 1584 in

933 1605 1054 1632 aestate
1071 1603 1181 1641 pisces
1197 1613 1217 1632 a
1233 1603 1452 1643 corruptione
1465 1603 1638 1635 vindicare

934 1652 1078 1692 possint.
1124 1654 1241 1693 Fingit
1257 1662 1336 1694 ergo
1354 1654 1466 1685 Poeta
1483 1664 1517 1685 se
1534 1655 1638 1686 inter-

934 1702 1044 1742 rogari
1069 1712 1087 1732 a
1104 1703 1304 1742 Caeciliano,
1331 1703 1386 1733 ubi
1411 1708 1525 1744 posset
1548 1715 1639 1737 com-

933 1753 1030 1783 mode
1046 1753 1171 1793 piscem
1188 1755 1308 1784 aestivo
1324 1759 1475 1794 tempore.
1488 1764 1637 1787 servare.

934 1803 1133 1843 Respondet
1149 1803 1192 1834 ab
1206 1804 1440 1844 inexpectato,
1451 1805 1483 1835 in
1498 1805 1638 1836 thermis

934 1853 1001 1884 tuis
1020 1858 1130 1894 potes.

978 1905 1084 1935 Epic.
1101 1913 1231 1936 Lxxrx.
1257 1908 1272 1936 1
1296 1904 1459 1945 Vocatum]
1476 1905 1541 1939 Qui
1558 1906 1638 1937 alias

934 1964 953 1985 a
965 1958 999 1985 te
1015 1955 1176 1985 invitatus
1190 1965 1242 1985 me
1256 1965 1418 1986 excusare
1432 1957 1636 1997 sole0,quod

934 2005 999 2036 alio
1026 2006 1087 2036 sim
1120 2006 1295 2045 invitatus,
1318 2006 1389 2046 jam
1417 2007 1506 2038 domi
1530 2017 1638 2046 coeuo,

932 2065 993 2087 cur
1028 2065 1080 2086 me
1112 2066 1178 2086 non
1208 2056 1355 2087 invitas?
1376 2057 1444 2088 Sed
1475 2062 1569 2088 recte
1594 2058 1635 2088 P.

934 2107 1124 2138 Scriverius
1141 2117 1159 2137 e
1174 2108 1303 2148 scripto
1330 2108 1413 2148 legit
1426 2118 1558 2148 vocasse,
1573 2109 1637 2140 hac

934 2162 1060 2196 niente,
1099 2158 1234 2189 Nasicae
1274 2159 1453 2199 coenipetae
1488 2159 1637 2190 suboluit·

935 2218 1031 2239 coeua
1056 2214 1224 2249 apparata
1242 2220 1261 2240 a
1282 2209 1458 2248 Martiale,
1473 2214 1507 2240 et
1525 2210 1637 2241 vocati

933 2259 1102 2291 convivae:
1128 2259 1251 2290 invitat
1281 2260 1396 2300 itaque
1426 2260 1635 2299 Martialem,

932 2319 1072 2350 sperans
1089 2309 1219 2340 scilicet
1232 2309 1305 2340 fore
1321 2315 1359 2340 ut
1376 2314 1410 2340 et
1425 2310 1498 2349 ipse
1514 2310 1635 2344 invite.

932 2366 987 2392 tur
1010 2360 1050 2391 ab
1067 2369 1127 2397 eo;
1145 2369 1245 2400 quam
1264 2365 1378 2390 tamen
1397 2359 1552 2390 technam
1566 2361 1634 2392 dis-

932 2411 1069 2442 simulat
1087 2409 1198 2440 Po'cta
1220 2418 1255 2439 se
1280 2410 1498 2449 intelligere3
1523 2410 1582 2441 sed
1598 2417 1634 2442 et

931 2472 1007 2493 eum
1025 2461 1167 2500 deludit,
1182 2460 1407 2501 praeteritque
1428 2460 1525 2491 simul
1541 2460 1635 2492 festi-

931 2522 972 2543 va
988 2511 1049 2542 hac
1069 2520 1145 2541 usus
1164 2510 1395 2541 excusatione.

973 2565 1082 2595 ELEG.
1099 2571 1211 2593 Lxxx.
1229 2565 1242 2592 1
1261 2562 1401 2592 Fannius
1410 2562 1475 2602 ipse
1487 2562 1633 2603 peremit]

930 2615 1080 2645 Fannius
1110 2613 1226 2653 Caepio
1255 2613 1343 2653 quod
1373 2613 1406 2643 in
1440 2613 1632 2654 Augustum

930 2665 1142 2705 conjurasset
1172 2663 1398 2703 proscriptuS,
1426 2668 1463 2694 ut
1495 2674 1631 2704 percus-

931 2725 1021 2745 sores
1038 2713 1188 2753 fugeret,
1203 2723 1237 2743 se
1252 2714 1324 2753 ipse
1340 2713 1523 2745 interemit.

975 2769 993 2796 2
1012 2766 1082 2796 Non
1098 2764 1191 2802 surm·
1206 2768 1261 2804 est,
1277 2764 1344 2805 εγω]
1369 2765 1454 2796 Vide
1479 2766 1585 2806 epigr.
1601 2768 1631 2797 9.
