<?xml version="1.0" encoding="UTF-8"?>
<!DOCTYPE html PUBLIC "-//W3C//DTD XHTML 1.0 Transitional//EN"
    "http://www.w3.org/TR/xhtml1/DTD/xhtml1-transitional.dtd">
<html xmlns="http://www.w3.org/1999/xhtml" xml:lang="en" lang="en">
 <head>
  <title>
</title>
<meta http-equiv="Content-Type" content="text/html;charset=utf-8" />
  <meta name='ocr-system' content='tesseract 3.04.00' />
  <meta name='ocr-capabilities' content='ocr_page ocr_carea ocr_par ocr_line ocrx_word'/>
</head>
<body>
  <div class='ocr_page' id='page_1' title='image "./epigrammataexedi03martuoft_0081.png"; bbox 0 0 1866 3131; ppageno 0'>
   <div class='ocr_carea' id='block_1_1' title="bbox 391 180 582 210">
    <p class='ocr_par' dir='ltr' id='par_1_1' title="bbox 391 180 582 210">
     <span class='ocr_line' id='line_1_1' title="bbox 391 180 582 210; baseline 0 -2"><span class='ocrx_word' id='word_1_1' title='bbox 391 181 438 209; x_wconf 83' lang='lat' dir='ltr'><strong>M.</strong></span> <span class='ocrx_word' id='word_1_2' title='bbox 473 180 582 210; x_wconf 70' lang='lat' dir='ltr'><strong>vAL.</strong></span> 
     </span>
    </p>
   </div>
   <div class='ocr_carea' id='block_1_2' title="bbox 107 274 814 1818">
    <p class='ocr_par' dir='ltr' id='par_1_2' title="bbox 109 274 814 459">
     <span class='ocr_line' id='line_1_2' title="bbox 111 274 813 315; baseline -0.001 -10"><span class='ocrx_word' id='word_1_3' title='bbox 111 274 269 315; x_wconf 75' lang='lat' dir='ltr'><strong>suffragia</strong></span> <span class='ocrx_word' id='word_1_4' title='bbox 280 276 410 306; x_wconf 83' lang='lat' dir='ltr'><strong>laturus</strong></span> <span class='ocrx_word' id='word_1_5' title='bbox 427 275 665 313; x_wconf 79' lang='lat' dir='ltr'><strong>claudebatur,</strong></span> <span class='ocrx_word' id='word_1_6' title='bbox 680 284 754 315; x_wconf 77' lang='lat' dir='ltr'><strong>quae</strong></span> <span class='ocrx_word' id='word_1_7' title='bbox 767 275 813 305; x_wconf 81' lang='lat' dir='ltr'><strong>lo.</strong></span> 
     </span>
     <span class='ocr_line' id='line_1_3' title="bbox 109 325 814 368; baseline -0.003 -11"><span class='ocrx_word' id='word_1_8' title='bbox 109 337 147 357; x_wconf 86' lang='lat' dir='ltr'><strong>ca</strong></span> <span class='ocrx_word' id='word_1_9' title='bbox 166 338 185 358; x_wconf 87' lang='lat' dir='ltr'><strong>a</strong></span> <span class='ocrx_word' id='word_1_10' title='bbox 201 328 423 359; x_wconf 73' lang='lat' dir='ltr'><strong>similitudine</strong></span> <span class='ocrx_word' id='word_1_11' title='bbox 436 330 555 368; x_wconf 84' lang='lat' dir='ltr'><strong>‘septa</strong></span> <span class='ocrx_word' id='word_1_12' title='bbox 573 327 581 339; x_wconf 92' lang='lat'>’</span> <span class='ocrx_word' id='word_1_13' title='bbox 598 332 633 357; x_wconf 89' lang='lat' dir='ltr'><strong>et</strong></span> <span class='ocrx_word' id='word_1_14' title='bbox 664 328 673 343; x_wconf 89' lang='lat'>‘</span> <span class='ocrx_word' id='word_1_15' title='bbox 689 325 814 356; x_wconf 85' lang='lat' dir='ltr'><strong>ovilia&#39;</strong></span> 
     </span>
     <span class='ocr_line' id='line_1_4' title="bbox 113 376 811 419; baseline -0.001 -11"><span class='ocrx_word' id='word_1_16' title='bbox 113 378 397 417; x_wconf 77' lang='lat' dir='ltr'>appellabantur:</span> <span class='ocrx_word' id='word_1_17' title='bbox 427 378 504 409; x_wconf 88' lang='lat' dir='ltr'><strong>vide</strong></span> <span class='ocrx_word' id='word_1_18' title='bbox 531 387 606 419; x_wconf 85' lang='lat' dir='ltr'><strong>quae</strong></span> <span class='ocrx_word' id='word_1_19' title='bbox 632 376 673 408; x_wconf 83' lang='lat' dir='ltr'><strong>ad</strong></span> <span class='ocrx_word' id='word_1_20' title='bbox 690 376 811 408; x_wconf 86' lang='lat' dir='ltr'><strong>Juven.</strong></span> 
     </span>
     <span class='ocr_line' id='line_1_5' title="bbox 113 428 333 459; baseline 0.009 -2"><span class='ocrx_word' id='word_1_21' title='bbox 113 431 144 458; x_wconf 81' lang='lat'><strong>6.</strong></span> <span class='ocrx_word' id='word_1_22' title='bbox 167 428 239 459; x_wconf 85' lang='lat' dir='ltr'><strong>Sat.</strong></span> <span class='ocrx_word' id='word_1_23' title='bbox 258 431 333 459; x_wconf 81' lang='lat'><strong>528.</strong></span> 
     </span>
    </p>

    <p class='ocr_par' dir='ltr' id='par_1_3' title="bbox 111 478 812 760">
     <span class='ocr_line' id='line_1_6' title="bbox 154 478 812 519; baseline 0 -11"><span class='ocrx_word' id='word_1_24' title='bbox 154 482 174 508; x_wconf 74' lang='lat'><strong>6</strong></span> <span class='ocrx_word' id='word_1_25' title='bbox 200 479 388 519; x_wconf 73' lang='lat' dir='ltr'><strong>Phyllirz&#39;cles</strong></span> <span class='ocrx_word' id='word_1_26' title='bbox 416 482 558 519; x_wconf 79' lang='lat' dir='ltr'><strong>praestet,</strong></span> <span class='ocrx_word' id='word_1_27' title='bbox 589 478 659 518; x_wconf 53' lang='grc' dir='ltr'><strong>ὅπη]</strong></span> <span class='ocrx_word' id='word_1_28' title='bbox 704 478 812 510; x_wconf 81' lang='lat' dir='ltr'><strong>Juxta</strong></span> 
     </span>
     <span class='ocr_line' id='line_1_7' title="bbox 111 529 811 569; baseline -0.001 -10"><span class='ocrx_word' id='word_1_29' title='bbox 111 535 207 568; x_wconf 80' lang='lat' dir='ltr'><strong>septa</strong></span> <span class='ocrx_word' id='word_1_30' title='bbox 221 534 293 560; x_wconf 73' lang='lat' dir='ltr'><strong>erat</strong></span> <span class='ocrx_word' id='word_1_31' title='bbox 307 530 469 569; x_wconf 89' lang='lat' dir='ltr'><strong>templum</strong></span> <span class='ocrx_word' id='word_1_32' title='bbox 481 529 633 568; x_wconf 78' lang='lat' dir='ltr'><strong>Neptuni</strong></span> <span class='ocrx_word' id='word_1_33' title='bbox 646 537 721 559; x_wconf 88' lang='lat' dir='ltr'><strong>cum</strong></span> <span class='ocrx_word' id='word_1_34' title='bbox 735 537 811 567; x_wconf 87' lang='lat' dir='ltr'><strong>por-</strong></span> 
     </span>
     <span class='ocr_line' id='line_1_8' title="bbox 112 577 811 619; baseline 0 -11"><span class='ocrx_word' id='word_1_35' title='bbox 112 578 240 615; x_wconf 60' lang='lat' dir='ltr'><strong>ticu‚»in</strong></span> <span class='ocrx_word' id='word_1_36' title='bbox 258 588 323 619; x_wconf 88' lang='lat' dir='ltr'><strong>qua</strong></span> <span class='ocrx_word' id='word_1_37' title='bbox 340 579 477 619; x_wconf 87' lang='lat' dir='ltr'><strong>depicta</strong></span> <span class='ocrx_word' id='word_1_38' title='bbox 495 578 560 609; x_wconf 88' lang='lat' dir='ltr'><strong>fnit</strong></span> <span class='ocrx_word' id='word_1_39' title='bbox 584 578 724 609; x_wconf 69' lang='lat' dir='ltr'><strong>historia</strong></span> <span class='ocrx_word' id='word_1_40' title='bbox 751 577 811 609; x_wconf 83' lang='lat' dir='ltr'><strong>Ar-</strong></span> 
     </span>
     <span class='ocr_line' id='line_1_9' title="bbox 113 628 811 668; baseline 0.001 -10"><span class='ocrx_word' id='word_1_41' title='bbox 113 633 351 666; x_wconf 66' lang='lat' dir='ltr'><strong>gonautarum,</strong></span> <span class='ocrx_word' id='word_1_42' title='bbox 374 634 408 659; x_wconf 90' lang='lat' dir='ltr'><strong>ct</strong></span> <span class='ocrx_word' id='word_1_43' title='bbox 436 630 467 660; x_wconf 92' lang='lat' dir='ltr'><strong>in</strong></span> <span class='ocrx_word' id='word_1_44' title='bbox 494 629 558 668; x_wconf 81' lang='lat' dir='ltr'><strong>his,</strong></span> <span class='ocrx_word' id='word_1_45' title='bbox 582 629 736 660; x_wconf 86' lang='lat' dir='ltr'><strong>Chironis</strong></span> <span class='ocrx_word' id='word_1_46' title='bbox 752 628 811 659; x_wconf 81' lang='lat' dir='ltr'><strong>filii</strong></span> 
     </span>
     <span class='ocr_line' id='line_1_10' title="bbox 113 678 809 719; baseline 0.003 -12"><span class='ocrx_word' id='word_1_47' title='bbox 113 678 266 718; x_wconf 79' lang='lat' dir='ltr'><strong>Neptuni</strong></span> <span class='ocrx_word' id='word_1_48' title='bbox 284 689 323 709; x_wconf 83' lang='lat' dir='ltr'><strong>ac</strong></span> <span class='ocrx_word' id='word_1_49' title='bbox 340 679 531 719; x_wconf 74' lang='lat' dir='ltr'><strong>Phyllire53</strong></span> <span class='ocrx_word' id='word_1_50' title='bbox 556 684 658 719; x_wconf 87' lang='lat' dir='ltr'><strong>atque</strong></span> <span class='ocrx_word' id='word_1_51' title='bbox 676 679 809 711; x_wconf 80' lang='lat' dir='ltr'><strong>Jasonis</strong></span> 
     </span>
     <span class='ocr_line' id='line_1_11' title="bbox 114 729 330 760; baseline 0.009 -2"><span class='ocrx_word' id='word_1_52' title='bbox 114 729 236 759; x_wconf 63' lang='lat' dir='ltr'><strong>frisone</strong></span> <span class='ocrx_word' id='word_1_53' title='bbox 249 730 330 760; x_wconf 85' lang='lat' dir='ltr'><strong>nati.</strong></span> 
     </span>
    </p>

    <p class='ocr_par' dir='ltr' id='par_1_4' title="bbox 109 779 812 1122">
     <span class='ocr_line' id='line_1_12' title="bbox 155 779 812 819; baseline 0 -11"><span class='ocrx_word' id='word_1_54' title='bbox 155 781 172 808; x_wconf 81' lang='lat'>7</span> <span class='ocrx_word' id='word_1_55' title='bbox 202 779 415 819; x_wconf 74' lang='lat' dir='ltr'><strong>Memphitica,</strong></span> <span class='ocrx_word' id='word_1_56' title='bbox 426 780 495 819; x_wconf 45' lang='lat' dir='ltr'><strong>&amp;cst</strong></span> <span class='ocrx_word' id='word_1_57' title='bbox 510 779 686 819; x_wconf 84' lang='lat' dir='ltr'><strong>Templum</strong></span> <span class='ocrx_word' id='word_1_58' title='bbox 701 779 812 816; x_wconf 78' lang='lat' dir='ltr'><strong>Isidis,</strong></span> 
     </span>
     <span class='ocr_line' id='line_1_13' title="bbox 112 832 810 872; baseline 0.003 -13"><span class='ocrx_word' id='word_1_59' title='bbox 112 832 209 871; x_wconf 82' lang='lat' dir='ltr'><strong>cujus</strong></span> <span class='ocrx_word' id='word_1_60' title='bbox 241 841 337 862; x_wconf 83' lang='lat' dir='ltr'><strong>sacra</strong></span> <span class='ocrx_word' id='word_1_61' title='bbox 365 842 404 862; x_wconf 85' lang='lat' dir='ltr'><strong>ex</strong></span> <span class='ocrx_word' id='word_1_62' title='bbox 426 833 575 872; x_wconf 70' lang='lat' dir='ltr'><strong>AEgypto</strong></span> <span class='ocrx_word' id='word_1_63' title='bbox 605 833 654 869; x_wconf 78' lang='lat' dir='ltr'><strong>(in</strong></span> <span class='ocrx_word' id='word_1_64' title='bbox 672 841 736 872; x_wconf 87' lang='lat' dir='ltr'><strong>qua</strong></span> <span class='ocrx_word' id='word_1_65' title='bbox 754 841 810 862; x_wconf 93' lang='lat' dir='ltr'><strong>no-</strong></span> 
     </span>
     <span class='ocr_line' id='line_1_14' title="bbox 114 881 808 922; baseline -0.001 -10"><span class='ocrx_word' id='word_1_66' title='bbox 114 882 273 912; x_wconf 87' lang='lat' dir='ltr'><strong>bilissima</strong></span> <span class='ocrx_word' id='word_1_67' title='bbox 303 882 424 913; x_wconf 85' lang='lat' dir='ltr'><strong>civitas</strong></span> <span class='ocrx_word' id='word_1_68' title='bbox 448 881 639 922; x_wconf 82' lang='lat' dir='ltr'><strong>Memphis)</strong></span> <span class='ocrx_word' id='word_1_69' title='bbox 671 882 808 911; x_wconf 81' lang='lat' dir='ltr'>Romam</span> 
     </span>
     <span class='ocr_line' id='line_1_15' title="bbox 113 932 809 973; baseline 0 -11"><span class='ocrx_word' id='word_1_70' title='bbox 113 933 291 971; x_wconf 78' lang='lat' dir='ltr'><strong>translata,</strong></span> <span class='ocrx_word' id='word_1_71' title='bbox 322 933 355 963; x_wconf 91' lang='lat' dir='ltr'><strong>in</strong></span> <span class='ocrx_word' id='word_1_72' title='bbox 383 943 503 973; x_wconf 89' lang='lat' dir='ltr'><strong>campo</strong></span> <span class='ocrx_word' id='word_1_73' title='bbox 542 932 670 963; x_wconf 78' lang='lat' dir='ltr'><strong>Martio</strong></span> <span class='ocrx_word' id='word_1_74' title='bbox 702 942 809 972; x_wconf 85' lang='lat' dir='ltr'><strong>prope</strong></span> 
     </span>
     <span class='ocr_line' id='line_1_16' title="bbox 110 983 810 1023; baseline 0.003 -13"><span class='ocrx_word' id='word_1_75' title='bbox 110 987 216 1022; x_wconf 83' lang='lat' dir='ltr'><strong>septa.</strong></span> <span class='ocrx_word' id='word_1_76' title='bbox 262 983 338 1014; x_wconf 88' lang='lat' dir='ltr'><strong>Hoc</strong></span> <span class='ocrx_word' id='word_1_77' title='bbox 356 983 521 1023; x_wconf 87' lang='lat' dir='ltr'><strong>templum</strong></span> <span class='ocrx_word' id='word_1_78' title='bbox 537 983 692 1013; x_wconf 85' lang='lat' dir='ltr'><strong>Tiberius</strong></span> <span class='ocrx_word' id='word_1_79' title='bbox 714 992 810 1013; x_wconf 82' lang='lat' dir='ltr'><strong>ever-</strong></span> 
     </span>
     <span class='ocr_line' id='line_1_17' title="bbox 110 1032 809 1071; baseline 0 -9"><span class='ocrx_word' id='word_1_80' title='bbox 110 1037 214 1071; x_wconf 84' lang='lat' dir='ltr'>terat,</span> <span class='ocrx_word' id='word_1_81' title='bbox 245 1033 305 1064; x_wconf 86' lang='lat' dir='ltr'><strong>sed</strong></span> <span class='ocrx_word' id='word_1_82' title='bbox 322 1034 375 1063; x_wconf 81' lang='lat' dir='ltr'><strong>vel</strong></span> <span class='ocrx_word' id='word_1_83' title='bbox 400 1043 522 1064; x_wconf 88' lang='lat' dir='ltr'><strong>nomen</strong></span> <span class='ocrx_word' id='word_1_84' title='bbox 548 1033 611 1063; x_wconf 89' lang='lat' dir='ltr'><strong>loci</strong></span> <span class='ocrx_word' id='word_1_85' title='bbox 636 1032 809 1071; x_wconf 80' lang='lat' dir='ltr'><strong>manebat,</strong></span> 
     </span>
     <span class='ocr_line' id='line_1_18' title="bbox 109 1083 765 1122; baseline 0.002 -10"><span class='ocrx_word' id='word_1_86' title='bbox 109 1083 164 1113; x_wconf 87' lang='lat' dir='ltr'><strong>vel</strong></span> <span class='ocrx_word' id='word_1_87' title='bbox 188 1083 229 1113; x_wconf 88' lang='lat' dir='ltr'><strong>ab</strong></span> <span class='ocrx_word' id='word_1_88' title='bbox 245 1083 310 1114; x_wconf 88' lang='lat' dir='ltr'><strong>alio</strong></span> <span class='ocrx_word' id='word_1_89' title='bbox 326 1083 415 1122; x_wconf 87' lang='lat' dir='ltr'><strong>Imp.</strong></span> <span class='ocrx_word' id='word_1_90' title='bbox 432 1083 658 1114; x_wconf 88' lang='lat' dir='ltr'><strong>instauratum</strong></span> <span class='ocrx_word' id='word_1_91' title='bbox 676 1087 765 1113; x_wconf 86' lang='lat' dir='ltr'><strong>erat.</strong></span> 
     </span>
    </p>

    <p class='ocr_par' dir='ltr' id='par_1_5' title="bbox 107 1133 810 1474">
     <span class='ocr_line' id='line_1_19' title="bbox 151 1133 809 1173; baseline 0.002 -11"><span class='ocrx_word' id='word_1_92' title='bbox 151 1136 170 1162; x_wconf 89' lang='grc'>8</span> <span class='ocrx_word' id='word_1_93' title='bbox 208 1133 394 1173; x_wconf 74' lang='lat' dir='ltr'><strong>Cathedrz&#39;s]</strong></span> <span class='ocrx_word' id='word_1_94' title='bbox 441 1133 630 1164; x_wconf 83' lang='lat' dir='ltr'><strong>Subselliis.</strong></span> <span class='ocrx_word' id='word_1_95' title='bbox 679 1133 809 1173; x_wconf 79' lang='lat' dir='ltr'><strong>Moesta]</strong></span> 
     </span>
     <span class='ocr_line' id='line_1_20' title="bbox 109 1182 810 1222; baseline -0.001 -9"><span class='ocrx_word' id='word_1_96' title='bbox 109 1182 260 1222; x_wconf 82' lang='lat' dir='ltr'><strong>Propter</strong></span> <span class='ocrx_word' id='word_1_97' title='bbox 276 1183 380 1213; x_wconf 90' lang='lat' dir='ltr'><strong>virum</strong></span> <span class='ocrx_word' id='word_1_98' title='bbox 394 1182 522 1214; x_wconf 85' lang='lat' dir='ltr'><strong>Osirim</strong></span> <span class='ocrx_word' id='word_1_99' title='bbox 538 1182 696 1213; x_wconf 85' lang='lat' dir='ltr'><strong>amissum</strong></span> <span class='ocrx_word' id='word_1_100' title='bbox 710 1187 745 1212; x_wconf 88' lang='lat' dir='ltr'><strong>et</strong></span> <span class='ocrx_word' id='word_1_101' title='bbox 762 1183 810 1212; x_wconf 89' lang='lat' dir='ltr'><strong>in-</strong></span> 
     </span>
     <span class='ocr_line' id='line_1_21' title="bbox 110 1232 810 1273; baseline 0.003 -13"><span class='ocrx_word' id='word_1_102' title='bbox 110 1237 244 1263; x_wconf 77' lang='lat' dir='ltr'><strong>ventum</strong></span> <span class='ocrx_word' id='word_1_103' title='bbox 260 1232 397 1264; x_wconf 86' lang='lat' dir='ltr'><strong>tandem</strong></span> <span class='ocrx_word' id='word_1_104' title='bbox 412 1232 500 1273; x_wconf 88' lang='lat' dir='ltr'><strong>apud</strong></span> <span class='ocrx_word' id='word_1_105' title='bbox 515 1232 667 1263; x_wconf 84' lang='lat' dir='ltr'><strong>Phialam</strong></span> <span class='ocrx_word' id='word_1_106' title='bbox 681 1232 810 1263; x_wconf 85' lang='lat' dir='ltr'><strong>lacera-</strong></span> 
     </span>
     <span class='ocr_line' id='line_1_22' title="bbox 108 1282 808 1324; baseline 0.001 -12"><span class='ocrx_word' id='word_1_107' title='bbox 108 1289 190 1314; x_wconf 87' lang='lat' dir='ltr'><strong>tum.</strong></span> <span class='ocrx_word' id='word_1_108' title='bbox 233 1283 373 1314; x_wconf 82' lang='lat' dir='ltr'><strong>Juvenca</strong></span> <span class='ocrx_word' id='word_1_109' title='bbox 403 1284 480 1324; x_wconf 75' lang='lat' dir='ltr'><strong>tuis]</strong></span> <span class='ocrx_word' id='word_1_110' title='bbox 506 1282 572 1313; x_wconf 87' lang='lat' dir='ltr'><strong>Isis</strong></span> <span class='ocrx_word' id='word_1_111' title='bbox 605 1282 669 1313; x_wconf 87' lang='lat' dir='ltr'><strong>dea</strong></span> <span class='ocrx_word' id='word_1_112' title='bbox 698 1292 740 1312; x_wconf 85' lang='lat' dir='ltr'><strong>ex</strong></span> <span class='ocrx_word' id='word_1_113' title='bbox 769 1282 808 1313; x_wconf 92' lang='lat' dir='ltr'><strong>Io</strong></span> 
     </span>
     <span class='ocr_line' id='line_1_23' title="bbox 107 1331 809 1372; baseline -0.001 -9"><span class='ocrx_word' id='word_1_114' title='bbox 107 1332 226 1363; x_wconf 85' lang='lat' dir='ltr'><strong>Inachi</strong></span> <span class='ocrx_word' id='word_1_115' title='bbox 255 1331 325 1363; x_wconf 84' lang='lat' dir='ltr'><strong>filia</strong></span> <span class='ocrx_word' id='word_1_116' title='bbox 353 1342 371 1363; x_wconf 89' lang='lat' dir='ltr'><strong>a</strong></span> <span class='ocrx_word' id='word_1_117' title='bbox 397 1332 483 1364; x_wconf 87' lang='lat' dir='ltr'>Jove</span> <span class='ocrx_word' id='word_1_118' title='bbox 507 1341 702 1372; x_wconf 86' lang='lat' dir='ltr'><strong>compressa</strong></span> <span class='ocrx_word' id='word_1_119' title='bbox 725 1332 809 1362; x_wconf 89' lang='lat' dir='ltr'><strong>etin</strong></span> 
     </span>
     <span class='ocr_line' id='line_1_24' title="bbox 110 1383 809 1415; baseline 0.001 -3"><span class='ocrx_word' id='word_1_120' title='bbox 110 1391 247 1413; x_wconf 87' lang='lat' dir='ltr'><strong>vaccam</strong></span> <span class='ocrx_word' id='word_1_121' title='bbox 264 1387 406 1413; x_wconf 87' lang='lat' dir='ltr'><strong>mutata.</strong></span> <span class='ocrx_word' id='word_1_122' title='bbox 430 1383 495 1413; x_wconf 90' lang='lat' dir='ltr'><strong>Vel</strong></span> <span class='ocrx_word' id='word_1_123' title='bbox 512 1383 728 1415; x_wconf 82' lang='lat' dir='ltr'><strong>simulacrum</strong></span> <span class='ocrx_word' id='word_1_124' title='bbox 747 1383 809 1414; x_wconf 89' lang='lat' dir='ltr'><strong>Isi-</strong></span> 
     </span>
     <span class='ocr_line' id='line_1_25' title="bbox 110 1432 418 1474; baseline 0.006 -11"><span class='ocrx_word' id='word_1_125' title='bbox 110 1432 160 1464; x_wconf 88' lang='lat' dir='ltr'><strong>dis</strong></span> <span class='ocrx_word' id='word_1_126' title='bbox 174 1433 418 1474; x_wconf 79' lang='lat' dir='ltr'><strong>eratjuvenca.</strong></span> 
     </span>
    </p>

    <p class='ocr_par' dir='ltr' id='par_1_6' title="bbox 110 1484 809 1668">
     <span class='ocr_line' id='line_1_26' title="bbox 151 1484 809 1526; baseline 0.003 -12"><span class='ocrx_word' id='word_1_127' title='bbox 151 1486 171 1514; x_wconf 82' lang='lat'>9</span> <span class='ocrx_word' id='word_1_128' title='bbox 197 1485 340 1523; x_wconf 71' lang='lat' dir='ltr'><strong>Centum,</strong></span> <span class='ocrx_word' id='word_1_129' title='bbox 365 1485 433 1526; x_wconf 45' lang='grc' dir='ltr'><strong>φὴ]</strong></span> <span class='ocrx_word' id='word_1_130' title='bbox 465 1484 643 1516; x_wconf 87' lang='lat' dir='ltr'><strong>Porticum</strong></span> <span class='ocrx_word' id='word_1_131' title='bbox 666 1484 761 1520; x_wconf 85' lang='lat' dir='ltr'><strong>hanc,</strong></span> <span class='ocrx_word' id='word_1_132' title='bbox 777 1493 809 1516; x_wconf 86' lang='lat' dir='ltr'><strong>c.</strong></span> 
     </span>
     <span class='ocr_line' id='line_1_27' title="bbox 110 1536 809 1575; baseline 0 -9"><span class='ocrx_word' id='word_1_133' title='bbox 110 1536 274 1567; x_wconf 84' lang='lat' dir='ltr'><strong>columnis</strong></span> <span class='ocrx_word' id='word_1_134' title='bbox 316 1536 478 1575; x_wconf 87' lang='lat' dir='ltr'><strong>innixam,</strong></span> <span class='ocrx_word' id='word_1_135' title='bbox 513 1537 568 1567; x_wconf 89' lang='lat' dir='ltr'><strong>alii</strong></span> <span class='ocrx_word' id='word_1_136' title='bbox 597 1536 809 1568; x_wconf 84' lang='lat' dir='ltr'><strong>Corinthiam</strong></span> 
     </span>
     <span class='ocr_line' id='line_1_28' title="bbox 111 1585 809 1627; baseline -0.001 -10"><span class='ocrx_word' id='word_1_137' title='bbox 111 1586 172 1618; x_wconf 93' lang='lat' dir='ltr'><strong>Cn.</strong></span> <span class='ocrx_word' id='word_1_138' title='bbox 190 1586 343 1627; x_wconf 86' lang='lat' dir='ltr'><strong>Octavii,</strong></span> <span class='ocrx_word' id='word_1_139' title='bbox 357 1588 414 1618; x_wconf 89' lang='lat' dir='ltr'><strong>alii</strong></span> <span class='ocrx_word' id='word_1_140' title='bbox 427 1587 610 1627; x_wconf 88' lang='lat' dir='ltr'><strong>Vipsanam</strong></span> <span class='ocrx_word' id='word_1_141' title='bbox 632 1585 737 1617; x_wconf 87' lang='lat' dir='ltr'><strong>fuisse</strong></span> <span class='ocrx_word' id='word_1_142' title='bbox 753 1596 809 1617; x_wconf 88' lang='lat' dir='ltr'><strong>au-</strong></span> 
     </span>
     <span class='ocr_line' id='line_1_29' title="bbox 115 1641 258 1668; baseline 0 -1"><span class='ocrx_word' id='word_1_143' title='bbox 115 1641 258 1668; x_wconf 78' lang='lat' dir='ltr'><strong>tuniant.</strong></span> 
     </span>
    </p>

    <p class='ocr_par' dir='ltr' id='par_1_7' title="bbox 110 1686 810 1818">
     <span class='ocr_line' id='line_1_30' title="bbox 155 1686 810 1727; baseline -0.005 -9"><span class='ocrx_word' id='word_1_144' title='bbox 155 1690 195 1718; x_wconf 90' lang='lat'><strong>10</strong></span> <span class='ocrx_word' id='word_1_145' title='bbox 221 1688 361 1727; x_wconf 75' lang='lat' dir='ltr'><strong>Pompeii</strong></span> <span class='ocrx_word' id='word_1_146' title='bbox 397 1688 488 1725; x_wconf 79' lang='lat' dir='ltr'><strong>dona,</strong></span> <span class='ocrx_word' id='word_1_147' title='bbox 524 1686 593 1727; x_wconf 59' lang='lat'><em>8502]</em></span> <span class='ocrx_word' id='word_1_148' title='bbox 634 1686 810 1716; x_wconf 90' lang='lat' dir='ltr'><strong>Porticum</strong></span> 
     </span>
     <span class='ocr_line' id='line_1_31' title="bbox 110 1736 810 1779; baseline 0 -12"><span class='ocrx_word' id='word_1_149' title='bbox 110 1737 328 1779; x_wconf 85' lang='lat' dir='ltr'><strong>Pompejam,</strong></span> <span class='ocrx_word' id='word_1_150' title='bbox 342 1747 448 1778; x_wconf 83' lang='lat' dir='ltr'><strong>prope</strong></span> <span class='ocrx_word' id='word_1_151' title='bbox 461 1746 559 1778; x_wconf 83' lang='lat' dir='ltr'><strong>quam</strong></span> <span class='ocrx_word' id='word_1_152' title='bbox 585 1737 677 1768; x_wconf 86' lang='lat' dir='ltr'><strong>lucus</strong></span> <span class='ocrx_word' id='word_1_153' title='bbox 692 1741 728 1767; x_wconf 85' lang='lat' dir='ltr'><strong>et</strong></span> <span class='ocrx_word' id='word_1_154' title='bbox 745 1736 810 1767; x_wconf 90' lang='lat' dir='ltr'><strong>duo</strong></span> 
     </span>
     <span class='ocr_line' id='line_1_32' title="bbox 115 1789 215 1818; baseline -0.02 0"><span class='ocrx_word' id='word_1_155' title='bbox 115 1789 215 1818; x_wconf 88' lang='lat' dir='ltr'><strong>horti.</strong></span> 
     </span>
    </p>
   </div>
   <div class='ocr_carea' id='block_1_3' title="bbox 107 1844 813 2785">
    <p class='ocr_par' dir='ltr' id='par_1_8' title="bbox 107 1844 813 2330">
     <span class='ocr_line' id='line_1_33' title="bbox 155 1844 812 1884; baseline -0.005 -8"><span class='ocrx_word' id='word_1_156' title='bbox 155 1849 191 1876; x_wconf 82' lang='lat'><strong>11</strong></span> <span class='ocrx_word' id='word_1_157' title='bbox 213 1845 279 1876; x_wconf 83' lang='lat' dir='ltr'><strong>Nec</strong></span> <span class='ocrx_word' id='word_1_158' title='bbox 294 1844 479 1884; x_wconf 75' lang='lat' dir='ltr'><strong>Fortunati]</strong></span> <span class='ocrx_word' id='word_1_159' title='bbox 495 1845 653 1877; x_wconf 84' lang='lat' dir='ltr'><strong>Quatuor</strong></span> <span class='ocrx_word' id='word_1_160' title='bbox 665 1849 742 1875; x_wconf 90' lang='lat' dir='ltr'><strong>sunt</strong></span> <span class='ocrx_word' id='word_1_161' title='bbox 755 1853 812 1874; x_wconf 90' lang='lat' dir='ltr'><strong>no-</strong></span> 
     </span>
     <span class='ocr_line' id='line_1_34' title="bbox 109 1894 811 1926; baseline -0.001 -1"><span class='ocrx_word' id='word_1_162' title='bbox 109 1896 200 1926; x_wconf 87' lang='lat' dir='ltr'><strong>mina</strong></span> <span class='ocrx_word' id='word_1_163' title='bbox 217 1895 411 1925; x_wconf 85' lang='lat' dir='ltr'><strong>balneorum</strong></span> <span class='ocrx_word' id='word_1_164' title='bbox 424 1899 460 1925; x_wconf 92' lang='lat' dir='ltr'><strong>et</strong></span> <span class='ocrx_word' id='word_1_165' title='bbox 477 1894 711 1925; x_wconf 88' lang='lat' dir='ltr'><strong>balneatorum</strong></span> <span class='ocrx_word' id='word_1_166' title='bbox 725 1903 811 1924; x_wconf 89' lang='lat' dir='ltr'><strong>mer—</strong></span> 
     </span>
     <span class='ocr_line' id='line_1_35' title="bbox 109 1945 811 1986; baseline -0.001 -10"><span class='ocrx_word' id='word_1_167' title='bbox 109 1945 407 1985; x_wconf 87' lang='lat' dir='ltr'><strong>cenariorum,hoc</strong></span> <span class='ocrx_word' id='word_1_168' title='bbox 426 1950 490 1985; x_wconf 87' lang='lat' dir='ltr'><strong>est,</strong></span> <span class='ocrx_word' id='word_1_169' title='bbox 519 1945 575 1986; x_wconf 89' lang='lat' dir='ltr'><strong>qui</strong></span> <span class='ocrx_word' id='word_1_170' title='bbox 598 1945 811 1975; x_wconf 84' lang='lat' dir='ltr'><strong>mercenaria</strong></span> 
     </span>
     <span class='ocr_line' id='line_1_36' title="bbox 108 1994 811 2035; baseline -0.001 -9"><span class='ocrx_word' id='word_1_171' title='bbox 108 1994 811 2035; x_wconf 82' lang='lat' dir='ltr'><strong>balneahabent,Fortunati,Fausti,Gryl-</strong></span> 
     </span>
     <span class='ocr_line' id='line_1_37' title="bbox 110 2045 812 2087; baseline -0.003 -10"><span class='ocrx_word' id='word_1_172' title='bbox 110 2047 182 2077; x_wconf 83' lang='lat' dir='ltr'><strong>liae</strong></span> <span class='ocrx_word' id='word_1_173' title='bbox 197 2046 295 2087; x_wconf 87' lang='lat' dir='ltr'><strong>Lupi.</strong></span> <span class='ocrx_word' id='word_1_174' title='bbox 313 2045 379 2077; x_wconf 83' lang='lat' dir='ltr'><strong>Sed</strong></span> <span class='ocrx_word' id='word_1_175' title='bbox 392 2045 507 2086; x_wconf 85' lang='lat' dir='ltr'><strong>Lupus</strong></span> <span class='ocrx_word' id='word_1_176' title='bbox 519 2045 703 2085; x_wconf 86' lang='lat' dir='ltr'><strong>etGryllus</strong></span> <span class='ocrx_word' id='word_1_177' title='bbox 713 2045 812 2075; x_wconf 84' lang='lat' dir='ltr'><strong>habe-</strong></span> 
     </span>
     <span class='ocr_line' id='line_1_38' title="bbox 107 2096 811 2137; baseline 0.001 -11"><span class='ocrx_word' id='word_1_178' title='bbox 107 2097 189 2127; x_wconf 86' lang='lat' dir='ltr'><strong>bant</strong></span> <span class='ocrx_word' id='word_1_179' title='bbox 202 2097 301 2137; x_wconf 87' lang='lat' dir='ltr'><strong>plane</strong></span> <span class='ocrx_word' id='word_1_180' title='bbox 313 2096 520 2135; x_wconf 85' lang='lat' dir='ltr'><strong>contrarias;</strong></span> <span class='ocrx_word' id='word_1_181' title='bbox 534 2096 675 2136; x_wconf 85' lang='lat' dir='ltr'><strong>Gryllus</strong></span> <span class='ocrx_word' id='word_1_182' title='bbox 692 2097 724 2126; x_wconf 90' lang='lat' dir='ltr'><strong>in</strong></span> <span class='ocrx_word' id='word_1_183' title='bbox 735 2096 811 2127; x_wconf 87' lang='lat' dir='ltr'><strong>loco</strong></span> 
     </span>
     <span class='ocr_line' id='line_1_39' title="bbox 108 2146 812 2187; baseline 0.003 -11"><span class='ocrx_word' id='word_1_184' title='bbox 108 2147 267 2187; x_wconf 85' lang='lat' dir='ltr'><strong>depresso</strong></span> <span class='ocrx_word' id='word_1_185' title='bbox 289 2152 324 2178; x_wconf 90' lang='lat' dir='ltr'><strong>et</strong></span> <span class='ocrx_word' id='word_1_186' title='bbox 341 2146 568 2187; x_wconf 89' lang='lat' dir='ltr'><strong>tenebricoso,</strong></span> <span class='ocrx_word' id='word_1_187' title='bbox 582 2148 696 2187; x_wconf 88' lang='lat' dir='ltr'><strong>Lupus</strong></span> <span class='ocrx_word' id='word_1_188' title='bbox 706 2147 739 2178; x_wconf 91' lang='lat' dir='ltr'><strong>in</strong></span> <span class='ocrx_word' id='word_1_189' title='bbox 755 2157 812 2178; x_wconf 88' lang='lat' dir='ltr'><strong>ex-</strong></span> 
     </span>
     <span class='ocr_line' id='line_1_40' title="bbox 108 2197 813 2238; baseline 0 -9"><span class='ocrx_word' id='word_1_190' title='bbox 108 2198 200 2230; x_wconf 87' lang='lat' dir='ltr'><strong>celso</strong></span> <span class='ocrx_word' id='word_1_191' title='bbox 228 2203 263 2228; x_wconf 86' lang='lat' dir='ltr'><strong>et</strong></span> <span class='ocrx_word' id='word_1_192' title='bbox 295 2202 435 2238; x_wconf 84' lang='lat' dir='ltr'><strong>patente</strong></span> <span class='ocrx_word' id='word_1_193' title='bbox 465 2199 552 2232; x_wconf 80' lang='lat' dir='ltr'><strong>loco,</strong></span> <span class='ocrx_word' id='word_1_194' title='bbox 580 2197 685 2227; x_wconf 89' lang='lat' dir='ltr'><strong>veluti</strong></span> <span class='ocrx_word' id='word_1_195' title='bbox 702 2197 813 2238; x_wconf 84' lang='lat' dir='ltr'><strong>Regia</strong></span> 
     </span>
     <span class='ocr_line' id='line_1_41' title="bbox 109 2247 812 2288; baseline 0.001 -9"><span class='ocrx_word' id='word_1_196' title='bbox 109 2249 208 2287; x_wconf 76' lang='lat' dir='ltr'><strong>AEoli‚</strong></span> <span class='ocrx_word' id='word_1_197' title='bbox 225 2247 312 2279; x_wconf 85' lang='lat' dir='ltr'><strong>unde</strong></span> <span class='ocrx_word' id='word_1_198' title='bbox 336 2252 437 2279; x_wconf 90' lang='lat' dir='ltr'><strong>vocat</strong></span> <span class='ocrx_word' id='word_1_199' title='bbox 471 2248 628 2288; x_wconf 85' lang='lat' dir='ltr'><strong>AEoliam,</strong></span> <span class='ocrx_word' id='word_1_200' title='bbox 650 2249 692 2279; x_wconf 85' lang='lat' dir='ltr'><strong>ab</strong></span> <span class='ocrx_word' id='word_1_201' title='bbox 717 2249 812 2280; x_wconf 84' lang='lat' dir='ltr'><strong>AEolo</strong></span> 
     </span>
     <span class='ocr_line' id='line_1_42' title="bbox 110 2299 533 2330; baseline 0 -1"><span class='ocrx_word' id='word_1_202' title='bbox 110 2304 288 2330; x_wconf 70' lang='lat' dir='ltr'><strong>ventorum</strong></span> <span class='ocrx_word' id='word_1_203' title='bbox 307 2299 392 2330; x_wconf 86' lang='lat' dir='ltr'><strong>Deo.</strong></span> <span class='ocrx_word' id='word_1_204' title='bbox 416 2299 533 2329; x_wconf 78' lang='lat' dir='ltr'><strong>Rader.</strong></span> 
     </span>
    </p>

    <p class='ocr_par' dir='ltr' id='par_1_9' title="bbox 107 2348 812 2542">
     <span class='ocr_line' id='line_1_43' title="bbox 153 2348 812 2390; baseline -0.003 -10"><span class='ocrx_word' id='word_1_205' title='bbox 153 2353 191 2380; x_wconf 78' lang='lat'><strong>12</strong></span> <span class='ocrx_word' id='word_1_206' title='bbox 212 2350 317 2390; x_wconf 80' lang='lat' dir='ltr'><strong>Grylli</strong></span> <span class='ocrx_word' id='word_1_207' title='bbox 330 2350 480 2388; x_wconf 75' lang='lat' dir='ltr'><strong>tenebras,</strong></span> <span class='ocrx_word' id='word_1_208' title='bbox 498 2348 696 2389; x_wconf 84' lang='lat' dir='ltr'><strong>AEolz&#39;amque</strong></span> <span class='ocrx_word' id='word_1_209' title='bbox 715 2349 812 2389; x_wconf 80' lang='lat' dir='ltr'><strong>Lupi]</strong></span> 
     </span>
     <span class='ocr_line' id='line_1_44' title="bbox 107 2399 812 2440; baseline 0 -9"><span class='ocrx_word' id='word_1_210' title='bbox 107 2399 301 2431; x_wconf 85' lang='lat' dir='ltr'><strong>Tenebrosa</strong></span> <span class='ocrx_word' id='word_1_211' title='bbox 325 2399 443 2430; x_wconf 87' lang='lat' dir='ltr'><strong>balnea</strong></span> <span class='ocrx_word' id='word_1_212' title='bbox 468 2399 594 2440; x_wconf 85' lang='lat' dir='ltr'><strong>Grylli,</strong></span> <span class='ocrx_word' id='word_1_213' title='bbox 619 2405 655 2430; x_wconf 91' lang='lat' dir='ltr'><strong>et</strong></span> <span class='ocrx_word' id='word_1_214' title='bbox 672 2401 812 2431; x_wconf 88' lang='lat' dir='ltr'><strong>excelso</strong></span> 
     </span>
     <span class='ocr_line' id='line_1_45' title="bbox 109 2450 812 2492; baseline -0.003 -9"><span class='ocrx_word' id='word_1_215' title='bbox 109 2454 182 2484; x_wconf 87' lang='lat' dir='ltr'><strong>loco</strong></span> <span class='ocrx_word' id='word_1_216' title='bbox 208 2452 331 2492; x_wconf 85' lang='lat' dir='ltr'><strong>posita,</strong></span> <span class='ocrx_word' id='word_1_217' title='bbox 360 2452 413 2482; x_wconf 86' lang='lat' dir='ltr'><strong>vel</strong></span> <span class='ocrx_word' id='word_1_218' title='bbox 437 2450 560 2491; x_wconf 86' lang='lat' dir='ltr'><strong>frigida</strong></span> <span class='ocrx_word' id='word_1_219' title='bbox 575 2452 696 2482; x_wconf 89' lang='lat' dir='ltr'><strong>balnea</strong></span> <span class='ocrx_word' id='word_1_220' title='bbox 712 2452 812 2492; x_wconf 87' lang='lat' dir='ltr'><strong>Lupi.</strong></span> 
     </span>
     <span class='ocr_line' id='line_1_46' title="bbox 107 2500 811 2542; baseline 0.001 -9"><span class='ocrx_word' id='word_1_221' title='bbox 107 2503 185 2533; x_wconf 89' lang='lat' dir='ltr'><strong>vide</strong></span> <span class='ocrx_word' id='word_1_222' title='bbox 203 2502 312 2541; x_wconf 80' lang='lat' dir='ltr'><strong>epigr.</strong></span> <span class='ocrx_word' id='word_1_223' title='bbox 329 2504 383 2532; x_wconf 87' lang='grc'><strong>60.</strong></span> <span class='ocrx_word' id='word_1_224' title='bbox 398 2502 419 2532; x_wconf 88' lang='grc' dir='ltr'><strong>Ι.</strong></span> <span class='ocrx_word' id='word_1_225' title='bbox 437 2505 466 2532; x_wconf 93' lang='grc'><strong>1.</strong></span> <span class='ocrx_word' id='word_1_226' title='bbox 484 2500 615 2532; x_wconf 84' lang='lat' dir='ltr'><strong>etinfra</strong></span> <span class='ocrx_word' id='word_1_227' title='bbox 629 2502 742 2542; x_wconf 83' lang='lat' dir='ltr'><strong>epigr.</strong></span> <span class='ocrx_word' id='word_1_228' title='bbox 758 2505 811 2534; x_wconf 83' lang='lat'><strong>78.</strong></span> 
     </span>
    </p>

    <p class='ocr_par' dir='ltr' id='par_1_10' title="bbox 109 2551 811 2641">
     <span class='ocr_line' id='line_1_47' title="bbox 153 2551 811 2593; baseline 0.002 -10"><span class='ocrx_word' id='word_1_229' title='bbox 153 2555 191 2583; x_wconf 81' lang='lat'><strong>13</strong></span> <span class='ocrx_word' id='word_1_230' title='bbox 219 2552 369 2591; x_wconf 75' lang='lat' dir='ltr'><strong>leermis,</strong></span> <span class='ocrx_word' id='word_1_231' title='bbox 380 2551 450 2592; x_wconf 55' lang='grc' dir='ltr'><strong>ἔξω]</strong></span> <span class='ocrx_word' id='word_1_232' title='bbox 472 2552 512 2582; x_wconf 89' lang='lat' dir='ltr'><strong>In</strong></span> <span class='ocrx_word' id='word_1_233' title='bbox 525 2552 660 2583; x_wconf 85' lang='lat' dir='ltr'><strong>thermis</strong></span> <span class='ocrx_word' id='word_1_234' title='bbox 674 2553 811 2593; x_wconf 85' lang='lat' dir='ltr'><strong>proprie</strong></span> 
     </span>
     <span class='ocr_line' id='line_1_48' title="bbox 109 2603 775 2641; baseline 0 -6"><span class='ocrx_word' id='word_1_235' title='bbox 109 2604 311 2641; x_wconf 86' lang='lat' dir='ltr'><strong>sudabatur,</strong></span> <span class='ocrx_word' id='word_1_236' title='bbox 328 2608 364 2634; x_wconf 86' lang='lat' dir='ltr'><strong>ut</strong></span> <span class='ocrx_word' id='word_1_237' title='bbox 389 2604 421 2633; x_wconf 89' lang='lat' dir='ltr'><strong>iu</strong></span> <span class='ocrx_word' id='word_1_238' title='bbox 439 2603 567 2634; x_wconf 78' lang='lat' dir='ltr'><strong>balneis</strong></span> <span class='ocrx_word' id='word_1_239' title='bbox 584 2604 775 2635; x_wconf 85' lang='lat' dir='ltr'><strong>lavabatur.</strong></span> 
     </span>
    </p>

    <p class='ocr_par' dir='ltr' id='par_1_11' title="bbox 108 2653 810 2785">
     <span class='ocr_line' id='line_1_49' title="bbox 152 2653 810 2694; baseline 0 -9"><span class='ocrx_word' id='word_1_240' title='bbox 152 2658 190 2685; x_wconf 70' lang='lat'><strong>14</strong></span> <span class='ocrx_word' id='word_1_241' title='bbox 225 2655 385 2684; x_wconf 75' lang='lat' dir='ltr'><strong>Renuente</strong></span> <span class='ocrx_word' id='word_1_242' title='bbox 430 2654 511 2694; x_wconf 84' lang='lat' dir='ltr'><strong>Deo]</strong></span> <span class='ocrx_word' id='word_1_243' title='bbox 551 2654 652 2685; x_wconf 90' lang='lat' dir='ltr'><strong>Nullo</strong></span> <span class='ocrx_word' id='word_1_244' title='bbox 689 2653 810 2694; x_wconf 84' lang='lat' dir='ltr'><strong>Campi</strong></span> 
     </span>
     <span class='ocr_line' id='line_1_50' title="bbox 108 2703 809 2745; baseline -0.003 -9"><span class='ocrx_word' id='word_1_245' title='bbox 108 2704 227 2736; x_wconf 87' lang='lat' dir='ltr'><strong>Martii</strong></span> <span class='ocrx_word' id='word_1_246' title='bbox 243 2703 381 2735; x_wconf 83' lang='lat' dir='ltr'><strong>favente</strong></span> <span class='ocrx_word' id='word_1_247' title='bbox 405 2704 553 2744; x_wconf 76' lang='lat' dir='ltr'><strong>numine,</strong></span> <span class='ocrx_word' id='word_1_248' title='bbox 576 2704 665 2745; x_wconf 90' lang='lat' dir='ltr'><strong>quod</strong></span> <span class='ocrx_word' id='word_1_249' title='bbox 681 2704 809 2736; x_wconf 86' lang='lat' dir='ltr'><strong>Selium</strong></span> 
     </span>
     <span class='ocr_line' id='line_1_51' title="bbox 111 2754 314 2785; baseline -0.005 0"><span class='ocrx_word' id='word_1_250' title='bbox 111 2764 205 2785; x_wconf 86' lang='lat' dir='ltr'><strong>coeua</strong></span> <span class='ocrx_word' id='word_1_251' title='bbox 222 2754 314 2784; x_wconf 78' lang='lat' dir='ltr'><strong>beet,</strong></span> 
     </span>
    </p>
   </div>
   <div class='ocr_carea' id='block_1_4' title="bbox 620 180 1295 215">
    <p class='ocr_par' dir='ltr' id='par_1_12' title="bbox 620 180 1295 215">
     <span class='ocr_line' id='line_1_52' title="bbox 620 180 1295 215; baseline 0.009 -7"><span class='ocrx_word' id='word_1_252' title='bbox 620 180 893 209; x_wconf 72' lang='lat' dir='ltr'><strong>MAR&#39;rlALlS</strong></span> <span class='ocrx_word' id='word_1_253' title='bbox 928 183 1085 213; x_wconf 79' lang='lat' dir='ltr'><strong>EPIGR.</strong></span> <span class='ocrx_word' id='word_1_254' title='bbox 1120 184 1212 213; x_wconf 67' lang='grc' dir='ltr'><strong>[ΑΒ.</strong></span> <span class='ocrx_word' id='word_1_255' title='bbox 1245 185 1295 215; x_wconf 83' lang='grc' dir='ltr'><strong>ΙΙ.</strong></span> 
     </span>
    </p>
   </div>
   <div class='ocr_carea' id='block_1_5' title="bbox 1451 178 1559 218">
    <p class='ocr_par' dir='ltr' id='par_1_13' title="bbox 1451 178 1559 218">
     <span class='ocr_line' id='line_1_53' title="bbox 1451 178 1559 218; baseline 0.019 -2"><span class='ocrx_word' id='word_1_256' title='bbox 1451 178 1559 218; x_wconf 82' lang='grc'><strong>1141</strong></span> 
     </span>
    </p>
   </div>
   <div class='ocr_carea' id='block_1_6' title="bbox 858 277 1565 2792">
    <p class='ocr_par' dir='ltr' id='par_1_14' title="bbox 864 277 1561 465">
     <span class='ocr_line' id='line_1_54' title="bbox 911 277 1560 319; baseline 0.009 -14"><span class='ocrx_word' id='word_1_257' title='bbox 911 278 947 305; x_wconf 87' lang='grc'><strong>15</strong></span> <span class='ocrx_word' id='word_1_258' title='bbox 974 277 1024 306; x_wconf 76' lang='lat' dir='ltr'><strong>Ad</strong></span> <span class='ocrx_word' id='word_1_259' title='bbox 1045 277 1192 318; x_wconf 77' lang='lat' dir='ltr'><strong>Europes,</strong></span> <span class='ocrx_word' id='word_1_260' title='bbox 1218 278 1288 319; x_wconf 48' lang='grc' dir='ltr'><strong>ἔξω]</strong></span> <span class='ocrx_word' id='word_1_261' title='bbox 1312 277 1366 310; x_wconf 86' lang='lat' dir='ltr'><strong>Ad</strong></span> <span class='ocrx_word' id='word_1_262' title='bbox 1393 280 1560 319; x_wconf 88' lang='lat' dir='ltr'><strong>porticum</strong></span> 
     </span>
     <span class='ocr_line' id='line_1_55' title="bbox 865 325 1561 371; baseline 0.01 -16"><span class='ocrx_word' id='word_1_263' title='bbox 865 325 1025 365; x_wconf 70' lang='lat' dir='ltr'><strong>Europae,</strong></span> <span class='ocrx_word' id='word_1_264' title='bbox 1041 337 1143 367; x_wconf 88' lang='lat' dir='ltr'><strong>supra</strong></span> <span class='ocrx_word' id='word_1_265' title='bbox 1167 339 1254 360; x_wconf 82' lang='lat' dir='ltr'><strong>vers.</strong></span> <span class='ocrx_word' id='word_1_266' title='bbox 1281 332 1312 360; x_wconf 85' lang='lat'><strong>2.</strong></span> <span class='ocrx_word' id='word_1_267' title='bbox 1335 330 1440 370; x_wconf 85' lang='lat' dir='ltr'><strong>juxta</strong></span> <span class='ocrx_word' id='word_1_268' title='bbox 1462 341 1561 371; x_wconf 87' lang='lat' dir='ltr'><strong>quam</strong></span> 
     </span>
     <span class='ocr_line' id='line_1_56' title="bbox 865 379 1560 418; baseline 0.012 -13"><span class='ocrx_word' id='word_1_269' title='bbox 865 379 963 407; x_wconf 65' lang='lat' dir='ltr'><strong>erant</strong></span> <span class='ocrx_word' id='word_1_270' title='bbox 987 381 1145 416; x_wconf 84' lang='lat' dir='ltr'><strong>tepentes</strong></span> <span class='ocrx_word' id='word_1_271' title='bbox 1164 382 1241 418; x_wconf 85' lang='lat' dir='ltr'><strong>post</strong></span> <span class='ocrx_word' id='word_1_272' title='bbox 1266 380 1441 412; x_wconf 85' lang='lat' dir='ltr'><strong>meridiem</strong></span> <span class='ocrx_word' id='word_1_273' title='bbox 1469 381 1560 413; x_wconf 87' lang='lat' dir='ltr'><strong>buxi.</strong></span> 
     </span>
     <span class='ocr_line' id='line_1_57' title="bbox 864 426 1121 465; baseline 0.008 -10"><span class='ocrx_word' id='word_1_274' title='bbox 864 426 970 465; x_wconf 79' lang='lat' dir='ltr'><strong>epigr.</strong></span> <span class='ocrx_word' id='word_1_275' title='bbox 986 428 1038 456; x_wconf 81' lang='lat'><strong>20.</strong></span> <span class='ocrx_word' id='word_1_276' title='bbox 1050 426 1072 457; x_wconf 89' lang='lat' dir='ltr'><strong>l.</strong></span> <span class='ocrx_word' id='word_1_277' title='bbox 1090 429 1121 457; x_wconf 84' lang='lat'><strong>3.</strong></span> 
     </span>
    </p>

    <p class='ocr_par' dir='ltr' id='par_1_15' title="bbox 862 476 1563 965">
     <span class='ocr_line' id='line_1_58' title="bbox 907 476 1562 522; baseline 0.012 -17"><span class='ocrx_word' id='word_1_278' title='bbox 907 478 946 506; x_wconf 86' lang='grc'><strong>17</strong></span> <span class='ocrx_word' id='word_1_279' title='bbox 972 476 1034 506; x_wconf 86' lang='lat' dir='ltr'><strong>Per</strong></span> <span class='ocrx_word' id='word_1_280' title='bbox 1049 480 1092 515; x_wconf 79' lang='lat' dir='ltr'><strong>te,</strong></span> <span class='ocrx_word' id='word_1_281' title='bbox 1107 477 1176 518; x_wconf 60' lang='lat' dir='ltr'><strong>Gya]</strong></span> <span class='ocrx_word' id='word_1_282' title='bbox 1202 477 1233 508; x_wconf 94' lang='lat' dir='ltr'>O</span> <span class='ocrx_word' id='word_1_283' title='bbox 1250 479 1401 520; x_wconf 84' lang='lat' dir='ltr'><strong>Jupiter,</strong></span> <span class='ocrx_word' id='word_1_284' title='bbox 1418 480 1474 522; x_wconf 86' lang='lat' dir='ltr'><strong>qui</strong></span> <span class='ocrx_word' id='word_1_285' title='bbox 1489 485 1562 513; x_wconf 89' lang='lat' dir='ltr'><strong>tau-</strong></span> 
     </span>
     <span class='ocr_line' id='line_1_59' title="bbox 863 525 1562 571; baseline 0.014 -17"><span class='ocrx_word' id='word_1_286' title='bbox 863 525 890 554; x_wconf 86' lang='lat' dir='ltr'><strong>ri</strong></span> <span class='ocrx_word' id='word_1_287' title='bbox 915 525 1050 556; x_wconf 79' lang='lat' dir='ltr'><strong>induisti</strong></span> <span class='ocrx_word' id='word_1_288' title='bbox 1080 525 1232 564; x_wconf 83' lang='lat' dir='ltr'><strong>formam,</strong></span> <span class='ocrx_word' id='word_1_289' title='bbox 1251 538 1329 568; x_wconf 78' lang='lat' dir='ltr'><strong>rogo</strong></span> <span class='ocrx_word' id='word_1_290' title='bbox 1347 534 1381 561; x_wconf 88' lang='lat' dir='ltr'><strong>te</strong></span> <span class='ocrx_word' id='word_1_291' title='bbox 1398 541 1459 571; x_wconf 84' lang='lat' dir='ltr'><strong>per</strong></span> <span class='ocrx_word' id='word_1_292' title='bbox 1475 538 1509 563; x_wconf 89' lang='lat' dir='ltr'><strong>te</strong></span> <span class='ocrx_word' id='word_1_293' title='bbox 1527 536 1562 563; x_wconf 86' lang='lat' dir='ltr'><strong>et</strong></span> 
     </span>
     <span class='ocr_line' id='line_1_60' title="bbox 864 577 1563 624; baseline 0.014 -18"><span class='ocrx_word' id='word_1_294' title='bbox 864 577 1032 618; x_wconf 87' lang='lat' dir='ltr'><strong>Europam</strong></span> <span class='ocrx_word' id='word_1_295' title='bbox 1046 583 1152 618; x_wconf 83' lang='lat' dir='ltr'><strong>tuam,</strong></span> <span class='ocrx_word' id='word_1_296' title='bbox 1163 579 1413 614; x_wconf 82' lang='lat' dir='ltr'><strong>interficehunc</strong></span> <span class='ocrx_word' id='word_1_297' title='bbox 1424 584 1563 624; x_wconf 84' lang='lat' dir='ltr'><strong>Selium,</strong></span> 
     </span>
     <span class='ocr_line' id='line_1_61' title="bbox 864 631 1560 671; baseline 0.011 -11"><span class='ocrx_word' id='word_1_298' title='bbox 864 634 901 661; x_wconf 88' lang='lat' dir='ltr'><strong>ut</strong></span> <span class='ocrx_word' id='word_1_299' title='bbox 918 631 1006 671; x_wconf 88' lang='lat' dir='ltr'><strong>apud</strong></span> <span class='ocrx_word' id='word_1_300' title='bbox 1020 637 1054 662; x_wconf 91' lang='lat' dir='ltr'><strong>te</strong></span> <span class='ocrx_word' id='word_1_301' title='bbox 1071 637 1195 664; x_wconf 76' lang='lat' dir='ltr'><strong>coenet.</strong></span> <span class='ocrx_word' id='word_1_302' title='bbox 1240 633 1374 666; x_wconf 90' lang='lat' dir='ltr'><strong>Alludit</strong></span> <span class='ocrx_word' id='word_1_303' title='bbox 1388 641 1502 667; x_wconf 84' lang='lat' dir='ltr'><strong>autem</strong></span> <span class='ocrx_word' id='word_1_304' title='bbox 1518 638 1560 668; x_wconf 85' lang='lat' dir='ltr'><strong>ad</strong></span> 
     </span>
     <span class='ocr_line' id='line_1_62' title="bbox 864 681 1562 724; baseline 0.011 -14"><span class='ocrx_word' id='word_1_305' title='bbox 864 690 990 712; x_wconf 87' lang='lat' dir='ltr'><strong>morem</strong></span> <span class='ocrx_word' id='word_1_306' title='bbox 1009 681 1220 722; x_wconf 65' lang='lat' dir='ltr'><strong>Graecorum,</strong></span> <span class='ocrx_word' id='word_1_307' title='bbox 1245 684 1302 724; x_wconf 89' lang='lat' dir='ltr'><strong>qui</strong></span> <span class='ocrx_word' id='word_1_308' title='bbox 1319 684 1479 716; x_wconf 90' lang='lat' dir='ltr'><strong>dicebant</strong></span> <span class='ocrx_word' id='word_1_309' title='bbox 1497 696 1562 718; x_wconf 84' lang='lat' dir='ltr'><strong>coe-</strong></span> 
     </span>
     <span class='ocr_line' id='line_1_63' title="bbox 862 733 1562 776; baseline 0.01 -15"><span class='ocrx_word' id='word_1_310' title='bbox 862 735 1001 762; x_wconf 84' lang='lat' dir='ltr'><strong>naturos</strong></span> <span class='ocrx_word' id='word_1_311' title='bbox 1030 742 1087 762; x_wconf 84' lang='lat' dir='ltr'><strong>eos</strong></span> <span class='ocrx_word' id='word_1_312' title='bbox 1118 733 1207 773; x_wconf 89' lang='lat' dir='ltr'><strong>apud</strong></span> <span class='ocrx_word' id='word_1_313' title='bbox 1232 733 1372 775; x_wconf 84' lang='lat' dir='ltr'><strong>inferos,</strong></span> <span class='ocrx_word' id='word_1_314' title='bbox 1389 736 1445 776; x_wconf 90' lang='lat' dir='ltr'><strong>qui</strong></span> <span class='ocrx_word' id='word_1_315' title='bbox 1463 739 1562 769; x_wconf 90' lang='lat' dir='ltr'><strong>mori-</strong></span> 
     </span>
     <span class='ocr_line' id='line_1_64' title="bbox 863 782 1563 818; baseline 0.009 -6"><span class='ocrx_word' id='word_1_316' title='bbox 863 782 930 812; x_wconf 84' lang='lat' dir='ltr'><strong>turi</strong></span> <span class='ocrx_word' id='word_1_317' title='bbox 943 788 1068 814; x_wconf 63' lang='lat' dir='ltr'><strong>essent.</strong></span> <span class='ocrx_word' id='word_1_318' title='bbox 1080 788 1161 815; x_wconf 84' lang='lat' dir='ltr'><strong>nota</strong></span> <span class='ocrx_word' id='word_1_319' title='bbox 1174 788 1224 815; x_wconf 89' lang='lat' dir='ltr'><strong>est</strong></span> <span class='ocrx_word' id='word_1_320' title='bbox 1240 784 1399 816; x_wconf 78' lang='lat' dir='ltr'><strong>Leonidae</strong></span> <span class='ocrx_word' id='word_1_321' title='bbox 1415 796 1477 817; x_wconf 85' lang='lat' dir='ltr'><strong>vox</strong></span> <span class='ocrx_word' id='word_1_322' title='bbox 1493 788 1563 818; x_wconf 87' lang='lat' dir='ltr'><strong>ani·</strong></span> 
     </span>
     <span class='ocr_line' id='line_1_65' title="bbox 863 833 1562 873; baseline 0.007 -11"><span class='ocrx_word' id='word_1_323' title='bbox 863 841 969 863; x_wconf 85' lang='lat' dir='ltr'><strong>mosa:</strong></span> <span class='ocrx_word' id='word_1_324' title='bbox 994 833 1002 847; x_wconf 89' lang='lat'>‘</span> <span class='ocrx_word' id='word_1_325' title='bbox 1015 833 1158 873; x_wconf 85' lang='lat' dir='ltr'><strong>Pergite</strong></span> <span class='ocrx_word' id='word_1_326' title='bbox 1171 834 1282 865; x_wconf 86' lang='lat' dir='ltr'><strong>animo</strong></span> <span class='ocrx_word' id='word_1_327' title='bbox 1295 833 1377 865; x_wconf 87' lang='lat' dir='ltr'><strong>forti</strong></span> <span class='ocrx_word' id='word_1_328' title='bbox 1400 835 1562 867; x_wconf 77' lang='lat' dir='ltr'><strong>Lacedae·</strong></span> 
     </span>
     <span class='ocr_line' id='line_1_66' title="bbox 862 883 1561 924; baseline 0.009 -12"><span class='ocrx_word' id='word_1_329' title='bbox 862 883 977 921; x_wconf 88' lang='lat' dir='ltr'><strong>monii,</strong></span> <span class='ocrx_word' id='word_1_330' title='bbox 1007 883 1106 914; x_wconf 90' lang='lat' dir='ltr'><strong>hodie</strong></span> <span class='ocrx_word' id='word_1_331' title='bbox 1134 884 1224 924; x_wconf 86' lang='lat' dir='ltr'><strong>apud</strong></span> <span class='ocrx_word' id='word_1_332' title='bbox 1256 883 1385 916; x_wconf 88' lang='lat' dir='ltr'><strong>inferos</strong></span> <span class='ocrx_word' id='word_1_333' title='bbox 1416 884 1561 918; x_wconf 80' lang='lat' dir='ltr'><strong>fortasse</strong></span> 
     </span>
     <span class='ocr_line' id='line_1_67' title="bbox 862 933 1090 965; baseline 0.013 -3"><span class='ocrx_word' id='word_1_334' title='bbox 862 933 1090 965; x_wconf 84' lang='lat' dir='ltr'><strong>coenabimus.’</strong></span> 
     </span>
    </p>

    <p class='ocr_par' dir='ltr' id='par_1_16' title="bbox 858 984 1563 2086">
     <span class='ocr_line' id='line_1_68' title="bbox 904 984 1562 1027; baseline 0.006 -14"><span class='ocrx_word' id='word_1_335' title='bbox 904 984 1007 1014; x_wconf 71' lang='lat' dir='ltr'><strong>Eme.</strong></span> <span class='ocrx_word' id='word_1_336' title='bbox 1034 993 1096 1015; x_wconf 75' lang='lat' dir='ltr'><strong>xv,</strong></span> <span class='ocrx_word' id='word_1_337' title='bbox 1120 987 1136 1015; x_wconf 88' lang='lat'>1</span> <span class='ocrx_word' id='word_1_338' title='bbox 1165 986 1256 1021; x_wconf 80' lang='lat' dir='ltr'><strong>Quod</strong></span> <span class='ocrx_word' id='word_1_339' title='bbox 1285 986 1375 1026; x_wconf 78' lang='lat' dir='ltr'><strong>nulli,</strong></span> <span class='ocrx_word' id='word_1_340' title='bbox 1404 986 1473 1027; x_wconf 52' lang='grc' dir='ltr'><strong>ξω]</strong></span> <span class='ocrx_word' id='word_1_341' title='bbox 1496 987 1562 1017; x_wconf 89' lang='lat' dir='ltr'><strong>Ur-</strong></span> 
     </span>
     <span class='ocr_line' id='line_1_69' title="bbox 861 1032 1561 1078; baseline 0.007 -15"><span class='ocrx_word' id='word_1_342' title='bbox 861 1032 945 1064; x_wconf 86' lang='lat' dir='ltr'><strong>bane</strong></span> <span class='ocrx_word' id='word_1_343' title='bbox 962 1039 1061 1065; x_wconf 86' lang='lat' dir='ltr'><strong>notat</strong></span> <span class='ocrx_word' id='word_1_344' title='bbox 1086 1045 1245 1075; x_wconf 87' lang='lat' dir='ltr'><strong>spurcum</strong></span> <span class='ocrx_word' id='word_1_345' title='bbox 1263 1036 1442 1077; x_wconf 86' lang='lat' dir='ltr'><strong>Hermum,</strong></span> <span class='ocrx_word' id='word_1_346' title='bbox 1460 1047 1561 1078; x_wconf 86' lang='lat' dir='ltr'><strong>quum</strong></span> 
     </span>
     <span class='ocr_line' id='line_1_70' title="bbox 862 1084 1561 1128; baseline 0.006 -14"><span class='ocrx_word' id='word_1_347' title='bbox 862 1084 1018 1115; x_wconf 86' lang='lat' dir='ltr'><strong>videatur</strong></span> <span class='ocrx_word' id='word_1_348' title='bbox 1031 1094 1104 1115; x_wconf 90' lang='lat' dir='ltr'><strong>eum</strong></span> <span class='ocrx_word' id='word_1_349' title='bbox 1121 1086 1317 1126; x_wconf 79' lang='lat' dir='ltr'><strong>laudare,¹et</strong></span> <span class='ocrx_word' id='word_1_350' title='bbox 1334 1087 1561 1128; x_wconf 83' lang='lat' dir='ltr'><strong>suspicionem</strong></span> 
     </span>
     <span class='ocr_line' id='line_1_71' title="bbox 858 1134 1561 1178; baseline 0.007 -14"><span class='ocrx_word' id='word_1_351' title='bbox 858 1134 1028 1174; x_wconf 65' lang='lat' dir='ltr'><strong>superbiae</strong></span> <span class='ocrx_word' id='word_1_352' title='bbox 1072 1145 1260 1174; x_wconf 87' lang='lat' dir='ltr'><strong>removere,</strong></span> <span class='ocrx_word' id='word_1_353' title='bbox 1295 1136 1386 1178; x_wconf 90' lang='lat' dir='ltr'><strong>quod</strong></span> <span class='ocrx_word' id='word_1_354' title='bbox 1418 1138 1561 1169; x_wconf 84' lang='lat' dir='ltr'><strong>calicem</strong></span> 
     </span>
     <span class='ocr_line' id='line_1_72' title="bbox 861 1186 1562 1228; baseline 0.007 -14"><span class='ocrx_word' id='word_1_355' title='bbox 861 1194 955 1215; x_wconf 87' lang='lat' dir='ltr'><strong>suum</strong></span> <span class='ocrx_word' id='word_1_356' title='bbox 993 1186 1117 1216; x_wconf 88' lang='lat' dir='ltr'><strong>nemini</strong></span> <span class='ocrx_word' id='word_1_357' title='bbox 1157 1187 1355 1227; x_wconf 87' lang='lat' dir='ltr'><strong>propinaret</strong></span> <span class='ocrx_word' id='word_1_358' title='bbox 1370 1198 1380 1226; x_wconf 91' lang='grc'>;</span> <span class='ocrx_word' id='word_1_359' title='bbox 1425 1193 1562 1228; x_wconf 85' lang='lat' dir='ltr'><strong>poterat</strong></span> 
     </span>
     <span class='ocr_line' id='line_1_73' title="bbox 860 1234 1562 1276; baseline 0.006 -12"><span class='ocrx_word' id='word_1_360' title='bbox 860 1234 949 1265; x_wconf 89' lang='lat' dir='ltr'><strong>enim</strong></span> <span class='ocrx_word' id='word_1_361' title='bbox 966 1234 1028 1265; x_wconf 92' lang='lat' dir='ltr'><strong>hoc</strong></span> <span class='ocrx_word' id='word_1_362' title='bbox 1053 1235 1239 1276; x_wconf 85' lang='lat' dir='ltr'><strong>superbum</strong></span> <span class='ocrx_word' id='word_1_363' title='bbox 1267 1236 1392 1269; x_wconf 84' lang='lat' dir='ltr'><strong>videri:</strong></span> <span class='ocrx_word' id='word_1_364' title='bbox 1416 1237 1562 1268; x_wconf 86' lang='lat' dir='ltr'><strong>humane</strong></span> 
     </span>
     <span class='ocr_line' id='line_1_74' title="bbox 859 1286 1561 1327; baseline 0 -9"><span class='ocrx_word' id='word_1_365' title='bbox 859 1292 972 1318; x_wconf 88' lang='lat' dir='ltr'><strong>tamen</strong></span> <span class='ocrx_word' id='word_1_366' title='bbox 999 1287 1082 1318; x_wconf 88' lang='lat' dir='ltr'><strong>dicit</strong></span> <span class='ocrx_word' id='word_1_367' title='bbox 1099 1286 1240 1327; x_wconf 82' lang='lat' dir='ltr'><strong>factum,</strong></span> <span class='ocrx_word' id='word_1_368' title='bbox 1255 1298 1298 1319; x_wconf 89' lang='lat' dir='ltr'><strong>ne</strong></span> <span class='ocrx_word' id='word_1_369' title='bbox 1315 1288 1450 1319; x_wconf 87' lang='lat' dir='ltr'><strong>scilicet</strong></span> <span class='ocrx_word' id='word_1_370' title='bbox 1470 1297 1561 1319; x_wconf 86' lang='lat' dir='ltr'><strong>com-</strong></span> 
     </span>
     <span class='ocr_line' id='line_1_75' title="bbox 860 1336 1563 1379; baseline -0.001 -10"><span class='ocrx_word' id='word_1_371' title='bbox 860 1343 999 1379; x_wconf 88' lang='lat' dir='ltr'><strong>potores</strong></span> <span class='ocrx_word' id='word_1_372' title='bbox 1015 1338 1118 1369; x_wconf 88' lang='lat' dir='ltr'><strong>halitu</strong></span> <span class='ocrx_word' id='word_1_373' title='bbox 1132 1337 1252 1369; x_wconf 79' lang='lat' dir='ltr'><strong>foetido</strong></span> <span class='ocrx_word' id='word_1_374' title='bbox 1269 1343 1304 1369; x_wconf 91' lang='lat' dir='ltr'><strong>et</strong></span> <span class='ocrx_word' id='word_1_375' title='bbox 1319 1347 1442 1379; x_wconf 88' lang='lat' dir='ltr'><strong>spurco</strong></span> <span class='ocrx_word' id='word_1_376' title='bbox 1457 1336 1563 1370; x_wconf 83' lang='lat' dir='ltr'><strong>offen·</strong></span> 
     </span>
     <span class='ocr_line' id='line_1_76' title="bbox 860 1389 1562 1430; baseline -0.003 -10"><span class='ocrx_word' id='word_1_377' title='bbox 860 1389 1036 1429; x_wconf 73' lang='lat' dir='ltr'><strong>darentur,</strong></span> <span class='ocrx_word' id='word_1_378' title='bbox 1060 1389 1149 1430; x_wconf 86' lang='lat' dir='ltr'><strong>qnod</strong></span> <span class='ocrx_word' id='word_1_379' title='bbox 1186 1394 1285 1420; x_wconf 88' lang='lat' dir='ltr'><strong>acute</strong></span> <span class='ocrx_word' id='word_1_380' title='bbox 1312 1389 1434 1420; x_wconf 87' lang='lat' dir='ltr'><strong>lectori</strong></span> <span class='ocrx_word' id='word_1_381' title='bbox 1461 1389 1562 1419; x_wconf 86' lang='lat' dir='ltr'><strong>relin-</strong></span> 
     </span>
     <span class='ocr_line' id='line_1_77' title="bbox 860 1439 1563 1482; baseline 0 -11"><span class='ocrx_word' id='word_1_382' title='bbox 860 1441 933 1482; x_wconf 91' lang='lat' dir='ltr'><strong>quit</strong></span> <span class='ocrx_word' id='word_1_383' title='bbox 946 1440 1172 1472; x_wconf 82' lang='lat' dir='ltr'><strong>inferendum.</strong></span> <span class='ocrx_word' id='word_1_384' title='bbox 1197 1440 1351 1471; x_wconf 79' lang='lat' dir='ltr'><strong>Ramires.</strong></span> <span class='ocrx_word' id='word_1_385' title='bbox 1375 1439 1563 1471; x_wconf 82' lang='lat' dir='ltr'><strong>Habebant</strong></span> 
     </span>
     <span class='ocr_line' id='line_1_78' title="bbox 860 1491 1561 1532; baseline -0.003 -9"><span class='ocrx_word' id='word_1_386' title='bbox 860 1491 1251 1532; x_wconf 81' lang='lat' dir='ltr'><strong>veteres,honoratiores</strong></span> <span class='ocrx_word' id='word_1_387' title='bbox 1261 1491 1421 1530; x_wconf 87' lang='lat' dir='ltr'><strong>maxime,</strong></span> <span class='ocrx_word' id='word_1_388' title='bbox 1434 1491 1467 1522; x_wconf 91' lang='lat' dir='ltr'><strong>in</strong></span> <span class='ocrx_word' id='word_1_389' title='bbox 1482 1501 1561 1522; x_wconf 86' lang='lat' dir='ltr'><strong>eon-</strong></span> 
     </span>
     <span class='ocr_line' id='line_1_79' title="bbox 859 1542 1560 1583; baseline -0.003 -10"><span class='ocrx_word' id='word_1_390' title='bbox 859 1543 960 1573; x_wconf 85' lang='lat' dir='ltr'><strong>viviis</strong></span> <span class='ocrx_word' id='word_1_391' title='bbox 976 1543 1167 1583; x_wconf 83' lang='lat' dir='ltr'><strong>peculiares</strong></span> <span class='ocrx_word' id='word_1_392' title='bbox 1193 1551 1270 1572; x_wconf 84' lang='lat' dir='ltr'><strong>suos</strong></span> <span class='ocrx_word' id='word_1_393' title='bbox 1298 1542 1448 1573; x_wconf 86' lang='lat' dir='ltr'><strong>calices:</strong></span> <span class='ocrx_word' id='word_1_394' title='bbox 1475 1551 1560 1582; x_wconf 89' lang='lat' dir='ltr'><strong>quos</strong></span> 
     </span>
     <span class='ocr_line' id='line_1_80' title="bbox 862 1591 1562 1632; baseline -0.001 -9"><span class='ocrx_word' id='word_1_395' title='bbox 862 1593 936 1623; x_wconf 87' lang='lat' dir='ltr'><strong>aliis</strong></span> <span class='ocrx_word' id='word_1_396' title='bbox 949 1592 1117 1623; x_wconf 89' lang='lat' dir='ltr'><strong>interdum</strong></span> <span class='ocrx_word' id='word_1_397' title='bbox 1131 1592 1328 1632; x_wconf 88' lang='lat' dir='ltr'><strong>propinare,</strong></span> <span class='ocrx_word' id='word_1_398' title='bbox 1341 1591 1562 1622; x_wconf 82' lang='lat' dir='ltr'><strong>humanitatis</strong></span> 
     </span>
     <span class='ocr_line' id='line_1_81' title="bbox 862 1642 1561 1681; baseline -0.001 -8"><span class='ocrx_word' id='word_1_399' title='bbox 862 1647 956 1673; x_wconf 89' lang='lat' dir='ltr'><strong>erat:</strong></span> <span class='ocrx_word' id='word_1_400' title='bbox 980 1642 1200 1681; x_wconf 89' lang='lat' dir='ltr'><strong>contrarium,</strong></span> <span class='ocrx_word' id='word_1_401' title='bbox 1215 1642 1399 1681; x_wconf 87' lang='lat' dir='ltr'><strong>superbiae.</strong></span> <span class='ocrx_word' id='word_1_402' title='bbox 1443 1642 1561 1672; x_wconf 91' lang='lat' dir='ltr'><strong>Inver-</strong></span> 
     </span>
     <span class='ocr_line' id='line_1_82' title="bbox 862 1692 1563 1732; baseline -0.003 -8"><span class='ocrx_word' id='word_1_403' title='bbox 862 1694 904 1724; x_wconf 92' lang='lat' dir='ltr'><strong>tit</strong></span> <span class='ocrx_word' id='word_1_404' title='bbox 920 1693 982 1724; x_wconf 89' lang='lat' dir='ltr'><strong>hoc</strong></span> <span class='ocrx_word' id='word_1_405' title='bbox 1001 1693 1112 1724; x_wconf 70' lang='lat' dir='ltr'><strong>Poeta</strong></span> <span class='ocrx_word' id='word_1_406' title='bbox 1138 1692 1364 1723; x_wconf 80' lang='lat' dir='ltr'><strong>collaudando</strong></span> <span class='ocrx_word' id='word_1_407' title='bbox 1381 1692 1563 1732; x_wconf 89' lang='lat' dir='ltr'><strong>Hermum,</strong></span> 
     </span>
     <span class='ocr_line' id='line_1_83' title="bbox 863 1741 1561 1785; baseline -0.001 -11"><span class='ocrx_word' id='word_1_408' title='bbox 863 1744 957 1785; x_wconf 86' lang='lat' dir='ltr'><strong>qnasi</strong></span> <span class='ocrx_word' id='word_1_409' title='bbox 975 1744 1036 1774; x_wconf 90' lang='lat' dir='ltr'><strong>hoc</strong></span> <span class='ocrx_word' id='word_1_410' title='bbox 1060 1743 1102 1774; x_wconf 90' lang='lat' dir='ltr'><strong>ab</strong></span> <span class='ocrx_word' id='word_1_411' title='bbox 1120 1742 1176 1773; x_wconf 90' lang='lat' dir='ltr'><strong>illo</strong></span> <span class='ocrx_word' id='word_1_412' title='bbox 1192 1742 1336 1772; x_wconf 89' lang='lat' dir='ltr'><strong>humane</strong></span> <span class='ocrx_word' id='word_1_413' title='bbox 1351 1741 1479 1773; x_wconf 85' lang='lat' dir='ltr'><strong>factum</strong></span> <span class='ocrx_word' id='word_1_414' title='bbox 1504 1743 1561 1781; x_wconf 89' lang='lat' dir='ltr'><strong>sit,</strong></span> 
     </span>
     <span class='ocr_line' id='line_1_84' title="bbox 862 1791 1563 1834; baseline -0.003 -9"><span class='ocrx_word' id='word_1_415' title='bbox 862 1804 918 1834; x_wconf 88' lang='lat' dir='ltr'><strong>ne,</strong></span> <span class='ocrx_word' id='word_1_416' title='bbox 935 1794 1043 1825; x_wconf 85' lang='lat' dir='ltr'><strong>calice</strong></span> <span class='ocrx_word' id='word_1_417' title='bbox 1060 1803 1079 1824; x_wconf 87' lang='lat' dir='ltr'><strong>a</strong></span> <span class='ocrx_word' id='word_1_418' title='bbox 1093 1791 1215 1824; x_wconf 77' lang='lat' dir='ltr'><strong>foetore</strong></span> <span class='ocrx_word' id='word_1_419' title='bbox 1232 1793 1300 1823; x_wconf 81' lang='lat' dir='ltr'><strong>oris</strong></span> <span class='ocrx_word' id='word_1_420' title='bbox 1317 1792 1368 1823; x_wconf 81' lang='lat' dir='ltr'><strong>sui</strong></span> <span class='ocrx_word' id='word_1_421' title='bbox 1382 1797 1563 1830; x_wconf 81' lang='lat' dir='ltr'><strong>venenato,</strong></span> 
     </span>
     <span class='ocr_line' id='line_1_85' title="bbox 863 1842 1561 1875; baseline -0.003 -1"><span class='ocrx_word' id='word_1_422' title='bbox 863 1845 945 1875; x_wconf 88' lang='lat' dir='ltr'><strong>alios</strong></span> <span class='ocrx_word' id='word_1_423' title='bbox 961 1842 1123 1874; x_wconf 82' lang='lat' dir='ltr'><strong>offendat.</strong></span> <span class='ocrx_word' id='word_1_424' title='bbox 1148 1843 1270 1873; x_wconf 85' lang='lat' dir='ltr'><strong>Franc.</strong></span> <span class='ocrx_word' id='word_1_425' title='bbox 1285 1842 1441 1873; x_wconf 89' lang='lat' dir='ltr'><strong>Luisinus</strong></span> <span class='ocrx_word' id='word_1_426' title='bbox 1454 1842 1487 1872; x_wconf 92' lang='lat' dir='ltr'><strong>in</strong></span> <span class='ocrx_word' id='word_1_427' title='bbox 1504 1853 1561 1873; x_wconf 88' lang='lat' dir='ltr'><strong>no-</strong></span> 
     </span>
     <span class='ocr_line' id='line_1_86' title="bbox 861 1892 1561 1933; baseline -0.003 -8"><span class='ocrx_word' id='word_1_428' title='bbox 861 1894 961 1925; x_wconf 85' lang='lat' dir='ltr'><strong>minis</strong></span> <span class='ocrx_word' id='word_1_429' title='bbox 977 1893 1213 1933; x_wconf 81' lang='lat' dir='ltr'><strong>ambiguitate,</strong></span> <span class='ocrx_word' id='word_1_430' title='bbox 1226 1893 1316 1933; x_wconf 91' lang='lat' dir='ltr'><strong>quod</strong></span> <span class='ocrx_word' id='word_1_431' title='bbox 1329 1892 1380 1924; x_wconf 89' lang='lat' dir='ltr'><strong>illi</strong></span> <span class='ocrx_word' id='word_1_432' title='bbox 1397 1901 1473 1923; x_wconf 90' lang='lat' dir='ltr'><strong>cnm</strong></span> <span class='ocrx_word' id='word_1_433' title='bbox 1484 1892 1561 1923; x_wconf 88' lang='lat' dir='ltr'><strong>Deo</strong></span> 
     </span>
     <span class='ocr_line' id='line_1_87' title="bbox 862 1943 1561 1984; baseline -0.003 -8"><span class='ocrx_word' id='word_1_434' title='bbox 862 1944 1035 1976; x_wconf 88' lang='lat' dir='ltr'><strong>Mercurio</strong></span> <span class='ocrx_word' id='word_1_435' title='bbox 1051 1952 1226 1975; x_wconf 87' lang='lat' dir='ltr'><strong>commune</strong></span> <span class='ocrx_word' id='word_1_436' title='bbox 1242 1947 1308 1983; x_wconf 79' lang='lat' dir='ltr'><strong>est,</strong></span> <span class='ocrx_word' id='word_1_437' title='bbox 1323 1943 1396 1984; x_wconf 90' lang='lat' dir='ltr'><strong>joci</strong></span> <span class='ocrx_word' id='word_1_438' title='bbox 1420 1952 1561 1974; x_wconf 88' lang='lat' dir='ltr'><strong>acumen</strong></span> 
     </span>
     <span class='ocr_line' id='line_1_88' title="bbox 860 1993 1561 2037; baseline -0.001 -9"><span class='ocrx_word' id='word_1_439' title='bbox 860 1997 970 2028; x_wconf 86' lang='lat' dir='ltr'><strong>latere</strong></span> <span class='ocrx_word' id='word_1_440' title='bbox 987 2000 1098 2037; x_wconf 85' lang='lat' dir='ltr'><strong>putat.</strong></span> <span class='ocrx_word' id='word_1_441' title='bbox 1115 2006 1146 2036; x_wconf 89' lang='lat' dir='ltr'><strong>q.</strong></span> <span class='ocrx_word' id='word_1_442' title='bbox 1165 1995 1198 2026; x_wconf 93' lang='lat' dir='ltr'><strong>d.</strong></span> <span class='ocrx_word' id='word_1_443' title='bbox 1212 1993 1298 2026; x_wconf 80' lang='lat' dir='ltr'><strong>facis</strong></span> <span class='ocrx_word' id='word_1_444' title='bbox 1314 1999 1351 2026; x_wconf 89' lang='lat' dir='ltr'><strong>ut</strong></span> <span class='ocrx_word' id='word_1_445' title='bbox 1370 1995 1481 2034; x_wconf 86' lang='lat' dir='ltr'><strong>homo,</strong></span> <span class='ocrx_word' id='word_1_446' title='bbox 1497 1998 1561 2027; x_wconf 60' lang='lat' dir='ltr'><strong>&amp;cu</strong></span> 
     </span>
     <span class='ocr_line' id='line_1_89' title="bbox 862 2046 1333 2086; baseline 0 -10"><span class='ocrx_word' id='word_1_447' title='bbox 862 2046 939 2077; x_wconf 90' lang='lat' dir='ltr'><strong>vide</strong></span> <span class='ocrx_word' id='word_1_448' title='bbox 953 2056 983 2076; x_wconf 90' lang='lat' dir='ltr'><strong>c.</strong></span> <span class='ocrx_word' id='word_1_449' title='bbox 1001 2046 1090 2076; x_wconf 76' lang='lat'><strong>13.1.</strong></span> <span class='ocrx_word' id='word_1_450' title='bbox 1110 2049 1140 2077; x_wconf 88' lang='lat'><strong>1.</strong></span> <span class='ocrx_word' id='word_1_451' title='bbox 1153 2054 1333 2086; x_wconf 87' lang='lat' dir='ltr'><strong>parergon.</strong></span> 
     </span>
    </p>

    <p class='ocr_par' dir='ltr' id='par_1_17' title="bbox 861 2096 1565 2633">
     <span class='ocr_line' id='line_1_90' title="bbox 905 2096 1562 2137; baseline 0.002 -10"><span class='ocrx_word' id='word_1_452' title='bbox 905 2098 1106 2128; x_wconf 78' lang='lat' dir='ltr'><strong>Epio.xv1.</strong></span> <span class='ocrx_word' id='word_1_453' title='bbox 1132 2100 1147 2127; x_wconf 94' lang='lat' dir='ltr'>l</span> <span class='ocrx_word' id='word_1_454' title='bbox 1168 2096 1302 2128; x_wconf 78' lang='lat' dir='ltr'><strong>Faciunt</strong></span> <span class='ocrx_word' id='word_1_455' title='bbox 1330 2097 1408 2129; x_wconf 81' lang='lat' dir='ltr'><strong>hanc</strong></span> <span class='ocrx_word' id='word_1_456' title='bbox 1423 2097 1562 2137; x_wconf 82' lang='lat' dir='ltr'><strong>febrem]</strong></span> 
     </span>
     <span class='ocr_line' id='line_1_91' title="bbox 861 2147 1565 2189; baseline 0.001 -11"><span class='ocrx_word' id='word_1_457' title='bbox 861 2147 909 2178; x_wconf 90' lang='lat' dir='ltr'><strong>Ut</strong></span> <span class='ocrx_word' id='word_1_458' title='bbox 921 2147 1108 2178; x_wconf 83' lang='lat' dir='ltr'><strong>visentibus</strong></span> <span class='ocrx_word' id='word_1_459' title='bbox 1123 2152 1274 2178; x_wconf 87' lang='lat' dir='ltr'><strong>ostentet</strong></span> <span class='ocrx_word' id='word_1_460' title='bbox 1299 2149 1462 2189; x_wconf 83' lang='lat' dir='ltr'><strong>stragula,</strong></span> <span class='ocrx_word' id='word_1_461' title='bbox 1479 2159 1565 2179; x_wconf 88' lang='lat' dir='ltr'><strong>mor-</strong></span> 
     </span>
     <span class='ocr_line' id='line_1_92' title="bbox 862 2197 1563 2239; baseline -0.003 -10"><span class='ocrx_word' id='word_1_462' title='bbox 862 2198 940 2229; x_wconf 84' lang='lat' dir='ltr'><strong>bum</strong></span> <span class='ocrx_word' id='word_1_463' title='bbox 958 2197 1106 2229; x_wconf 84' lang='lat' dir='ltr'><strong>simulat.</strong></span> <span class='ocrx_word' id='word_1_464' title='bbox 1135 2197 1300 2238; x_wconf 78' lang='lat' dir='ltr'><strong>Stragula]</strong></span> <span class='ocrx_word' id='word_1_465' title='bbox 1326 2198 1422 2230; x_wconf 87' lang='lat' dir='ltr'><strong>Lecti</strong></span> <span class='ocrx_word' id='word_1_466' title='bbox 1452 2199 1563 2239; x_wconf 87' lang='lat' dir='ltr'><strong>operi-</strong></span> 
     </span>
     <span class='ocr_line' id='line_1_93' title="bbox 861 2248 1562 2288; baseline -0.001 -8"><span class='ocrx_word' id='word_1_467' title='bbox 861 2253 989 2287; x_wconf 87' lang='lat' dir='ltr'><strong>menta,</strong></span> <span class='ocrx_word' id='word_1_468' title='bbox 1013 2248 1155 2288; x_wconf 86' lang='lat' dir='ltr'><strong>Tapetia</strong></span> <span class='ocrx_word' id='word_1_469' title='bbox 1190 2249 1282 2280; x_wconf 87' lang='lat' dir='ltr'><strong>lecto</strong></span> <span class='ocrx_word' id='word_1_470' title='bbox 1318 2253 1438 2279; x_wconf 81' lang='lat' dir='ltr'><strong>strata.</strong></span> <span class='ocrx_word' id='word_1_471' title='bbox 1483 2249 1562 2280; x_wconf 88' lang='lat' dir='ltr'><strong>Non</strong></span> 
     </span>
     <span class='ocr_line' id='line_1_94' title="bbox 862 2297 1563 2339; baseline -0.003 -9"><span class='ocrx_word' id='word_1_472' title='bbox 862 2299 1022 2331; x_wconf 87' lang='lat' dir='ltr'><strong>convenit</strong></span> <span class='ocrx_word' id='word_1_473' title='bbox 1048 2297 1288 2330; x_wconf 84' lang='lat' dir='ltr'><strong>Grammaticis</strong></span> <span class='ocrx_word' id='word_1_474' title='bbox 1315 2298 1358 2329; x_wconf 90' lang='lat' dir='ltr'><strong>de</strong></span> <span class='ocrx_word' id='word_1_475' title='bbox 1390 2299 1563 2339; x_wconf 84' lang='lat' dir='ltr'><strong>stragulis,</strong></span> 
     </span>
     <span class='ocr_line' id='line_1_95' title="bbox 864 2348 1561 2381; baseline -0.001 0"><span class='ocrx_word' id='word_1_476' title='bbox 864 2355 1020 2381; x_wconf 87' lang='lat' dir='ltr'><strong>vestesne</strong></span> <span class='ocrx_word' id='word_1_477' title='bbox 1032 2359 1074 2379; x_wconf 89' lang='lat' dir='ltr'><strong>an</strong></span> <span class='ocrx_word' id='word_1_478' title='bbox 1087 2349 1252 2380; x_wconf 88' lang='lat' dir='ltr'><strong>lectorum</strong></span> <span class='ocrx_word' id='word_1_479' title='bbox 1265 2353 1373 2380; x_wconf 81' lang='lat' dir='ltr'><strong>strata</strong></span> <span class='ocrx_word' id='word_1_480' title='bbox 1383 2348 1561 2381; x_wconf 87' lang='lat' dir='ltr'><strong>denotent.</strong></span> 
     </span>
     <span class='ocr_line' id='line_1_96' title="bbox 864 2398 1562 2441; baseline -0.001 -9"><span class='ocrx_word' id='word_1_481' title='bbox 864 2402 937 2441; x_wconf 86' lang='lat' dir='ltr'><strong>Ego</strong></span> <span class='ocrx_word' id='word_1_482' title='bbox 966 2406 1157 2440; x_wconf 77' lang='lat' dir='ltr'><strong>utrunque:</strong></span> <span class='ocrx_word' id='word_1_483' title='bbox 1181 2408 1327 2440; x_wconf 86' lang='lat' dir='ltr'><strong>namque</strong></span> <span class='ocrx_word' id='word_1_484' title='bbox 1352 2398 1460 2430; x_wconf 89' lang='lat' dir='ltr'><strong>leonis</strong></span> <span class='ocrx_word' id='word_1_485' title='bbox 1487 2410 1562 2440; x_wconf 89' lang='lat' dir='ltr'><strong>spo-</strong></span> 
     </span>
     <span class='ocr_line' id='line_1_97' title="bbox 862 2449 1563 2490; baseline -0.001 -8"><span class='ocrx_word' id='word_1_486' title='bbox 862 2451 942 2482; x_wconf 88' lang='lat' dir='ltr'><strong>lium</strong></span> <span class='ocrx_word' id='word_1_487' title='bbox 974 2449 1117 2481; x_wconf 88' lang='lat' dir='ltr'><strong>Herculi</strong></span> <span class='ocrx_word' id='word_1_488' title='bbox 1149 2459 1210 2489; x_wconf 90' lang='lat' dir='ltr'><strong>pro</strong></span> <span class='ocrx_word' id='word_1_489' title='bbox 1237 2449 1326 2480; x_wconf 82' lang='lat' dir='ltr'><strong>lecto</strong></span> <span class='ocrx_word' id='word_1_490' title='bbox 1349 2453 1385 2479; x_wconf 87' lang='lat' dir='ltr'><strong>et</strong></span> <span class='ocrx_word' id='word_1_491' title='bbox 1399 2450 1563 2490; x_wconf 87' lang='lat' dir='ltr'><strong>stragulo,</strong></span> 
     </span>
     <span class='ocr_line' id='line_1_98' title="bbox 864 2499 1561 2543; baseline -0.007 -10"><span class='ocrx_word' id='word_1_492' title='bbox 864 2502 954 2543; x_wconf 86' lang='lat' dir='ltr'><strong>apud</strong></span> <span class='ocrx_word' id='word_1_493' title='bbox 979 2501 1166 2531; x_wconf 82' lang='lat' dir='ltr'><strong>Senecam:</strong></span> <span class='ocrx_word' id='word_1_494' title='bbox 1188 2501 1198 2516; x_wconf 92' lang='lat'>‘</span> <span class='ocrx_word' id='word_1_495' title='bbox 1214 2509 1357 2540; x_wconf 88' lang='lat' dir='ltr'><strong>quonam</strong></span> <span class='ocrx_word' id='word_1_496' title='bbox 1373 2499 1459 2531; x_wconf 88' lang='lat' dir='ltr'><strong>abiit</strong></span> <span class='ocrx_word' id='word_1_497' title='bbox 1488 2504 1561 2541; x_wconf 83' lang='lat' dir='ltr'><strong>teg.</strong></span> 
     </span>
     <span class='ocr_line' id='line_1_99' title="bbox 864 2549 1562 2591; baseline -0.003 -9"><span class='ocrx_word' id='word_1_498' title='bbox 864 2562 939 2583; x_wconf 82' lang='lat' dir='ltr'><strong>men</strong></span> <span class='ocrx_word' id='word_1_499' title='bbox 965 2560 1086 2588; x_wconf 90' lang='lat' dir='ltr'><strong>meum,</strong></span> <span class='ocrx_word' id='word_1_500' title='bbox 1115 2549 1280 2591; x_wconf 84' lang='lat' dir='ltr'><strong>Idemque</strong></span> <span class='ocrx_word' id='word_1_501' title='bbox 1304 2559 1420 2581; x_wconf 87' lang='lat' dir='ltr'><strong>somno</strong></span> <span class='ocrx_word' id='word_1_502' title='bbox 1450 2551 1562 2581; x_wconf 85' lang='lat' dir='ltr'><strong>mollis</strong></span> 
     </span>
     <span class='ocr_line' id='line_1_100' title="bbox 862 2600 1206 2633; baseline -0.009 0"><span class='ocrx_word' id='word_1_503' title='bbox 862 2601 1055 2633; x_wconf 87' lang='lat' dir='ltr'><strong>Herculeus</strong></span> <span class='ocrx_word' id='word_1_504' title='bbox 1070 2604 1164 2631; x_wconf 88' lang='lat' dir='ltr'><strong>torus</strong></span> <span class='ocrx_word' id='word_1_505' title='bbox 1177 2600 1188 2630; x_wconf 89' lang='lat'>?</span> <span class='ocrx_word' id='word_1_506' title='bbox 1199 2600 1206 2612; x_wconf 81' lang='lat'><em>&#39;</em></span> 
     </span>
    </p>

    <p class='ocr_par' dir='ltr' id='par_1_18' title="bbox 861 2650 1560 2740">
     <span class='ocr_line' id='line_1_101' title="bbox 903 2650 1560 2691; baseline -0.002 -9"><span class='ocrx_word' id='word_1_507' title='bbox 903 2656 923 2682; x_wconf 83' lang='lat'>2</span> <span class='ocrx_word' id='word_1_508' title='bbox 947 2650 1181 2690; x_wconf 64' lang='lat' dir='ltr'><strong>Sifuerit‚&amp;c.]</strong></span> <span class='ocrx_word' id='word_1_509' title='bbox 1196 2650 1231 2680; x_wconf 93' lang='lat' dir='ltr'><strong>Si</strong></span> <span class='ocrx_word' id='word_1_510' title='bbox 1246 2650 1387 2690; x_wconf 87' lang='lat' dir='ltr'><strong>valeret,</strong></span> <span class='ocrx_word' id='word_1_511' title='bbox 1403 2659 1469 2681; x_wconf 91' lang='lat' dir='ltr'><strong>non</strong></span> <span class='ocrx_word' id='word_1_512' title='bbox 1487 2660 1560 2691; x_wconf 86' lang='lat' dir='ltr'><strong>pos-</strong></span> 
     </span>
     <span class='ocr_line' id='line_1_102' title="bbox 861 2700 1238 2740; baseline -0.008 -7"><span class='ocrx_word' id='word_1_513' title='bbox 861 2706 936 2733; x_wconf 76' lang='lat' dir='ltr'><strong>sent</strong></span> <span class='ocrx_word' id='word_1_514' title='bbox 951 2700 1059 2732; x_wconf 89' lang='lat' dir='ltr'><strong>videri</strong></span> <span class='ocrx_word' id='word_1_515' title='bbox 1076 2700 1238 2740; x_wconf 81' lang='lat' dir='ltr'><strong>stragula.</strong></span> 
     </span>
    </p>

    <p class='ocr_par' dir='ltr' id='par_1_19' title="bbox 903 2749 1560 2792">
     <span class='ocr_line' id='line_1_103' title="bbox 903 2749 1560 2792; baseline 0 -10"><span class='ocrx_word' id='word_1_516' title='bbox 903 2754 921 2782; x_wconf 78' lang='lat'><strong>3</strong></span> <span class='ocrx_word' id='word_1_517' title='bbox 947 2751 1044 2782; x_wconf 74' lang='lat' dir='ltr'><strong>&#39;sorus</strong></span> <span class='ocrx_word' id='word_1_518' title='bbox 1055 2761 1073 2781; x_wconf 87' lang='lat' dir='ltr'><strong>a</strong></span> <span class='ocrx_word' id='word_1_519' title='bbox 1090 2749 1180 2790; x_wconf 78' lang='lat' dir='ltr'><em>Nilo]</em></span> <span class='ocrx_word' id='word_1_520' title='bbox 1204 2751 1310 2782; x_wconf 82' lang='lat' dir='ltr'><strong>Torus</strong></span> <span class='ocrx_word' id='word_1_521' title='bbox 1324 2760 1342 2781; x_wconf 87' lang='lat' dir='ltr'><strong>e</strong></span> <span class='ocrx_word' id='word_1_522' title='bbox 1357 2750 1425 2782; x_wconf 88' lang='lat' dir='ltr'><strong>lino</strong></span> <span class='ocrx_word' id='word_1_523' title='bbox 1435 2750 1560 2792; x_wconf 81' lang='lat' dir='ltr'><strong>AEgyp-</strong></span> 
     </span>
    </p>
   </div>
  </div>
 </body>
</html>
