1866 3131
404 179 451 206 M.
487 178 596 206 VAL.
632 174 905 204 MAirrlALis
943 174 1103 204 El'lGR.
1142 175 1229 204 [AB.
1263 175 1333 203 ΙΙΙ.

146 272 221 311 bus,
234 272 290 312 qui
305 272 346 303 de
367 272 490 303 familia
504 271 666 309 Faustini,
678 278 762 308 esse,
777 277 841 309 quo

145 323 181 353 in
214 322 293 352 villa
319 322 393 362 ejus
421 327 654 361 occupentur;
685 318 843 359 cauponi,

147 372 364 412 palaestrita‘,
381 373 522 410 ancillis,
534 371 661 411 pueris,
678 369 840 400 eunucho.

146 422 263 462 Caupo
278 422 389 452 vinum
408 421 536 460 vendit,
554 419 742 461 palaestrita
762 427 840 449 aves

145 478 275 514 captat,
299 475 362 504 διο.
385 472 514 503 ancillae
545 471 679 502 hortum
710 469 840 508 colunt,

144 526 208 555 διο.
232 523 386 554 Musamb.
433 522 501 553 Alii
528 523 593 562 leg,
619 520 777 560 umbellas,
804 525 841 551 et

144 575 191 605 sic
214 578 408 614 exponunt;
433 574 549 604 liortus
577 573 668 603 nullo
695 571 839 603 artificio

145 625 312 666 exquisito
337 624 557 665 compositus,
581 622 641 654 sed
659 627 778 663 paratu
793 621 839 653 fa-

144 676 216 706 cilis
232 686 272 707 eo
287 676 353 706 fine
369 675 516 706 consitus
533 678 598 713 est,
609 678 646 704 ut
663 672 768 713 possit
790 673 838 703 hi-

143 726 231 756 lares
256 726 389 757 umbras
411 724 566 766 praebere
587 722 837 754 recubantibus.

144 775 351 806 Ramiresius
362 776 456 815 legit,
467 774 595 805 urbanos
607 785 616 805 .-
639 773 673 804 id
686 777 750 813 est,
762 773 837 804 hor-

144 830 197 857 tus
214 824 327 857 facilis
357 831 501 857 exercet
524 831 559 856 et
575 829 723 865 occupat
738 824 837 855 urba-

141 886 215 916 nOS,
241 886 298 908 eos
328 886 374 908 sc.
399 877 454 918 qni
482 876 524 906 ab
552 875 635 906 urbe
665 875 699 905 in
725 875 837 905 villam

141 927 282 958 veniunt
313 927 520 958 rusticaturi.
554 926 737 956 Variantes
755 925 837 955 alias

140 977 308 1007 lectiones
325 976 401 1007 vide
419 976 506 1017 apud
525 975 709 1007 Raderum.

182 1029 223 1056 30
248 1027 291 1057 Et
305 1029 487 1066 poeclagogo‚
513 1026 581 1067 Sym]
605 1025 775 1056 Alacriter
798 1035 837 1056 ac

139 1081 262 1117 sponte
278 1077 415 1117 obeunt,
444 1087 508 1108 nec
535 1077 729 1107 detrectant
745 1076 838 1106 mini-

139 1126 244 1157 steria
259 1126 358 1157 etiam
377 1136 395 1157 a
419 1126 530 1157 villico
546 1126 727 1167 imperata,
748 1125 836 1166 quod

142 1176 223 1207 alibi
239 1176 468 1218 dedignantur
490 1177 559 1208 isti.

181 1230 220 1258 31
247 1228 364 1259 Parere
375 1227 527 1267 gaudent]
560 1228 636 1259 Non
665 1237 747 1267 ergo
774 1227 837 1258 lioc

140 1286 215 1308 cum
242 1278 343 1310 Junio
369 1284 403 1309 et
424 1279 544 1309 Douza
566 1277 837 1317 intelligendum,

139 1326 181 1358 de
212 1327 442 1358 submittendo
476 1327 653 1367 capillitio,
683 1327 717 1357 id
744 1326 835 1368 quod

139 1376 285 1408 adultior
295 1383 378 1409 aetas
391 1377 589 1409 factitabat:
615 1376 672 1408 sed
686 1376 836 1408 referen-

139 1427 294 1459 dumlioc
311 1428 353 1460 ad
370 1429 436 1459 alia
460 1428 602 1468 imperia
623 1427 747 1458 villici:
772 1428 834 1457 sci-

137 1478 220 1510 licet
248 1479 292 1509 ad
333 1478 450 1519 fruges
482 1477 702 1518 colligendas,
727 1478 836 1518 pisces

139 1529 338 1568 capiendos,
354 1528 565 1559 venationem
580 1527 836 1566 instituendam,

139 1580 204 1611 διε.
220 1579 385 1619 Capillati]
409 1579 483 1609 Filii
500 1578 645 1608 familias
669 1578 722 1608 vel
740 1578 835 1617 pueri

139 1628 278 1659 delicati
294 1638 406 1659 comas
422 1628 552 1658 alentes
563 1627 671 1667 epigr.
681 1629 736 1657 62.
748 1627 770 1657 l.
784 1629 834 1657 10.

140 1678 307 1714 ‘Cirrati‚'
331 1679 428 1709 Pers.
452 1681 481 1708 1.

181 1731 223 1759 32
246 1730 290 1759 Et
320 1729 479 1767 delicatus,
506 1727 574 1768 ξω]
605 1728 649 1759 Et
673 1727 736 1768 ipsi
752 1727 835 1758 deli-

140 1779 222 1817 cati,
253 1789 310 1809 seu
339 1780 372 1810 in
396 1779 521 1809 delitiis
550 1778 655 1809 habiti
668 1778 835 1817 spadones

137 1834 241 1870 atque
278 1829 491 1866 cubicularii,
535 1829 752 1859 delectantur
789 1829 834 1858 la-

139 1879 233 1910 bore.

181 1932 221 1960 33
247 1929 313 1960 Nec
325 1929 409 1960 venit
425 1930 538 1968 inanis,
555 1928 625 1969 δῖα]
651 1929 728 1960 Non
758 1938 834 1969 por-

139 1984 191 2012 tat
208 1980 332 2011 nudum
358 1986 393 2012 et
409 1981 506 2012 inane
529 1982 538 1997 ‘
554 1982 648 2018 Ave‚’
677 1986 715 2011 ut
730 1981 834 2011 clien-

139 2036 191 2062 tes
207 2031 240 2061 in
259 2031 356 2071 urbe,
377 2031 437 2062 sed
463 2030 576 2062 adfert
591 2041 742 2071 munera,
758 2041 833 2073 quae

136 2089 232 2122 seqq.

180 2134 222 2162 34
246 2132 335 2172 Fert,
352 2131 422 2172 Esou]
446 2130 572 2162 Adfert
588 2130 697 2164 favos·

180 2185 220 2212 35
245 2183 424 2222 Metamque
439 2181 541 2222 lactis]
557 2183 701 2213 Caseum
714 2182 754 2212 ad
768 2181 833 2213 for-

138 2242 227 2263 mam
251 2237 375 2270 metae3
400 2237 436 2262 ut
463 2242 564 2272 supra
589 2233 656 2272 Ep.
685 2235 739 2264 44.
766 2233 787 2263 l.
808 2235 834 2263 1.

139 2291 226 2313 vers.
241 2285 270 2313 6.
315 2282 489 2321 Sassinate,
502 2282 572 2322 δικ]
596 2283 735 2323 Oppido
752 2283 833 2313 Um-

139 2333 237 2372 briae,
252 2333 368 2363 Plauti
382 2334 505 2373 patria.

181 2387 222 2414 36
247 2382 368 2422 Glires]
390 2383 499 2415 Quem
516 2383 631 2415 Graeci
647 2381 747 2414 ἕλειον
768 2383 835 2423 μῦν,

139 2435 192 2465 vel
208 2434 315 2473 μυυξὸν
331 2434 517 2474 appellant.

180 2487 220 2516 37
250 2484 522 2524 l'agie'ntem,43-c.]
545 2484 693 2515 Haedum
718 2484 833 2516 balatu

138 2532 389 2564 desiderantem
401 2538 542 2564 matrem
555 2535 663 2574 capel.

180 2587 222 2614 38
241 2585 370 2615 coactos
380 2594 450 2623 non,
464 2585 535 2625 ἔξω]
549 2585 640 2617 Quia
655 2589 832 2617 castratos.

180 2637 222 2665 39
248 2635 292 2664 Et
306 2636 384 2665 dona
399 2639 543 2675 matrum,
555 2635 623 2675 Sym]
637 2636 731 2667 Filiae
746 2636 833 2676 agri-

146 2686 295 2715 colarum
308 2683 422 2715 ferunt
434 2684 522 2715 dona
539 2695 556 2715 a
568 2685 747 2716 matribus:
769 2685 833 2722 vel,

139 2736 147 2750 ‘
161 2736 283 2766 Raucae
303 2736 404 2766 cortis
434 2744 511 2767 aves
529 2727 567 2766 et*
579 2745 641 2767 ova
658 2742 798 2767 matrum
813 2734 833 2773 3’

1478 165 1580 206 1181

892 267 999 307 epigr.
1016 270 1069 298 30.
1096 269 1117 298 1.
1134 272 1165 299 7.
1188 279 1244 309 ep.
1260 269 1351 300 50.1.
1369 271 1398 300 l.
1449 268 1589 300 vimineo

892 316 994 356 texto]
1012 317 1176 357 Calatliis,
1191 319 1306 358 corbe,
1320 320 1479 359 canistro,
1494 330 1588 360 spor-

892 368 976 400 tula.

932 420 975 448 42
1000 419 1068 449 Nec
1091 428 1198 459 avara,
1218 419 1288 459 iso]
1312 420 1412 453 Quod
1442 420 1476 452 in
1503 421 1586 452 urbe

890 465 965 498 fieri
989 468 1098 506 solet;
1122 478 1226 508 supra
1249 469 1356 509 epigr.
1381 473 1433 502 13.
1453 481 1539 503 verS.
1556 475 1586 502 3.

892 523 927 549 et
943 518 1054 558 epigr.
1069 521 1123 550 23.
1148 524 1184 550 et
1207 519 1230 549 l.
1254 522 1284 550 1.
1299 519 1409 560 epigr.
1426 523 1501 552 104.

930 571 972 600 43
998 569 1150 609 Ehrioque
1164 579 1223 599 non
1237 570 1335 609 novit,
1349 570 1417 610 ὅμκ]
1447 570 1488 600 In
1505 570 1586 602 urbe

889 629 987 650 secus
998 619 1054 651 fit:
1073 630 1151 651 nam
1164 630 1255 660 saepe
1268 621 1420 651 esuriens
1434 622 1589 653 minister

887 680 1013 702 mensae
1043 670 1175 702 invidet
1194 675 1308 702 saturo
1339 678 1373 702 et
1400 677 1480 711 poto
1510 682 1586 703 con-

888 720 975 751 vivae
991 731 999 752 :
1025 720 1083 751 sed
1095 721 1128 751 in
1144 721 1204 752 bac
1217 721 1310 760 villa,
1322 730 1424 761 quum
1439 731 1505 752 non
1521 732 1590 753 ser·

888 775 1010 801 ventur
1023 771 1127 812 dapes
1143 771 1176 802 in
1189 772 1372 802 crastinum
1385 772 1587 809 convivium,

888 829 1077 852 mensarum
1090 822 1240 862 reliquiis
1251 820 1379 853 affatim
1392 827 1588 853 saturantur

887 870 1056 910 ministri;
1084 872 1132 902 ita
1155 876 1192 902 ut
1206 871 1301 902 ebrio
1325 877 1360 902 et
1376 877 1493 903 saturo
1511 882 1590 903 con-

888 920 973 951 vivae
990 930 1057 951 non
1075 920 1261 952 invideant.
1290 922 1374 953 Rad.

932 973 972 1001 45
997 971 1124 1002 Famem
1136 971 1296 1012 mundam]
1318 972 1434 1003 Vertit
1460 973 1585 1004 oratio·

887 1031 965 1053 nem
983 1022 1056 1063 jam
1081 1022 1123 1054 ad
1139 1023 1239 1054 Bassi
1254 1023 1402 1062 hortum,
1422 1033 1520 1064 quem
1545 1024 1588 1054 ir-

886 1072 977 1103 ridet
1007 1073 1049 1104 ab
1079 1073 1226 1104 omnium
1255 1082 1368 1104 rerum
1392 1073 1526 1114 inopia;
1551 1081 1588 1105 ut

886 1125 1031 1155 alterum
1048 1135 1067 1155 a
1080 1126 1182 1166 copia
1198 1125 1367 1157 laudarat.
1412 1126 1590 1166 Dicitque,

887 1184 989 1206 unum
1017 1176 1183 1216 praedium'
1221 1175 1463 1214 suburbanum,
1492 1186 1586 1206 mun-

887 1225 966 1256 dum
989 1225 1124 1266 quidem
1153 1230 1188 1256 et
1202 1226 1348 1264 elegam,
1372 1225 1430 1256 sed
1456 1224 1586 1256 fameli-

886 1284 961 1306 cum
977 1280 1011 1306 et
1029 1275 1145 1306 sterile
1159 1286 1168 1314 ;
1196 1284 1299 1314 supra
1314 1274 1421 1314 epigr.
1433 1276 1488 1305 47.

927 1328 970 1356 46
994 1326 1101 1356 Meras
1116 1324 1237 1365 laurus]
1260 1324 1356 1356 Solas
1369 1324 1502 1356 steriles
1517 1325 1586 1356 lau-

887 1387 956 1416 rus,
973 1377 1093 1418 quibus
1109 1377 1211 1408 nullae
1237 1377 1375 1408 arbores
1392 1375 1585 1409 fructiferae

886 1427 1147 1458 interseruntur.

927 1481 967 1508 47
993 1478 1111 1518 Priapo
1121 1476 1198 1516 non]
1214 1477 1333 1518 Epigr.
1347 1478 1432 1509 36.l.
1450 1480 1478 1508 1.
1495 1487 1584 1509 vers,

884 1530 915 1558 8.
942 1528 1081 1559 Timente
1093 1527 1231 1567 securus]
1246 1528 1397 1559 Custode
1413 1528 1586 1559 hortorum

885 1583 918 1608 et
936 1579 1088 1609 villarum
1105 1589 1171 1609 non
1199 1579 1341 1610 timente
1365 1578 1489 1618 furem,
1505 1580 1586 1620 quia

886 1627 968 1658 nihil
987 1632 1037 1658 est
1055 1628 1143 1668 quod
1160 1627 1213 1658 fur
1230 1627 1376 1660 auferat.

926 1680 968 1708 48
997 1678 1106 1716 Farre,
1129 1677 1198 1717 ἔξω]
1229 1678 1315 1708 Cum
1346 1679 1473 1709 sterilis
1501 1679 1585 1710 villa

886 1736 950 1757 non
969 1728 1037 1758 alat
1051 1728 1200 1758 villicum
1216 1728 1339 1768 ipsum.

926 1780 968 1808 49
980 1778 1162 1818 Pictamque
1171 1777 1294 1818 portas]
1308 1777 1483 1810 Amoenam
1497 1778 1585 1810 forte

884 1831 919 1857 et
937 1828 1008 1857 visu
1037 1828 1225 1867 pulchram,
1253 1837 1370 1858 verum
1395 1837 1461 1858 non
1478 1829 1584 1868 magis

885 1881 1047 1915 saturam,
1073 1887 1172 1918 quam
1198 1886 1273 1917 quae
1299 1877 1332 1907 in
1356 1877 1451 1918 picta
1469 1877 1585 1909 tabula

884 1926 1108 1966 exprimitur:
1144 1927 1265 1958 alludit
1297 1926 1387 1958 forte
1426 1927 1468 1958 ad
1500 1928 1581 1958 illud

884 1975 1018 2016 Cynici,
1035 1977 1092 2017 qui
1108 1986 1204 2007 servo
1214 1977 1379 2008 esurienti
1393 1977 1504 2018 pictas
1528 1988 1579 2008 os-

885 2025 1047 2057 tendebat
1058 2026 1172 2067 dapes,
1182 2037 1255 2068 quae
1264 2028 1379 2058 oculos
1388 2034 1584 2068 pascerent,

884 2085 951 2106 non
966 2083 1132 2108 ventrem.
1180 2079 1319 2118 Otiosus,
1331 2078 1400 2118 Esca]
1424 2079 1474 2110 Ex
1490 2080 1582 2110 urbis

884 2127 972 2158 curis
988 2132 1146 2168 tanquam
1164 2137 1182 2159 e
1199 2128 1340 2160 vinculis
1357 2129 1496 2160 solutus.

926 2181 966 2208 51
994 2178 1111 2208 Domus-
1121 2178 1226 2218 longe]
1257 2179 1384 2209 Domus
1415 2185 1511 2210 extra
1528 2189 1581 2209 ur-

884 2227 1084 2268 bem,longe
1101 2228 1142 2259 ab
1171 2229 1255 2259 urbe
1273 2228 1402 2269 dissita,
1415 2229 1457 2259 ad
1480 2239 1579 2269 quain

883 2278 1011 2309 cibaria
1027 2288 1067 2307 ex
1084 2278 1165 2308 urbe
1174 2277 1376 2318 efferuntur,
1398 2280 1414 2309 ὁ
1425 2278 1522 2319 πόῤῥω
1538 2278 1579 2310 οἷ-

883 2339 948 2369 κος,
962 2329 1015 2359 vel
1027 2328 1047 2366 ἡ
1058 2327 1200 2368 ἀπωτέρω
1215 2328 1304 2361 οἰκία.

926 2380 1031 2411 EPIG.
1062 2387 1135 2409 ux.
1162 2382 1177 2410 1
1196 2379 1293 2410 Sutor
1308 2380 1395 2409 cerdo
1410 2379 1495 2410 dedit
1511 2379 1582 2420 tibi,

883 2429 952 2469 δῖα]
972 2428 1175 2469 Indignatur
1192 2428 1293 2468 poeta
1306 2437 1394 2460 nunc
1408 2430 1579 2461 cerdones

883 2484 918 2510 et
934 2480 1090 2510 Fullones
1106 2479 1226 2518 passini
1240 2477 1344 2508 edere
1358 2488 1495 2510 munera
1509 2479 1579 2519 gla-

883 2529 1039 2560 diatoria.
1094 2529 1156 2558 Est
1185 2528 1274 2559 enini
1305 2528 1396 2569 apud
1422 2529 1577 2560 Tacitum

882 2578 1229 2616 Senatuscousultum,
1263 2588 1329 2619 quo
1357 2584 1510 2618 cavetur,
1536 2589 1577 2610 ne

883 2628 956 2669 quis
988 2628 1226 2667 gladiatorium
1258 2637 1376 2659 munus
1404 2628 1495 2669 edat,
1523 2631 1577 2661 cni

883 2679 990 2709 minus
1019 2678 1341 2718 quadringentorum
1358 2680 1497 2711 millium
1524 2690 1576 2712 res

882 2729 935 2759 sit.
982 2729 1094 2759 Rader.
1131 2728 1223 2760 Sutor
1252 2729 1355 2769 cerdo]
1380 2730 1454 2762 Hoc
1488 2732 1576 2763 enim
