1866 3131
422 155 468 185 M,
507 154 614 183 VAL.
650 152 922 183 MAR'l'tAffls
956 152 1115 181 Epicu.
1151 153 1241 181 Llll.
1276 153 1317 179 V.

150 255 312 282 arternum
327 252 495 282 amittere.
525 251 654 281 Herald.

191 304 293 333 Epic..
311 311 425 333 vati.
449 301 518 332 Sub
536 306 628 332 terto
650 306 685 331 et
710 299 843 339 tegulis,

145 354 199 383 ubi
230 352 408 384 nidificant
438 352 644 388 hirundines,
672 350 842 388 Martialis

143 404 332 443 habitabat,
347 413 491 444 avesque
508 401 768 433 contubernales
785 401 842 431 lia-

145 456 250 486 nebat
274 454 496 492 hirundines;
526 462 567 482 ex
596 452 716 493 quibus
741 461 841 482 unam

145 516 220 536 cum
238 505 374 546 reliquis
388 514 452 535 non
465 504 616 534 avolasse
633 503 666 533 in
681 507 842 533 autumno

145 561 305 594 notarat3
335 564 476 596 eantque
509 564 528 584 a
557 552 701 583 reversis
733 553 842 583 altero

144 617 223 638 vere
255 608 428 638 laniatam.
487 606 532 636 Et
566 604 662 635 brevi
693 602 841 634 fabulam

142 658 297 698 Prognes
312 657 466 698 exponit.
491 657 573 687 Rad.

196 712 211 739 1
238 708 396 739 Hibernos
419 709 571 747 peterent,
593 705 660 745 230]
685 704 769 736 Cum
795 704 841 735 111-

144 758 314 795 rundines,
328 756 593 798 appetentejam
609 757 742 795 hyeme,
753 765 772 785 a
786 765 842 786 no-

142 808 192 838 bis
209 808 249 839 ad
257 808 408 838 volarent
420 806 570 838 Africam
582 807 688 849 <teste
702 805 844 847 Plinio),

147 859 235 890 unde
252 859 346 889 verni
363 867 424 889 nos
439 858 563 888 visunt.

185 913 204 940 2
220 909 381 949 Atthides]
403 908 636 944 Hiruudines;
658 918 677 938 a
692 907 843 946 Progne,

142 960 327 990 Pandionis
344 959 471 990 Atticae
489 959 578 998 regis
590 958 669 993 filia,
683 958 716 988 in
729 958 842 988 birun-

142 1009 254 1040 dinem
282 1019 458 1040 conversa.
505 1009 545 1039 In
570 1008 652 1038 nidis
675 1018 749 1047 una,
773 1007 842 1048 ὅπη]

143 1059 221 1090 Hoc
237 1058 322 1090 forte
335 1059 396 1089 sub
412 1059 549 1098 tegulis,
562 1058 618 1088 ubi
634 1058 733 1089 scalis
749 1058 843 1088 habi-

141 1110 228 1141 tavit
256 1109 376 1148 tribus,
401 1109 435 1138 in
458 1108 758 1139 contubernalibus
776 1108 844 1139 suis

140 1160 374 1192 hirundinibus
391 1159 680 1190 animadverterat
702 1159 843 1190 Martia-

140 1213 194 1243 115.

185 1267 203 1294 3
230 1264 330 1301 Nesus
352 1264 391 1293 ad
417 1265 568 1301 tempora,
583 1259 652 1301 iffa]
676 1259 844 1291 Mansisse

140 1318 259 1345 contra
274 1323 402 1344 morem
419 1318 455 1344 et
467 1318 618 1343 naturam
629 1312 714 1342 lianc
730 1311 844 1341 hirun-

141 1365 253 1395 dinem
269 1363 482 1404 deprendere
509 1368 659 1402 caeterae,
686 1371 766 1393 vere
792 1370 843 1391 re-

143 1425 262 1446 versae.

187 1470 205 1497 -1
223 1465 311 1506 Suoe]
328 1464 489 1505 Ejusdem
507 1463 640 1504 generis
657 1472 749 1502 aveS,
765 1472 843 1502 cog·

142 1522 231 1547 natae
248 1517 337 1546 inter
352 1526 408 1547 se:
433 1517 442 1533 ‘
459 1514 662 1555 profugam,’
682 1514 843 1545 desertri-

145 1577 218 1598 cem
235 1568 398 1607 agminis3
423 1567 525 1607 quod,
544 1573 580 1596 ut
599 1566 631 1595 in
649 1575 685 1595 re
705 1564 843 1595 militari

143 1619 288 1659 capitale
312 1625 378 1656 est,
404 1618 452 1649 ita
472 1617 536 1648 fuit
559 1617 636 1647 huic
657 1615 843 1655 hirundini,

145 1678 221 1699 cum
238 1668 502 1708 discerperetur.
528 1667 679 1697 Raclerus.

187 1724 205 1751 5
231 1720 307 1750 Sero
327 1720 412 1750 «ledit
429 1728 546 1759 poenas,
562 1716 628 1758 Sym]
653 1716 784 1747 Alludit
802 1715 844 1746 ad

143 1770 212 1802 sab.
230 1771 397 1810 Prognes,
415 1779 512 1810 quam
529 1768 614 1798 dicit
631 1771 700 1797 tum
715 1766 846 1797 discer-

146 1821 290 1861 pendam
313 1820 426 1858 fuisse,
454 1819 511 1849 ubi
533 1819 606 1858 ipsa
627 1828 721 1847 suum
739 1816 843 1847 filium

144 1872 235 1911 Itym
253 1870 487 1910 discerpebat:
513 1869 680 1909 simulque
698 1867 785 1899 ludit
810 1868 844 1899 in

145 1922 256 1952 verbis
273 1923 281 1938 ‘
295 1920 456 1961 discerpi‘
473 1926 508 1951 et
528 1923 536 1937 ‘
552 1920 726 1952 lacerare.'
757 1919 844 1950 Vide

146 1972 204 2003 lib.
232 1975 263 2003 0.
306 1971 539 2012 Metainorph.
565 1970 669 2001 Ovid.
695 1975 730 2001 et
753 1970 843 2010 apud

144 2023 375 2064 Mythologos.

190 2074 292 2104 Eric..
305 2081 437 2104 vatu.
455 2071 589 2102 Aureus
602 2071 694 2102 color
710 2070 845 2111 capillo-

146 2133 218 2154 rum
232 2122 583 2162 Gei·nianicot·uin,i‹al
594 2120 715 2152 πάντων
731 2123 845 2161 σχεδὸν

145 2175 207 2203 τῶν
221 2173 292 2214 πρὸς
306 2173 414 2213 ἄρκτον
425 2171 598 2204 οἶκούντων.
615 2172 774 2204 Juvenal.
787 2175 844 2203 Sa-

148 2231 214 2264 tyr.
241 2227 292 2255 13.
329 2226 338 2241 ‘
355 2224 487 2256 Caerula
512 2224 585 2264 quis
610 2224 741 2264 stupuit
757 2224 844 2255 Ger-

146 2275 237 2305 mani
275 2274 425 2305 lumina?
462 2273 583 2305 flavam
622 2274 803 2305 Caes-artem
821 2273 844 2304 ?’

145 2326 280 2365 Emptae
299 2329 412 2356 antem
428 2325 478 2356 11ae
503 2334 609 2357 comae
633 2335 651 2356 a
674 2325 845 2367 plerisque

146 2376 355 2415 mulieribus,
382 2376 577 2416 capillorum
593 2377 741 2408 colorem
756 2387 845 2408 meu·

146 2426 322 2458 tientibus.
346 2426 478 2457 Hei-ald.

192 2480 207 2507 1
232 2476 350 2508 Arctoa
372 2478 409 2507 de
429 2480 534 2517 gente,
557 2477 624 2518 fisa]
648 2478 676 2509 E
704 2477 845 2509 Germa·

147 2531 215 2571 nia,
231 2541 305 2572 quae
322 2531 364 2562 ad
378 2530 532 2562 Arctum.
555 2530 718 2561 Germani
731 2537 845 2561 autem

145 2581 233 2612 flava
250 2581 388 2612 caesarie
402 2580 617 2621 spectabiles.

189 2635 208 2663 2
237 2633 281 2663 Ut
303 2632 410 2671 scires,
432 2631 498 2671 35⁶]
522 2631 570 2662 Ut
592 2631 721 2671 videas,
746 2641 844 2672 quam

147 2682 364 2723 impudenter
393 2681 507 2713 fucum
545 2681 654 2714 facias
689 2682 845 2714 meretri-

149 2733 251 2777 cium,
288 2735 341 2766 cui
381 2735 495 2775 placet
533 2734 751 2775 caliendrum,
784 2743 844 2765 sen

1480 142 1591 182 1247

893 257 989 278 coma
1006 253 1122 287 empta
1139 253 1173 278 et
1189 247 1333 285 factitia,
1349 257 1423 287 quw
1443 247 1493 277 vel
1506 247 1592 277 Ger-

893 307 1007 327 manos
1022 297 1106 327 ssavo
1119 298 1232 329 colore
1244 305 1395 338 superet.
1423 299 1590 328 Matreu-m.

894 356 1006 381 autem
1032 351 1141 390 nigra,
1168 352 1256 391 lup-a*
1282 351 1367 382 flava
1395 351 1591 391 gaudebant

893 412 1001 432 coma.
1046 401 1192 432 Videtur
1221 402 1317 442 hujus
1350 403 1464 442 Epigr.
1496 412 1592 441 argu-

893 457 1043 482 mentum
1069 451 1285 492 desumptum
1310 463 1352 482 ex
1369 453 1469 484 Ovid.
1485 453 1542 483 lib.
1561 455 1591 483 1.

894 500 1010 532 Amor.
1029 502 1125 541 Eleg.
1140 504 1190 532 14.
1215 507 1223 519 ‘
1241 503 1340 534 Nunc
1358 504 1419 534 tibi
1435 505 1590 545 captivos

893 552 1000 582 mittit
1017 551 1199 582 Germania
1215 554 1347 593 crines}
1364 560 1426 586 occ.

938 603 1042 634 EP1G.
1071 611 1175 634 thx.
1210 604 1335 644 lugens
1362 611 1397 636 et
1426 610 1592 637 arternum

895 653 1014 684 aeterni
1042 653 1218 684 Ciceronis
1241 656 1407 695 elogium:
1438 663 1473 688 et
1496 658 1592 688 simul

895 708 1075 735 execratur
1090 706 1201 735 scelus
1217 705 1371 737 Antonii.

938 758 952 785 1
974 755 1107 796 Phario]
1125 757 1297 797 AEgyptio.
1334 757 1465 789 Notant
1481 764 1594 789 autem

893 805 1042 837 1115101110
1060 817 1187 846 omnes,
1212 808 1393 848 pessimum
1411 809 1511 839 istum
1527 810 1593 839 En-

894 856 1040 887 nuchum
1072 858 1270 897 Pothinum,
1307 859 1363 899 qui
1391 869 1513 900 magno
1546 860 1594 889 illi

894 908 1059 948 Pompeio
1075 909 1261 949 perniciem
1278 910 1413 941 molitus
1437 915 1502 950 est,
1523 911 1595 951 jus-¹

895 963 946 989 tas
965 959 1102 990 tandem
1118 961 1255 991 sceleris
1270 960 1320 991 sui
1346 971 1463 1001 poenas
1480 961 1594 992 luisse.

893 1009 982 1040 Vide
998 1011 1116 1051 Epigr.
1132 1014 1184 1042 65.
1203 1011 1259 1042 lib.
1277 1014 1308 1042 3.
1325 1012 1412 1043 unde
1428 1013 1505 1043 huic
1522 1011 1594 1044 fax.

896 1060 954 1090 Nic
979 1060 1147 1101 objectare]
1181 1062 1274 1093 Nihil
1299 1062 1400 1093 habes
1427 1062 1516 1104 quod
1547 1064 1596 1094 illi

894 1112 1096 1151 exprobres.

944 1163 963 1190 2
991 1161 1105 1192 Levius
1130 1162 1247 1202 tabula,
1275 1164 1342 1204 ἂι]
1376 1164 1491 1195 Minus
1521 1168 1595 1196 tota

893 1211 1162 1251 proscriptorum
1187 1213 1305 1245 tabula
1330 1224 1468 1255 nocens,
1495 1225 1595 1256 quam

895 1270 960 1291 uno
978 1261 1155 1294 Cicerone.

938 1314 956 1342 3
983 1313 1137 1353 Romana,
1163 1315 1231 1355 εἷα]
1265 1315 1306 1345 111
1334 1316 1509 1347 Ciceronis
1534 1326 1593 1347 os:

895 1364 903 1379 ‘
917 1363 1017 1395 Quod
1031 1364 1106 1404 tibi,
1118 1366 1235 1404 Roma,
1251 1371 1371 1406 capnt,
1387 1376 1464 1398 cum
1478 1367 1593 1408 loque-

895 1414 992 1454 reris,
1006 1414 1101 1446 erat.'
1138 1417 1253 1456 Epigr.
1270 1419 1321 1447 65.
1338 1417 1395 1449 lib.
1413 1420 1444 1449 3.
1464 1427 1547 1448 vers.
1562 1420 1596 1449 4.

937 1468 956 1496 4
982 1466 1050 1497 Nec
1068 1467 1207 1498 Catilina
1220 1468 1320 1508 nefus]
1344 1469 1378 1499 Si
1396 1469 1596 1508 revixisset3

895 1515 948 1546 cui
966 1520 1079 1547 tamen
1107 1518 1214 1558 major
1238 1519 1308 1550 odii
1331 1529 1447 1550 caussa
1464 1519 1600 1551 Cicero-

895 1566 956 1605 nis,
977 1577 1073 1606 quam
1092 1568 1168 1599 tibi.

938 1621 956 1648 5
981 1617 1102 1657 Impius
1117 1618 1260 1658 infando,
1275 1619 1341 1659 350]
1359 1620 1515 1660 Popilius
1534 1620 1598 1650 Le-

897 1679 968 1708 nas,
1000 1679 1180 1710 percussor
1208 1671 1394 1710 Ciceronis,
1421 1672 1478 1712 qui
1503 1672 1597 1702 illum

896 1721 1018 1760 capitis
1038 1729 1131 1751 reum
1149 1720 1363 1752 defenderat.

938 1775 958 1801 (5
978 1771 1088 1802 Tantis
1101 1771 1218 1811 opibus,
1232 1771 1299 1812 852]
1319 1774 1459 1803 250000.
1477 1771 1597 1802 drach-

896 1823 957 1853 mis
974 1823 1112 1854 Atticis.
1131 1822 1279 1863 Appian.
1292 1823 1351 1854 lib.
1367 1826 1399 1854 4.
1422 1824 1530 1854 Tanto
1547 1833 1598 1854 er-

898 1883 939 1914 go
958 1874 1069 1914 pretio
1087 1874 1198 1904 emisti
1214 1874 1398 1914 silentium,
1419 1875 1527 1905 recisa
1545 1876 1598 1905 (Yi-

897 1925 1031 1955 ceronis
1063 1924 1189 1965 lingua.
1240 1925 1310 1956 Una
1338 1924 1469 1964 lingum]
1502 1925 1599 1955 Cice-

897 1975 1000 2012 ronis,
1017 1974 1072 2015 qni
1091 1979 1124 2005 te
1142 1974 1346 2015 Philippicis
1362 1975 1563 2016 exagitavit.

939 2027 956 2055 7
975 2025 1059 2060 Quid
1072 2025 1219 2065 prosunt]
1238 2025 1343 2057 Quasi
1360 2026 1472 2056 dicat:
1499 2027 1598 2057 Frus-

897 2079 950 2105 tra
966 2075 1129 2105 laborasti
1147 2075 1179 2105 in
1196 2075 1340 2106 emendo
1356 2075 1419 2106 hoc
1437 2080 1504 2107 tam
1523 2085 1598 2116 pre-

897 2124 983 2155 tioso
1000 2125 1155 2162 silentio;
1180 2124 1269 2165 quod
1288 2129 1400 2155 tamen
1415 2125 1502 2156 haud
1521 2134 1598 2165 pro-

896 2175 997 2212 dest;
1023 2185 1112 2210 nam,
1141 2180 1176 2206 ut
1202 2175 1369 2216 seqnitur,
1395 2177 1404 2193 ‘
1423 2175 1597 2216 Incipient

896 2235 1012 2256 omnes
1028 2235 1088 2265 pro
1104 2226 1176 2256 Cic.
1192 2225 1307 2266 loqui.'

939 2281 958 2307 S
983 2276 1137 2316 Incipient
1153 2286 1265 2315 omnes,
1280 2275 1351 2316 ἔξω]
1377 2276 1506 2307 Omnes
1522 2276 1596 2316 Jam

896 2328 929 2357 in
945 2327 1083 2358 crudele
1101 2327 1163 2357 1100
1181 2332 1274 2358 11111111
1289 2327 1421 2358 facinus
1437 2327 1595 2358 invehen-

897 2381 959 2409 tur.
997 2378 1053 2408 Sic
1070 2376 1188 2417 Epigr.
1205 2380 1257 2409 8-2.
1273 2378 1329 2409 lib.
1344 2381 1374 2409 2.

951 2430 1054 2459 EP1G.
1093 2437 1178 2459 Lxx.
1216 2428 1388 2469 Syriscum
1425 2428 1598 2469 libertum,

897 2489 1084 2520 ganeonem
1123 2483 1157 2509 et
1194 2479 1473 2510 conturbatorem
1506 2480 1599 2511 illus-

897 2536 997 2569 trem,
1018 2531 1106 2561 inter
1123 2539 1250 2570 paucos
1267 2529 1340 2561 dies
1357 2530 1534 2562 decoxisse
1552 2533 1599 2563 ait

897 2580 1027 2611 centies
1043 2585 1188 2610 centena
1202 2580 1307 2610 millia
1324 2580 1396 2611 HS.
1411 2581 1443 2611 id
1457 2586 1523 2621 est,
1536 2582 1596 2613 du-

897 2636 998 2663 centa
1015 2630 1263 2672 quinquaginta
1284 2631 1392 2662 millia
1417 2631 1600 2673 Philippa»-

897 2692 1004 2713 orum.
1039 2681 1190 2721 Syriscus
1205 2686 1317 2713 autem
1334 2687 1389 2712 est
1405 2691 1523 2713 nomen
1540 2682 1599 2713 fic-

898 2737 969 2764 tum
996 2737 1029 2764 et
1053 2732 1188 2764 servile.
1232 2733 1310 2773 Syri
1334 2733 1424 2765 enim
1441 2732 1596 2775 plerique
