1866 3131
402 181 452 209 M.
486 181 597 209 VAL.
629 180 900 210 mantuanis
936 179 1094 208 EPIGR.
1131 180 1219 208 [AB.
1253 179 1323 207 XI.

143 272 334 304 obscoenum
359 272 484 312 aliquid
509 282 567 313 per
595 282 763 313 passerem
788 273 836 303 in-

145 323 250 363 telligi
269 323 359 353 vult:
385 323 442 353 sed
469 323 521 354 Fr.
540 323 693 353 Floridus
717 323 836 353 asserit

144 373 330 413 simplicem
368 382 513 411 sensum,
555 374 611 404 lib.
646 376 674 404 l.
711 373 834 403 subcis.

142 433 215 464 cap.
229 428 259 455 5.

186 475 291 505 Epio.
317 483 380 505 vu.
418 477 429 504 1
458 474 533 504 Jam
558 473 654 513 certe]
698 473 836 504 Mortuo

144 525 352 563 Domitiano,
366 525 459 565 cujus
477 524 653 563 imperium
670 529 836 564 praetexe-

142 576 198 606 bas
216 575 390 606 adulteriis
411 575 486 605 tuis.
517 573 660 614 stupido,
675 573 744 614 ὅτι]
767 574 834 606 Do-

139 626 187 655 los
204 629 278 656 tuos
296 635 361 656 non
377 624 549 656 sentienti.

182 677 200 705 3
231 675 351 715 Caesar]
375 674 601 705 Domitianus.

180 728 200 756 4
226 724 377 765 Circeios]
398 723 480 762 Alii,
495 724 647 755 Circoeos:
664 724 768 764 jussit
781 734 834 755 me

138 774 237 805 modo
254 775 367 805 venire
392 775 423 805 in
441 774 599 806 Circaeos.
634 775 771 814 Str-opha
789 779 836 807 ta·

137 824 175 854 lis
186 824 269 864 abit]
293 825 413 861 Dolus,
429 823 582 856 fallacia:
608 835 626 855 a
642 824 774 864 στρέφω.

180 879 198 906 5
224 876 399 916 Penelopoe]
423 876 547 906 Casta*-

179 928 199 956 6
223 925 359 964 Scabies,
390 925 458 966 Bran]
498 925 697 956 Inveterata
724 924 833 956 libidi-

137 976 351 1017 nisbprurigo.

178 1028 196 1055 8
223 1025 376 1066 Haerebit,
405 1025 472 1066 ssa]
510 1026 654 1057 Maritus
692 1030 768 1057 tuus
799 1031 832 1057 te

136 1076 366 1107 comitabitur.

180 1130 217 1157 ll
243 1127 455 1168 Hystericam,
480 1127 548 1167 ἐξα]
570 1126 628 1158 Sic
654 1126 831 1157 Turnebus

135 1177 192 1208 lib.
211 1181 242 1208 8.
260 1187 335 1218 cap.
350 1180 383 1208 4.
401 1177 434 1208 id
456 1182 521 1215 est,
537 1177 625 1207 uteri
642 1176 832 1215 strangula-

135 1228 225 1258 tione
250 1227 482 1259 laborantem:
507 1227 549 1256 ab
567 1224 701 1266 ὑστέραι
725 1227 773 1257 sic
797 1230 832 1257 et

135 1277 306 1317 Epigram.
323 1280 376 1309 71.
393 1275 492 1307 infra.
517 1277 602 1307 Sunt
618 1276 674 1317 qui
690 1277 829 1316 legant:

136 1327 343 1367 Hictericam,
366 1327 459 1368 quasi
481 1326 598 1358 morbo
624 1326 716 1366 regio
740 1326 830 1358 labo-

136 1383 267 1409 rantem
281 1389 288 1409 :
303 1377 411 1408 minus
429 1382 522 1418 apte.

178 1430 218 1458 12
241 1427 438 1467 Sinuessano,
453 1427 523 1467 ihu]
547 1428 759 1459 Sinuessanae
778 1439 832 1460 au-

136 1482 203 1508 tem
221 1487 317 1518 aquae
348 1478 381 1507 in
408 1478 593 1517 Campania
617 1477 829 1509 foeminarum

135 1527 311 1559 sterilitati
337 1527 481 1569 aliisque
504 1528 626 1558 morbis
651 1528 831 1559 medeban-

135 1584 200 1609 tur.
219 1578 446 1610 P'lin.lib.3l.
472 1582 591 1619 cap.2.
619 1579 720 1610 cluv.
748 1579 829 1611 Ital.

134 1628 192 1660 lib.
207 1631 237 1660 3.
261 1637 339 1668 cap.
353 1631 403 1659 10.

177 1679 282 1709 Epio.
306 1687 357 1709 lx.
396 1681 412 1709 1
452 1678 564 1708 Clarus
586 1678 701 1716 fronde
725 1678 829 1719 Jovis]

134 1730 274 1762 Querna
294 1733 432 1760 ornatus
459 1738 581 1760 corona
608 1729 704 1761 Jovis
729 1730 831 1770 Capi-

133 1780 242 1811 tolini.
259 1779 385 1819 Ep.54.
399 1779 455 1810 lib.
470 1782 499 1810 4.
518 1782 644 1811 vers.1.
659 1780 829 1811 Gruterus

134 1830 218 1867 vult,
240 1839 367 1871 quercu
384 1834 564 1860 coronatos
582 1829 686 1860 fuisse
702 1840 831 1870 omnes,

134 1880 251 1920 quibus
267 1881 372 1910 honor
386 1879 485 1910 datus
504 1879 670 1919 imaginis.
697 1880 831 1911 Romani

124 1930 230 1970 fama]
252 1930 432 1969 Tragicine
458 1929 624 1960 Carminis
640 1929 762 1969 Poeta,
788 1939 829 1960 an

132 1980 286 2011 heroici?
323 1980 503 2019 Tragicum
541 1978 644 2010 fuisse
681 1983 831 2010 testatur

134 2031 314 2062 Placiades
341 2029 553 2070 Fulgentius.
594 2029 760 2069 Cothurm‘]
785 2030 828 2060 E-

134 2083 285 2122 pigr.20.
304 2082 401 2112 lib.3.
420 2090 504 2112 vers,
519 2083 548 2111 7.

174 2135 193 2162 2
216 2131 341 2172 Spirat]
367 2131 419 2161 Ad
437 2132 547 2161 vivum
573 2139 737 2170 expressa
764 2135 828 2160 sta-

134 2186 201 2211 tua.
242 2181 370 2222 Apellea
397 2182 548 2216 redditus,
575 2180 644 2220 cisen]
666 2180 828 2210 Memoris

131 2236 255 2269 statua,
279 2231 408 2271 Apellis
425 2241 523 2272 opus.
563 2231 629 2261 Alii
645 2231 709 2270 leg.
733 2230 829 2270 Apol-

130 2283 221 2318 linea,
236 2282 494 2322 intelliguntque
506 2281 668 2312 Memoris
681 2285 828 2312 statuam

133 2332 165 2361 in
185 2331 351 2372 Apollinis
368 2332 605 2362 bibliothecam
625 2337 802 2372 receptam
819 2342 827 2362 :

133 2386 169 2412 ut
188 2382 295 2412 Persii
313 2381 450 2421 Prolog.

168 2432 270 2463 Eric.
286 2441 321 2463 x.
337 2435 351 2462 l
380 2432 515 2472 Turnus]
532 2431 646 2472 Epigr.
659 2434 711 2462 97.
729 2431 828 2464 lib.7.

134 2485 262 2513 verse.

175 2536 194 2563 2
214 2532 377 2573 Carmina]
395 2531 602 2571 Heroicane,
618 2542 658 2562 an
677 2532 828 2573 tragica?

134 2585 305 2625 Epigram.
318 2583 465 2623 przrced.
480 2593 567 2614 vers.
580 2587 608 2615 l.
625 2584 736 2615 Frater
747 2585 830 2624 erat]

133 2635 245 2666 Cessit
261 2635 344 2665 illius
371 2634 534 2664 Carminis
552 2635 690 2673 gloriam
717 2634 826 2671 fratri,

134 2693 241 2724 neque
259 2685 363 2715 voluit
380 2693 412 2714 se
431 2683 475 2714 illi
489 2685 644 2714 aemulum
660 2686 827 2724 ingerere,

1470 169 1487 207 1
1497 168 1582 208 :389

886 277 922 302 nt
940 272 1079 303 Unicus.
1118 273 1235 313 Epigr.
1249 276 1300 304 44.
1316 271 1375 303 lib.
1391 276 1440 303 12.

930 323 1034 353 EP1G.
1052 331 1100 354 xx.
1124 324 1330 354 Detestatur
1354 329 1447 354 recte
1469 324 1578 354 luxum

887 374 1124 411 Romanorum,
1151 379 1185 404 et
1212 374 1307 414 cupit
1323 374 1438 405 reduci
1456 375 1578 414 prisco-

885 432 956 453 rum
973 423 1221 463 parsimoniam.

929 475 944 503 1
972 473 1065 511 Tolle,
1079 483 1167 513 puer,
1181 473 1304 513 calices]
1324 473 1453 505 Amove
1467 473 1580 504 elabo-

886 528 976 554 ratos
992 524 1116 555 calices
1139 524 1266 554 vitreos
1289 533 1332 555 ex
1348 525 1496 565 AEgypto
1513 524 1580 554 Ro-

885 584 972 604 mam
1003 574 1136 605 allatos.
1181 574 1363 604 Toreumaza
1389 574 1474 613 Nili]
1511 574 1580 604 Nili

885 624 1010 655 vitreos
1028 624 1152 655 calices
1180 623 1365 663 intelligit:
1401 623 1443 653 de
1459 623 1579 663 quibus

885 675 905 704 l.
918 677 967 706 14.
984 675 1154 714 lemmate,
1167 674 1280 705 Vitrei
1293 674 1438 705 calices:
1457 675 1466 691 ‘
1481 674 1578 714 Aspi-

884 725 933 755 cis
964 724 1136 765 ingenium
1163 724 1234 755 Nili
1250 734 1258 755 z
1303 724 1422 764 quibus
1453 724 1579 754 addere

884 775 993 815 p1u··a‚
1030 775 1118 805 Dum
1145 775 1254 815 cupit,
1282 774 1322 805 ali
1352 774 1484 815 quoties
1509 783 1580 814 per-

884 825 971 856 didit
986 831 1107 856 auctor
1123 825 1225 865 opus!
1240 827 1247 839 ¹

924 879 943 906 2
971 877 1012 906 Ec
1030 876 1107 907 mihi
1120 885 1239 914 secura,
1252 874 1319 915 εγω]
1344 875 1389 906 Et
1406 874 1503 904 trade
1521 876 1579 904 mi-

882 926 915 956 hi
933 926 1055 966 pocula
1082 925 1199 966 fagina
1227 927 1278 956 vel
1306 925 1509 965 Saguntina,
1536 924 1578 955 de

883 977 1004 1017 quibus
1021 987 1087 1007 non
1103 977 1148 1007 sis
1173 977 1325 1007 solicitus
1341 985 1383 1006 ne
1407 974 1578 1005 labantur.

883 1028 1054 1068 Epigram.
1069 1030 1141 1058 108.
1158 1026 1214 1057 lib.
1226 1029 1278 1058 14.
1302 1026 1312 1043 ‘
1325 1030 1467 1067 peccant
1483 1034 1578 1056 secu-

883 1087 928 1108 rae
944 1078 1156 1117 solicitaeque
1172 1076 1312 1107 manus!

925 1130 944 1158 3
970 1128 1061 1158 Trita
1082 1131 1207 1167 patrum
1222 1125 1331 1166 labris]
1363 1125 1507 1163 Fictilia,
1524 1135 1580 1155 cu-

874 1177 1024 1217 jusmodi
1040 1187 1059 1207 a
1072 1178 1185 1208 Numa
1206 1177 1362 1208 instituta
1378 1176 1506 1207 suntin
1522 1176 1578 1206 ho-

882 1236 996 1258 norem
1014 1227 1176 1267 Deorum,
1191 1231 1227 1258 et
1243 1227 1286 1257 ab
1303 1226 1450 1266 antiquis
1461 1227 1581 1256 Roma·

882 1277 932 1307 nis
949 1278 983 1308 in
1000 1287 1074 1308 usu.
1110 1277 1206 1308 Tonso
1226 1286 1307 1316 pura
1321 1276 1477 1316 ministro]
1502 1276 1579 1307 Non

882 1332 1017 1358 comato
1039 1332 1076 1359 et
1101 1327 1346 1366 calamistrato,
1370 1326 1429 1357 sed
1447 1326 1522 1356 rudi
1545 1332 1579 1356 et

882 1377 1041 1418 simplici.

922 1431 942 1458 4
966 1427 1123 1468 Antiquus
1137 1427 1249 1468 honor]
1273 1428 1442 1458 Urnarum
1465 1432 1500 1458 et
1526 1436 1578 1457 ca-

881 1478 981 1508 licum
997 1478 1164 1515 fictilium.
1196 1479 1242 1508 Et
1257 1482 1459 1508 revocentur
1471 1478 1579 1516 prima

881 1529 1019 1568 saecula,
1037 1529 1225 1570 priscorum
1242 1528 1446 1570 parsimonia
1461 1533 1495 1559 et
1512 1527 1579 1559 fru-

881 1580 1013 1620 galitas

923 1633 940 1660 5
977 1629 1122 1669 Gemma]
1159 1629 1275 1660 Calice
1305 1637 1324 1659 e
1351 1637 1494 1668 gemma,
1525 1629 1578 1659 vel

880 1685 1049 1718 gemmato
1067 1680 1198 1720 poculo.
1244 1679 1308 1714 Qui
1326 1679 1472 1709 Mentora
1485 1677 1578 1715 fran-

876 1730 944 1770 gis]
975 1730 983 1746 ‘
999 1730 1067 1763 Qui
1094 1730 1218 1770 pocula
1244 1730 1426 1760 Mentorea
1460 1728 1579 1758 nobili-

880 1785 951 1810 tata
966 1780 1080 1810 manu’
1104 1780 1158 1820 (ut
1170 1780 1257 1810 dixit
1270 1779 1390 1819 Epigr.
1404 1781 1457 1809 60.
1474 1778 1533 1808 lib.
1546 1781 1578 1810 2.

880 1830 1048 1869 vers.16.)
1070 1829 1250 1870 diffringis,
1274 1834 1312 1860 ut
1326 1829 1404 1859 inde
1422 1827 1578 1859 conficia-

881 1884 937 1910 tur
953 1880 1091 1911 moechae
1108 1885 1174 1910 tuae
1188 1880 1328 1917 matula,
1344 1879 1482 1919 dignuin
1499 1888 1578 1909 saue

881 1933 915 1959 te
931 1929 1065 1960 homine
1078 1929 1169 1960 molli
1195 1933 1230 1960 et
1256 1929 1389 1969 impuro
1406 1928 1576 1968 poculum.

881 1978 950 2009 Sed
967 1979 1044 2009 vide
1061 1988 1102 2009 an
1120 1980 1256 2019 placeat
1274 1979 1388 2017 lectio,
1417 1979 1457 2009 Te
1471 1982 1578 2018 potare

879 2031 963 2060 decet
978 2039 1111 2068 gemma,
1124 2030 1175 2070 qui
1191 2029 1338 2060 Mentora
1344 2026 1504 2067 frangis?
1539 2028 1578 2058 In

878 2080 999 2120 scaphio
1012 2081 1134 2110 moechoe
1147 2079 1360 2120 Sardanapalo
1376 2083 1437 2109 tuae
1449 2090 1458 2108 :
1482 2079 1576 2118 quasi

880 2131 990 2161 dicat:
1016 2130 1127 2170 Magis
1144 2130 1305 2161 convenit
1318 2129 1422 2160 fictile
1445 2129 1577 2168 scupili-

880 2191 946 2217 um,
976 2190 1074 2221 quam
1102 2180 1191 2211 calix
1219 2189 1237 2210 e
1265 2189 1398 2219 gemma
1429 2179 1488 2218 illi,
1520 2179 1575 2218 qui

880 2232 1045 2263 Mentoris
1064 2241 1169 2271 opera
1182 2231 1318 2272 frangit.

923 2282 1029 2313 Eme.
1044 2290 1109 2312 xil.
1133 2281 1261 2320 Zoilus,
1285 2281 1436 2322 quamvis
1464 2286 1576 2319 notus,

878 2333 1096 2364 nesciebatur
1111 2335 1225 2362 tamen
1242 2331 1332 2362 unde
1350 2336 1440 2362 esset
1462 2336 1576 2371 natus,

879 2393 978 2424 quem
990 2383 1048 2423 jus
1066 2382 1168 2413 trium
1184 2382 1370 2413 liberorum
1388 2386 1576 2422 petentem,

879 2434 1007 2465 irridet.

924 2487 938 2514 l
955 2484 1016 2513 Jus
1032 2482 1089 2513 tibi
1101 2484 1257 2521 natorum,
1271 2480 1340 2522 ὅπη]
1357 2481 1501 2522 Visjure
1518 2491 1575 2512 na-

879 2538 988 2565 torum
1026 2533 1226 2570 clarescere,
1254 2541 1328 2562 cum
1359 2531 1421 2562 tibi
1447 2532 1574 2562 natales

878 2584 945 2614 sint
957 2587 1032 2613 ortu
1044 2583 1113 2613 Nili
1127 2581 1351 2613 obscuriores.
1375 2581 1481 2613 Petas
1493 2582 1575 2612 licet

874 2635 931 2674 jus
947 2634 1140 2671 liberorum,
1169 2636 1300 2672 septem
1318 2632 1368 2662 vel
1394 2637 1574 2662 sexcento-

879 2693 963 2722 rum,
980 2684 1005 2713 εἰ
1034 2684 1158 2722 placet,
1188 2682 1259 2721 ipse
1288 2691 1393 2722 usque
1409 2681 1571 2712 obscurus
