1866 3131
410 201 456 230 M.
492 201 550 229 ΨΑ
564 201 601 230 L.

149 298 268 325 natura
285 300 481 334 negaverat.
528 294 638 326 Poeta
668 294 758 325 ἅπαις
775 303 849 334 pro·

150 344 189 373 lis
206 345 303 384 liujus
317 346 592 385 imaginariaejus
612 345 654 376 ab
680 345 768 385 Imp.
788 353 847 384 pe-

151 396 204 433 tit,
219 395 342 425 laboris
361 396 410 426 sui
425 396 599 435 praemium
614 395 665 425 vel
679 395 849 427 solatium·

151 444 241 475 l’lin.
261 445 317 475 lib.
340 448 388 476 10.
402 445 501 484 epist.
537 445 545 460 ‘
560 444 761 484 Exprimere
780 446 850 475 Do·

150 495 238 525 minc
265 495 372 525 verbis
403 504 468 525 non
505 504 653 535 possum,
687 499 850 535 quantum

149 546 228 577 mihi
245 547 404 586 gaudium
420 546 587 584 attulerit,
602 545 690 586 quod
709 555 762 576 me
779 545 849 586 dig-

150 606 227 627 num
260 596 388 637 putasti
406 597 484 636 jure
511 597 612 626 trium
640 595 848 626 liberorum!

154 647 203 677 Ex
234 657 300 688 quo
327 647 496 686 intelliges
523 656 584 687 pro
601 646 760 686 singulari
778 656 850 677 mn-

149 706 231 728 nere
261 698 370 727 claros
390 702 520 728 tantum
547 697 635 728 viros
654 697 686 728 id
715 698 847 729 lionoris

149 751 183 779 ct
201 748 330 787 praemii
346 753 546 778 consecutos
561 757 647 778 esse.

194 800 213 828 7
237 798 356 828 Solatia
383 797 483 837 nobis]
508 798 612 828 Liviae
639 798 752 828 Druso
780 796 850 827 filio

152 849 319 887 extincto,
347 848 464 879 datum
494 854 546 879 est
563 848 624 879 hoc
650 849 720 887 jus,
736 847 851 878 solatii

153 909 258 939 ergo;
296 904 331 929 et
355 899 388 929 in
414 898 657 930 certaminibus
682 897 852 928 (labantur

150 949 351 989 quandoque
366 949 465 980 victis
478 949 566 979 dona
579 948 611 978 in
621 948 753 978 solatia.
771 948 852 978 ‘En-

152 1008 221 1029 sem
239 1005 341 1039 atque
368 999 534 1038 insignem
564 999 708 1039 galeam,
732 998 856 1028 solatia

153 1049 268 1080 victo.'
293 1050 390 1088 Virg.
407 1054 439 1080 5.
458 1049 532 1080 AEu.

196 1104 303 1134 EPIG-
330 1111 419 1133 xcu.
444 1105 459 1132 1
487 1104 658 1141 Natorum,
682 1102 752 1142 &c.]
777 1102 856 1132 Pla—

153 1153 263 1185 cuisse
280 1154 427 1184 carmina
454 1154 599 1193 principi
624 1153 719 1191 dicit,
748 1162 856 1193 eoque

154 1205 331 1245 praemium
348 1205 523 1244 accepisse
536 1204 591 1243 jus
608 1203 710 1234 trium
732 1203 854 1234 libero-

155 1266 240 1287 rum.
266 1256 382 1288 Rader.
426 1255 644 1287 Praecedenti
661 1255 769 1295 epigr.

198 1311 216 1338 :3
258 1308 382 1338 Valebis
417 1307 512 1346 uxor]
557 1306 765 1346 Repudiata‚
803 1307 856 1337 vel

155 1364 312 1397 mortua3
347 1359 401 1389 vel
431 1358 600 1398 neglecta.
632 1366 742 1398 neque
769 1358 856 1388 enim

157 1419 237 1440 curo
257 1420 299 1440 ex
315 1414 350 1440 te
367 1409 522 1449 prolem;
539 1409 646 1448 magis
664 1409 779 1448 piacet
799 1408 856 1448 jus

157 1460 256 1491 trium
282 1460 465 1490 liberorum
498 1459 579 1490 mihi
607 1458 650 1489 ab
670 1459 756 1499 Imp.
785 1468 858 1490 ero-

159 1514 286 1549 gatum.
329 1510 408 1548 Vel,
435 1509 519 1540 nihil
547 1510 618 1550 jam
643 1509 722 1539 milii
753 1518 858 1540 uxore

159 1569 266 1599 opus:
297 1560 423 1600 quippe
439 1560 466 1589 si
483 1569 525 1590 ex
542 1565 574 1590 te
593 1559 803 1599 susciperem
820 1559 856 1589 li-

159 1610 353 1648 beros‚jam
378 1609 513 1639 domino
530 1619 649 1639 munus
664 1609 747 1639 illud
764 1619 858 1639 sunm

161 1661 304 1700 periret,
321 1669 380 1689 seu
393 1658 519 1690 frustra
533 1659 565 1689 id
590 1659 752 1690 dedisset.
783 1659 861 1690 Hoc

159 1716 271 1741 autem
296 1710 542 1750 quodammodo
558 1719 702 1750 peccare
719 1714 811 1741 esset
829 1710 862 1740 in

160 1761 346 1798 dominum,
377 1765 411 1790 et
434 1759 701 1790 munificentiam
726 1760 800 1800 ejus
824 1770 862 1791 ac

163 1810 365 1842 beneficium
383 1810 577 1840 obliterare.
602 1809 756 1840 Musamb.

205 1865 223 1892 4
252 1861 394 1900 Domini,
408 1859 476 1900 ἐξα]
501 1859 690 1890 Domitian.
709 1860 799 1900 Imp.

207 1912 313 1942 Eme.
342 1919 446 1942 xcut.
472 1914 486 1941 l
513 1911 652 1950 Primus,
666 1910 735 1951 ξω]
761 1911 864 1942 Hunc

635 199 910 230 MAR'rlAfflS
947 199 1106 230 EPIGR.
1142 200 1183 229 Ll
1196 201 1233 230 Β.

1269 199 1342 229 ιιι.
1489 189 1600 231 1163

903 293 1089 325 secundum
1118 295 1189 326 sine
1215 295 1324 335 primo
1346 294 1439 325 misit
1471 293 1605 333 Regulo

902 345 1081 383 Valerius;
1128 346 1183 376 cui
1214 346 1358 386 primum
1393 344 1604 376 desideranti

903 399 1045 426 excusat
1061 394 1183 433 Poeta,
1200 396 1321 426 librum
1351 397 1452 437 paulo
1475 395 1604 426 obscoe-

905 446 1034 477 niorem
1053 447 1257 477 verecundia
1270 447 1430 478 inhiberi:
1448 447 1516 485 vel,
1530 455 1605 486 pro-

906 496 970 528 diit
989 496 1157 527 secundus
1182 497 1235 527 liic
1253 497 1338 527 liber
1355 497 1387 527 in
1410 497 1519 527 lucem
1538 495 1605 535 pri-

906 556 961 577 mo
984 556 1050 577 non
1077 545 1183 586 edito,
1206 546 1284 587 quia
1308 548 1413 578 multa
1437 547 1469 577 in
1500 556 1540 576 eo
1565 545 1607 576 ad

905 596 1039 627 landem
1054 596 1138 634 Titi,
1153 607 1252 637 quam
1268 597 1417 627 libenter
1434 607 1500 628 non
1522 597 1609 627 latn-

905 656 978 678 rum
995 647 1231 678 Domitianum
1248 651 1392 677 noverat
1410 646 1535 684 Poeta,
1551 650 1609 676 aut

906 698 973 728 alia
984 697 1026 728 de
1043 707 1155 728 causa.
1201 698 1254 728 Ex
1269 698 1332 729 hoc
1348 707 1447 727 versu
1465 696 1608 736 conjicis

908 749 1052 788 primum
1069 749 1206 787 librum,
1219 749 1371 789 itemque
1388 747 1611 788 Spectaculo-

906 809 978 830 rum
1005 800 1166 831 secretim
1183 800 1318 831 additos
1342 809 1429 830 esse.
1485 798 1540 829 Ob
1556 798 1612 829 Ti-

907 856 990 891 tum,
1005 852 1120 890 credo,
1136 852 1168 882 in
1185 861 1283 893 quem
1302 852 1465 892 pleraque
1482 849 1610 891 (plera-

907 911 983 944 que,
997 902 1147 943 inquam,
1163 912 1230 933 non
1246 902 1375 938 omnia)
1391 902 1612 933 conveniunt.

909 953 1052 984 Miscuit
1080 953 1248 994 quaedam,
1272 953 1324 984 vel
1349 953 1460 993 potins
1479 951 1612 982 addidit

911 1008 1033 1044 postea
1059 1014 1181 1035 nomen
1219 1003 1424 1041 Domitiani,
1453 1007 1489 1033 et
1519 1010 1612 1041 saepe

911 1063 976 1085 non
1007 1053 1155 1093 addidit,
1179 1054 1238 1084 sed
1269 1054 1439 1084 Caesarem
1476 1056 1611 1083 tantum

911 1105 1060 1145 scripsit,
1084 1110 1122 1136 ut
1148 1104 1234 1136 scire
1260 1105 1386 1135 Lector
1402 1113 1468 1133 non
1487 1107 1615 1143 posset,

911 1160 1024 1186 utrum
1052 1154 1276 1193 intellexerit,
1297 1153 1413 1184 Titum
1438 1161 1479 1182 an
1499 1151 1617 1181 Domi-

911 1205 1059 1236 tianum:
1085 1215 1124 1236 ac
1147 1205 1263 1235 Titum
1291 1204 1427 1244 quidem
1445 1211 1615 1243 nunquam

911 1256 1025 1295 posuit
1050 1265 1214 1296 expresso
1240 1255 1388 1293 nomine,
1406 1253 1495 1294 quod
1513 1253 1616 1282 libros

911 1306 946 1336 in
974 1311 1084 1337 morte
1102 1305 1224 1341 editos,
1250 1305 1303 1335 vel
1335 1308 1429 1335 certe
1446 1309 1615 1334 correctos

913 1361 1051 1398 putem;
1076 1361 1111 1387 et
1126 1355 1168 1386 ob
1186 1365 1259 1386 eam
1276 1364 1427 1385 caussam
1444 1353 1617 1394 sequenti-

913 1408 974 1438 bus
1013 1415 1079 1437 non
1119 1406 1320 1446 adjunctum
1355 1404 1514 1445 priorem.
1573 1403 1616 1433 Et

915 1458 1005 1489 forte
1040 1457 1067 1487 is
1092 1456 1202 1497 pudor
1233 1461 1298 1495 est,
1329 1466 1429 1498 quem
1457 1455 1618 1490 insinuat,

914 1508 1002 1548 quod
1021 1518 1095 1548 quae
1112 1506 1299 1547 scripserat
1314 1507 1346 1537 in
1359 1507 1487 1546 Titum,
1500 1511 1619 1545 postea

914 1557 1091 1588 videretur
1104 1557 1256 1588 tribuere
1273 1557 1483 1595 Domitiano,
1497 1555 1552 1596 qni
1578 1556 1620 1585 si·

916 1608 949 1638 bi
966 1607 1079 1638 omnia
1095 1608 1200 1647 patris
1225 1614 1260 1638 et
1276 1607 1393 1638 fratris
1409 1616 1513 1647 opera
1528 1615 1620 1637 arro-

921 1657 1035 1697 gabat.
1076 1657 1158 1688 Rad.

962 1710 981 1738 4
1010 1707 1123 1746 Unum,
1144 1707 1212 1747 εμπ]
1236 1708 1286 1737 Ex
1311 1707 1398 1738 tituli
1424 1717 1562 1738 numero
1578 1717 1620 1739 11.

919 1758 1000 1788 tolle
1030 1767 1132 1788 unum
1164 1767 1189 1788 1.
1217 1762 1252 1788 et
1277 1758 1342 1788 erit
1367 1757 1451 1787 liber
1481 1758 1620 1797 primus,

919 1818 1032 1839 rerum
1069 1808 1155 1838 serie
1194 1808 1387 1838 nullatenus
1433 1807 1620 1847 impedita3

918 1859 1046 1900 quippe
1060 1859 1092 1888 in
1109 1857 1377 1899 Epigrammatis
1393 1857 1476 1888 ordo
1491 1867 1556 1888 non
1570 1867 1621 1888 re-

919 1909 1126 1950 spiciendus.

432 2226 1048 2277 EPIGRAMMATUM
1080 2225 1221 2272 LIB.
1254 2225 1353 2272 ΙΙΙ.

212 2372 315 2402 Eric.
332 2380 355 2401 ι.
391 2374 407 2402 l
433 2372 638 2412 Longinquis,
660 2372 729 2412 Sym]
753 2372 870 2402 Seces-

168 2426 259 2451 serat
277 2420 377 2461 poeta
391 2421 422 2451 in
436 2422 626 2452 citeriorem
640 2421 785 2452 Galliam
798 2432 806 2459 ;
822 2423 870 2451 in·

168 2470 278 2511 deque
292 2470 413 2501 librum
426 2472 564 2501 Romam
581 2472 739 2509 miserat3
756 2481 870 2512 quem,

167 2520 194 2550 si
212 2521 321 2550 minus
340 2521 452 2560 priore
481 2522 629 2561 placeat,
645 2527 798 2560 excusat,
815 2531 872 2552 ve-

168 2570 233 2601 luti
256 2571 289 2601 iu
317 2571 390 2600 loco
415 2571 594 2611 peregrino
624 2572 799 2614 minusque
817 2582 870 2604 ur-

164 2620 258 2651 bano
291 2625 418 2652 natum.
442 2622 526 2652 Rad.
569 2621 621 2652 Ab
639 2622 713 2662 oris]
744 2624 753 2640 ‘
771 2624 871 2654 Lom-

168 2671 324 2710 bardire:
355 2672 456 2702 dictae
492 2672 682 2713 ‘'l‘ogatae‚'
706 2674 794 2714 quod
821 2680 870 2705 to-

170 2722 221 2761 gis
236 2722 422 2753 utebantur
439 2722 574 2762 incolae,
589 2729 625 2753 ut
644 2724 799 2757 Romani.

216 2775 233 2802 3
258 2772 456 2813 Παπαῖος-υἷε]
480 2774 684 2806 Secundum.

968 2373 986 2401 4
1016 2370 1170 2410 Ill‹1,‹3sc.]
1196 2370 1262 2401 Illa
1293 2379 1367 2411 quae
1395 2368 1536 2399 meliora
1564 2379 1625 2409 pu-

926 2425 978 2451 tas
1009 2429 1082 2450 mea
1112 2425 1204 2459 sunt,
1225 2420 1278 2450 vel
1317 2420 1419 2450 etiam
1447 2419 1520 2450 haec
1551 2429 1625 2450 mea

926 2475 1013 2501 sunt.

968 2525 985 2551 5
1009 2520 1162 2560 Domina]
1187 2521 1305 2559 Roma,
1328 2531 1404 2561 quae
1429 2530 1542 2551 rerum
1568 2520 1626 2551 do-

925 2572 1016 2602 mina
1033 2576 1068 2601 et
1085 2571 1285 2609 triumphati
1309 2571 1401 2601 orbis
1423 2578 1541 2611 caput.

966 2626 987 2653 6
1015 2623 1117 2653 Debet
1143 2622 1320 2663 enirn,85c.]
1342 2622 1427 2654 Jure
1457 2623 1544 2653 enim
1572 2631 1626 2653 ce-

927 2673 978 2704 dit
993 2673 1116 2713 hospes
1147 2673 1227 2712 civi,
1256 2672 1419 2703 barbarus
1439 2673 1574 2711 Latino,
1590 2672 1629 2703 li-

927 2723 989 2754 ber
1014 2723 1046 2753 in
1063 2723 1146 2754 urbe
1163 2728 1262 2754 natus
1280 2723 1365 2754 libro
1382 2728 1479 2754 extra
1494 2723 1626 2754 urbem.

928 2773 1031 2805 habet
1051 2775 1137 2805 enim
1167 2773 1246 2804 urbs
1265 2783 1358 2804 suum
1385 2773 1552 2815 quendam
1575 2783 1629 2803 na-
