<?xml version="1.0" encoding="UTF-8"?>
<!DOCTYPE html PUBLIC "-//W3C//DTD XHTML 1.0 Transitional//EN"
    "http://www.w3.org/TR/xhtml1/DTD/xhtml1-transitional.dtd">
<html xmlns="http://www.w3.org/1999/xhtml" xml:lang="en" lang="en">
 <head>
  <title>
</title>
<meta http-equiv="Content-Type" content="text/html;charset=utf-8" />
  <meta name='ocr-system' content='tesseract 3.04.00' />
  <meta name='ocr-capabilities' content='ocr_page ocr_carea ocr_par ocr_line ocrx_word'/>
</head>
<body>
  <div class='ocr_page' id='page_1' title='image "./epigrammataexedi03martuoft_0401.png"; bbox 0 0 1866 3131; ppageno 0'>
   <div class='ocr_carea' id='block_1_1' title="bbox 596 180 1567 219">
    <p class='ocr_par' dir='ltr' id='par_1_1' title="bbox 596 180 1567 219">
     <span class='ocr_line' id='line_1_1' title="bbox 596 180 1567 219; baseline 0.006 -6"><span class='ocrx_word' id='word_1_1' title='bbox 596 188 645 216; x_wconf 78' lang='lat' dir='ltr'>M.</span> <span class='ocrx_word' id='word_1_2' title='bbox 673 187 780 216; x_wconf 67' lang='lat' dir='ltr'><strong>vm..</strong></span> <span class='ocrx_word' id='word_1_3' title='bbox 818 187 1105 217; x_wconf 62' lang='lat' dir='ltr'>xiAn&#39;riAms.</span> <span class='ocrx_word' id='word_1_4' title='bbox 1459 180 1567 219; x_wconf 72' lang='lat'>1461</span> 
     </span>
    </p>
   </div>
   <div class='ocr_carea' id='block_1_2' title="bbox 137 282 1576 2239">
    <p class='ocr_par' dir='ltr' id='par_1_2' title="bbox 139 282 1570 398">
     <span class='ocr_line' id='line_1_2' title="bbox 139 282 1570 338; baseline 0.001 -15"><span class='ocrx_word' id='word_1_5' title='bbox 139 282 227 323; x_wconf 76' lang='lat'><strong>536.</strong></span> <span class='ocrx_word' id='word_1_6' title='bbox 252 284 361 322; x_wconf 89' lang='lat' dir='ltr'>Hanc</span> <span class='ocrx_word' id='word_1_7' title='bbox 375 285 546 322; x_wconf 79' lang='lat' dir='ltr'>notitiam</span> <span class='ocrx_word' id='word_1_8' title='bbox 563 285 746 322; x_wconf 86' lang='lat' dir='ltr'>dehemus</span> <span class='ocrx_word' id='word_1_9' title='bbox 761 285 838 322; x_wconf 89' lang='lat' dir='ltr'>viro</span> <span class='ocrx_word' id='word_1_10' title='bbox 852 285 972 335; x_wconf 87' lang='lat' dir='ltr'>perill.</span> <span class='ocrx_word' id='word_1_11' title='bbox 988 285 1248 336; x_wconf 79' lang='lat' dir='ltr'>Heideggem,</span> <span class='ocrx_word' id='word_1_12' title='bbox 1264 287 1438 324; x_wconf 87' lang='lat' dir='ltr'>Tribuno</span> <span class='ocrx_word' id='word_1_13' title='bbox 1456 287 1570 338; x_wconf 84' lang='lat' dir='ltr'><strong>Reip.</strong></span> 
     </span>
     <span class='ocr_line' id='line_1_3' title="bbox 140 347 1203 398; baseline 0.003 -14"><span class='ocrx_word' id='word_1_14' title='bbox 140 347 374 392; x_wconf 87' lang='lat' dir='ltr'>Turicensis‚</span> <span class='ocrx_word' id='word_1_15' title='bbox 391 348 427 385; x_wconf 90' lang='lat' dir='ltr'>in</span> <span class='ocrx_word' id='word_1_16' title='bbox 448 348 561 398; x_wconf 85' lang='lat' dir='ltr'>cujus</span> <span class='ocrx_word' id='word_1_17' title='bbox 582 348 825 386; x_wconf 81' lang='lat' dir='ltr'>Bibliotheca</span> <span class='ocrx_word' id='word_1_18' title='bbox 846 349 928 385; x_wconf 76' lang='lat' dir='ltr'>haec</span> <span class='ocrx_word' id='word_1_19' title='bbox 943 348 1004 385; x_wconf 88' lang='lat' dir='ltr'><strong>ed.</strong></span> <span class='ocrx_word' id='word_1_20' title='bbox 1025 357 1203 387; x_wconf 84' lang='lat' dir='ltr'>servatur.</span> 
     </span>
    </p>

    <p class='ocr_par' dir='ltr' id='par_1_3' title="bbox 199 411 1541 455">
     <span class='ocr_line' id='line_1_4' title="bbox 199 411 1541 455; baseline 0.002 -8"><span class='ocrx_word' id='word_1_21' title='bbox 199 416 294 455; x_wconf 79' lang='grc'><strong>1495</strong></span> <span class='ocrx_word' id='word_1_22' title='bbox 318 412 459 449; x_wconf 85' lang='lat' dir='ltr'>Veneta</span> <span class='ocrx_word' id='word_1_23' title='bbox 481 423 581 449; x_wconf 79' lang='lat' dir='ltr'><strong>vlu.</strong></span> <span class='ocrx_word' id='word_1_24' title='bbox 600 411 668 449; x_wconf 89' lang='lat' dir='ltr'><strong>fol.</strong></span> <span class='ocrx_word' id='word_1_25' title='bbox 688 425 774 449; x_wconf 91' lang='lat' dir='ltr'>cum</span> <span class='ocrx_word' id='word_1_26' title='bbox 796 411 957 449; x_wconf 75' lang='lat' dir='ltr'>Merula:</span> <span class='ocrx_word' id='word_1_27' title='bbox 977 418 1015 449; x_wconf 88' lang='lat' dir='ltr'>et</span> <span class='ocrx_word' id='word_1_28' title='bbox 1036 413 1226 450; x_wconf 82' lang='lat' dir='ltr'>Calderini</span> <span class='ocrx_word' id='word_1_29' title='bbox 1248 413 1541 451; x_wconf 83' lang='lat' dir='ltr'>commentariis.</span> 
     </span>
    </p>

    <p class='ocr_par' dir='ltr' id='par_1_4' title="bbox 139 473 1576 717">
     <span class='ocr_line' id='line_1_5' title="bbox 194 473 1568 525; baseline 0.002 -14"><span class='ocrx_word' id='word_1_30' title='bbox 194 473 293 519; x_wconf 72' lang='lat'><strong>1496</strong></span> <span class='ocrx_word' id='word_1_31' title='bbox 315 475 447 512; x_wconf 83' lang='lat' dir='ltr'>Venet.</span> <span class='ocrx_word' id='word_1_32' title='bbox 471 474 535 512; x_wconf 86' lang='lat' dir='ltr'><strong>fol.</strong></span> <span class='ocrx_word' id='word_1_33' title='bbox 558 475 643 513; x_wconf 84' lang='lat' dir='ltr'><strong>Nic.</strong></span> <span class='ocrx_word' id='word_1_34' title='bbox 670 476 812 513; x_wconf 87' lang='lat' dir='ltr'>Perotti</span> <span class='ocrx_word' id='word_1_35' title='bbox 832 476 1086 525; x_wconf 83' lang='lat' dir='ltr'>Cornucopiae</span> <span class='ocrx_word' id='word_1_36' title='bbox 1107 488 1174 525; x_wconf 87' lang='lat' dir='ltr'>per</span> <span class='ocrx_word' id='word_1_37' title='bbox 1191 477 1375 513; x_wconf 86' lang='lat' dir='ltr'>Joannem</span> <span class='ocrx_word' id='word_1_38' title='bbox 1399 477 1445 513; x_wconf 90' lang='lat' dir='ltr'>de</span> <span class='ocrx_word' id='word_1_39' title='bbox 1478 477 1568 514; x_wconf 88' lang='lat' dir='ltr'>Tri-</span> 
     </span>
     <span class='ocr_line' id='line_1_6' title="bbox 139 537 1570 589; baseline 0.002 -16"><span class='ocrx_word' id='word_1_40' title='bbox 139 537 228 574; x_wconf 82' lang='lat' dir='ltr'>dino</span> <span class='ocrx_word' id='word_1_41' title='bbox 243 538 332 574; x_wconf 84' lang='lat' dir='ltr'>alias</span> <span class='ocrx_word' id='word_1_42' title='bbox 351 538 565 575; x_wconf 87' lang='lat' dir='ltr'>Tacuinum</span> <span class='ocrx_word' id='word_1_43' title='bbox 586 538 652 586; x_wconf 86' lang='lat' dir='ltr'><strong>(cf.</strong></span> <span class='ocrx_word' id='word_1_44' title='bbox 669 552 755 588; x_wconf 88' lang='lat' dir='ltr'>quae</span> <span class='ocrx_word' id='word_1_45' title='bbox 775 539 821 576; x_wconf 85' lang='lat' dir='ltr'>ad</span> <span class='ocrx_word' id='word_1_46' title='bbox 845 538 932 576; x_wconf 87' lang='lat' dir='ltr'><strong>edd.</strong></span> <span class='ocrx_word' id='word_1_47' title='bbox 955 551 1062 589; x_wconf 87' lang='lat' dir='ltr'><strong>seqq.</strong></span> <span class='ocrx_word' id='word_1_48' title='bbox 1083 552 1144 576; x_wconf 84' lang='lat' dir='ltr'><strong>an.</strong></span> <span class='ocrx_word' id='word_1_49' title='bbox 1166 544 1279 583; x_wconf 82' lang='lat'><strong>1499.</strong></span> <span class='ocrx_word' id='word_1_50' title='bbox 1299 546 1412 578; x_wconf 87' lang='grc'><strong>1501.</strong></span> <span class='ocrx_word' id='word_1_51' title='bbox 1427 539 1475 576; x_wconf 93' lang='lat' dir='ltr'>de</span> <span class='ocrx_word' id='word_1_52' title='bbox 1495 540 1570 577; x_wconf 85' lang='lat' dir='ltr'>hoc</span> 
     </span>
     <span class='ocr_line' id='line_1_7' title="bbox 140 600 1576 653; baseline 0.002 -17"><span class='ocrx_word' id='word_1_53' title='bbox 140 600 235 637; x_wconf 89' lang='lat' dir='ltr'>libro</span> <span class='ocrx_word' id='word_1_54' title='bbox 264 601 472 647; x_wconf 80' lang='lat' dir='ltr'>(licuntur).</span> <span class='ocrx_word' id='word_1_55' title='bbox 512 602 679 640; x_wconf 83' lang='lat' dir='ltr'>Extabat</span> <span class='ocrx_word' id='word_1_56' title='bbox 708 602 903 652; x_wconf 86' lang='lat' dir='ltr'>quondam</span> <span class='ocrx_word' id='word_1_57' title='bbox 925 603 1023 640; x_wconf 87' lang='lat' dir='ltr'>inter</span> <span class='ocrx_word' id='word_1_58' title='bbox 1041 602 1156 639; x_wconf 91' lang='lat' dir='ltr'>libros</span> <span class='ocrx_word' id='word_1_59' title='bbox 1184 604 1319 640; x_wconf 85' lang='lat' dir='ltr'><strong>Joach.</strong></span> <span class='ocrx_word' id='word_1_60' title='bbox 1349 603 1476 653; x_wconf 80' lang='lat' dir='ltr'><strong>Cliph.</strong></span> <span class='ocrx_word' id='word_1_61' title='bbox 1497 604 1576 640; x_wconf 87' lang='lat' dir='ltr'>Ne-</span> 
     </span>
     <span class='ocr_line' id='line_1_8' title="bbox 141 665 1230 717; baseline 0.004 -17"><span class='ocrx_word' id='word_1_62' title='bbox 141 665 250 709; x_wconf 87' lang='lat' dir='ltr'>meiz,</span> <span class='ocrx_word' id='word_1_63' title='bbox 272 666 416 703; x_wconf 82' lang='lat' dir='ltr'>Consil.</span> <span class='ocrx_word' id='word_1_64' title='bbox 436 667 513 704; x_wconf 85' lang='lat' dir='ltr'><strong>aul.</strong></span> <span class='ocrx_word' id='word_1_65' title='bbox 538 666 696 717; x_wconf 87' lang='lat' dir='ltr'>Bipont.</span> <span class='ocrx_word' id='word_1_66' title='bbox 716 667 870 705; x_wconf 86' lang='lat' dir='ltr'>venales</span> <span class='ocrx_word' id='word_1_67' title='bbox 889 669 1092 717; x_wconf 82' lang='lat' dir='ltr'>Argentor.</span> <span class='ocrx_word' id='word_1_68' title='bbox 1117 672 1230 710; x_wconf 59' lang='lat'><strong>1745.</strong></span> 
     </span>
    </p>

    <p class='ocr_par' dir='ltr' id='par_1_5' title="bbox 197 729 1450 772">
     <span class='ocr_line' id='line_1_9' title="bbox 197 729 1450 772; baseline 0.002 -8"><span class='ocrx_word' id='word_1_69' title='bbox 197 733 292 772; x_wconf 70' lang='lat'>1493</span> <span class='ocrx_word' id='word_1_70' title='bbox 317 729 458 766; x_wconf 86' lang='lat' dir='ltr'>Veneta</span> <span class='ocrx_word' id='word_1_71' title='bbox 481 740 541 767; x_wconf 84' lang='lat' dir='ltr'>lx.</span> <span class='ocrx_word' id='word_1_72' title='bbox 569 729 632 766; x_wconf 86' lang='lat' dir='ltr'><strong>fol.</strong></span> <span class='ocrx_word' id='word_1_73' title='bbox 650 744 683 768; x_wconf 89' lang='lat' dir='ltr'>c.</span> <span class='ocrx_word' id='word_1_74' title='bbox 707 730 866 768; x_wconf 84' lang='lat' dir='ltr'>Merulae</span> <span class='ocrx_word' id='word_1_75' title='bbox 885 737 924 768; x_wconf 90' lang='lat' dir='ltr'>et</span> <span class='ocrx_word' id='word_1_76' title='bbox 944 730 1136 768; x_wconf 85' lang='lat' dir='ltr'>Caldcrini</span> <span class='ocrx_word' id='word_1_77' title='bbox 1155 730 1450 768; x_wconf 80' lang='lat' dir='ltr'>commentariis.</span> 
     </span>
    </p>

    <p class='ocr_par' dir='ltr' id='par_1_6' title="bbox 138 793 1574 958">
     <span class='ocr_line' id='line_1_10' title="bbox 198 793 1574 843; baseline 0.002 -15"><span class='ocrx_word' id='word_1_78' title='bbox 198 798 296 837; x_wconf 81' lang='lat'><strong>1499</strong></span> <span class='ocrx_word' id='word_1_79' title='bbox 316 794 452 830; x_wconf 80' lang='lat' dir='ltr'>Venet.</span> <span class='ocrx_word' id='word_1_80' title='bbox 467 793 532 830; x_wconf 83' lang='lat' dir='ltr'><strong>sol.</strong></span> <span class='ocrx_word' id='word_1_81' title='bbox 554 794 641 831; x_wconf 87' lang='lat' dir='ltr'><strong>Nic.</strong></span> <span class='ocrx_word' id='word_1_82' title='bbox 664 794 807 831; x_wconf 84' lang='lat' dir='ltr'>Perotti</span> <span class='ocrx_word' id='word_1_83' title='bbox 828 793 1083 843; x_wconf 76' lang='lat' dir='ltr'>Cornucopiae</span> <span class='ocrx_word' id='word_1_84' title='bbox 1105 794 1138 830; x_wconf 93' lang='lat' dir='ltr'>in</span> <span class='ocrx_word' id='word_1_85' title='bbox 1160 793 1319 831; x_wconf 82' lang='lat' dir='ltr'>AEdibus</span> <span class='ocrx_word' id='word_1_86' title='bbox 1339 794 1427 831; x_wconf 89' lang='lat' dir='ltr'>Aldi</span> <span class='ocrx_word' id='word_1_87' title='bbox 1449 806 1574 831; x_wconf 91' lang='lat' dir='ltr'>mense</span> 
     </span>
     <span class='ocr_line' id='line_1_11' title="bbox 138 854 1573 907; baseline 0.003 -17"><span class='ocrx_word' id='word_1_88' title='bbox 138 854 239 891; x_wconf 88' lang='lat' dir='ltr'>Julio</span> <span class='ocrx_word' id='word_1_89' title='bbox 272 866 376 892; x_wconf 77' lang='lat' dir='ltr'><strong>Mln.</strong></span> <span class='ocrx_word' id='word_1_90' title='bbox 405 856 466 893; x_wconf 89' lang='lat' dir='ltr'>Cf.</span> <span class='ocrx_word' id='word_1_91' title='bbox 489 862 565 894; x_wconf 86' lang='lat' dir='ltr'>cat.</span> <span class='ocrx_word' id='word_1_92' title='bbox 598 857 697 894; x_wconf 89' lang='lat' dir='ltr'><strong>Bibl.</strong></span> <span class='ocrx_word' id='word_1_93' title='bbox 720 856 763 893; x_wconf 91' lang='lat' dir='ltr'>C.</span> <span class='ocrx_word' id='word_1_94' title='bbox 787 857 839 894; x_wconf 90' lang='lat' dir='ltr'>G.</span> <span class='ocrx_word' id='word_1_95' title='bbox 867 857 1086 900; x_wconf 87' lang='lat' dir='ltr'>Schwarzii,</span> <span class='ocrx_word' id='word_1_96' title='bbox 1119 856 1223 895; x_wconf 87' lang='lat' dir='ltr'><strong>Prof.</strong></span> <span class='ocrx_word' id='word_1_97' title='bbox 1259 857 1396 895; x_wconf 83' lang='lat' dir='ltr'>Altorf.</span> <span class='ocrx_word' id='word_1_98' title='bbox 1419 858 1460 894; x_wconf 90' lang='lat' dir='ltr'>P.</span> <span class='ocrx_word' id='word_1_99' title='bbox 1482 868 1512 894; x_wconf 90' lang='lat'>1.</span> <span class='ocrx_word' id='word_1_100' title='bbox 1534 870 1573 907; x_wconf 91' lang='lat' dir='ltr'>p.</span> 
     </span>
     <span class='ocr_line' id='line_1_12' title="bbox 145 918 611 958; baseline 0.009 -5"><span class='ocrx_word' id='word_1_101' title='bbox 145 918 229 955; x_wconf 72' lang='lat'><strong>146.</strong></span> <span class='ocrx_word' id='word_1_102' title='bbox 251 918 351 957; x_wconf 88' lang='lat' dir='ltr'>inter</span> <span class='ocrx_word' id='word_1_103' title='bbox 371 920 528 958; x_wconf 82' lang='lat' dir='ltr'>Aldinas</span> <span class='ocrx_word' id='word_1_104' title='bbox 545 920 611 957; x_wconf 89' lang='lat' dir='ltr'><strong>fol.</strong></span> 
     </span>
    </p>

    <p class='ocr_par' dir='ltr' id='par_1_7' title="bbox 137 982 1576 1350">
     <span class='ocr_line' id='line_1_13' title="bbox 198 982 1573 1033; baseline 0.003 -15"><span class='ocrx_word' id='word_1_105' title='bbox 198 987 290 1019; x_wconf 83' lang='lat'><strong>1501</strong></span> <span class='ocrx_word' id='word_1_106' title='bbox 316 983 436 1032; x_wconf 84' lang='lat' dir='ltr'><strong>Lugd.</strong></span> <span class='ocrx_word' id='word_1_107' title='bbox 455 983 519 1021; x_wconf 88' lang='lat' dir='ltr'><strong>fol.</strong></span> <span class='ocrx_word' id='word_1_108' title='bbox 541 984 630 1021; x_wconf 87' lang='lat' dir='ltr'><strong>Nic.</strong></span> <span class='ocrx_word' id='word_1_109' title='bbox 652 983 796 1020; x_wconf 87' lang='lat' dir='ltr'>Perotti</span> <span class='ocrx_word' id='word_1_110' title='bbox 830 982 1083 1033; x_wconf 88' lang='lat' dir='ltr'>Cornucopiae</span> <span class='ocrx_word' id='word_1_111' title='bbox 1104 996 1172 1020; x_wconf 89' lang='lat' dir='ltr'>seu</span> <span class='ocrx_word' id='word_1_112' title='bbox 1201 983 1573 1023; x_wconf 86' lang='lat' dir='ltr'>Commentariorum</span> 
     </span>
     <span class='ocr_line' id='line_1_14' title="bbox 141 1046 1575 1097; baseline 0.003 -15"><span class='ocrx_word' id='word_1_113' title='bbox 141 1047 182 1082; x_wconf 89' lang='lat' dir='ltr'>L.</span> <span class='ocrx_word' id='word_1_114' title='bbox 205 1046 248 1083; x_wconf 92' lang='lat' dir='ltr'>L.</span> <span class='ocrx_word' id='word_1_115' title='bbox 271 1059 344 1084; x_wconf 87' lang='lat' dir='ltr'>una</span> <span class='ocrx_word' id='word_1_116' title='bbox 365 1060 449 1084; x_wconf 91' lang='lat' dir='ltr'>cum</span> <span class='ocrx_word' id='word_1_117' title='bbox 481 1047 762 1085; x_wconf 81' lang='lat' dir='ltr'>commentariis</span> <span class='ocrx_word' id='word_1_118' title='bbox 784 1060 814 1084; x_wconf 91' lang='lat' dir='ltr'>s.</span> <span class='ocrx_word' id='word_1_119' title='bbox 835 1047 1139 1097; x_wconf 76' lang='lat' dir='ltr'>expositionibus</span> <span class='ocrx_word' id='word_1_120' title='bbox 1161 1048 1281 1097; x_wconf 90' lang='lat' dir='ltr'>ipsius</span> <span class='ocrx_word' id='word_1_121' title='bbox 1300 1049 1454 1086; x_wconf 83' lang='lat' dir='ltr'>Nicolai</span> <span class='ocrx_word' id='word_1_122' title='bbox 1474 1050 1511 1086; x_wconf 93' lang='lat' dir='ltr'>in</span> <span class='ocrx_word' id='word_1_123' title='bbox 1529 1050 1575 1087; x_wconf 92' lang='lat' dir='ltr'>C.</span> 
     </span>
     <span class='ocr_line' id='line_1_15' title="bbox 139 1110 1575 1161; baseline 0.003 -15"><span class='ocrx_word' id='word_1_124' title='bbox 139 1110 247 1146; x_wconf 80' lang='lat' dir='ltr'>Plinii</span> <span class='ocrx_word' id='word_1_125' title='bbox 269 1112 355 1148; x_wconf 83' lang='lat' dir='ltr'><strong>Sec.</strong></span> <span class='ocrx_word' id='word_1_126' title='bbox 372 1111 592 1160; x_wconf 86' lang='lat' dir='ltr'>prooemium</span> <span class='ocrx_word' id='word_1_127' title='bbox 627 1124 772 1148; x_wconf 80' lang='lat' dir='ltr'>summa</span> <span class='ocrx_word' id='word_1_128' title='bbox 799 1110 997 1160; x_wconf 82' lang='lat' dir='ltr'>diligentia</span> <span class='ocrx_word' id='word_1_129' title='bbox 1030 1110 1288 1154; x_wconf 87' lang='lat' dir='ltr'>emendatum,</span> <span class='ocrx_word' id='word_1_130' title='bbox 1311 1111 1487 1161; x_wconf 87' lang='lat' dir='ltr'>Lugduni</span> <span class='ocrx_word' id='word_1_131' title='bbox 1507 1112 1575 1150; x_wconf 93' lang='lat' dir='ltr'>im-</span> 
     </span>
     <span class='ocr_line' id='line_1_16' title="bbox 140 1174 1576 1224; baseline 0.003 -15"><span class='ocrx_word' id='word_1_132' title='bbox 140 1185 309 1221; x_wconf 85' lang='lat' dir='ltr'>pressum</span> <span class='ocrx_word' id='word_1_133' title='bbox 331 1187 400 1223; x_wconf 90' lang='lat' dir='ltr'>per</span> <span class='ocrx_word' id='word_1_134' title='bbox 419 1176 503 1213; x_wconf 88' lang='lat' dir='ltr'><strong>Jac.</strong></span> <span class='ocrx_word' id='word_1_135' title='bbox 525 1175 704 1220; x_wconf 87' lang='lat' dir='ltr'>Mailleti‚</span> <span class='ocrx_word' id='word_1_136' title='bbox 724 1187 824 1211; x_wconf 84' lang='lat' dir='ltr'>anno</span> <span class='ocrx_word' id='word_1_137' title='bbox 844 1174 990 1211; x_wconf 81' lang='lat' dir='ltr'>Gratiae</span> <span class='ocrx_word' id='word_1_138' title='bbox 1011 1175 1067 1212; x_wconf 90' lang='lat' dir='ltr'>M.</span> <span class='ocrx_word' id='word_1_139' title='bbox 1090 1174 1395 1224; x_wconf 85' lang='lat' dir='ltr'>quingentesimo</span> <span class='ocrx_word' id='word_1_140' title='bbox 1436 1175 1576 1224; x_wconf 89' lang='lat' dir='ltr'>primo,</span> 
     </span>
     <span class='ocr_line' id='line_1_17' title="bbox 137 1236 1576 1289; baseline 0.002 -16"><span class='ocrx_word' id='word_1_141' title='bbox 137 1236 199 1274; x_wconf 87' lang='lat' dir='ltr'>die</span> <span class='ocrx_word' id='word_1_142' title='bbox 217 1250 306 1274; x_wconf 88' lang='lat' dir='ltr'>vero</span> <span class='ocrx_word' id='word_1_143' title='bbox 336 1238 503 1274; x_wconf 86' lang='lat' dir='ltr'>secunda</span> <span class='ocrx_word' id='word_1_144' title='bbox 524 1237 660 1274; x_wconf 86' lang='lat' dir='ltr'>mensis</span> <span class='ocrx_word' id='word_1_145' title='bbox 681 1236 798 1274; x_wconf 75' lang='lat' dir='ltr'>Junii.</span> <span class='ocrx_word' id='word_1_146' title='bbox 851 1236 911 1273; x_wconf 91' lang='lat' dir='ltr'>Sic</span> <span class='ocrx_word' id='word_1_147' title='bbox 934 1237 1071 1287; x_wconf 86' lang='lat' dir='ltr'>legitur</span> <span class='ocrx_word' id='word_1_148' title='bbox 1090 1237 1188 1274; x_wconf 89' lang='lat' dir='ltr'>inter</span> <span class='ocrx_word' id='word_1_149' title='bbox 1216 1238 1401 1275; x_wconf 84' lang='lat' dir='ltr'>Incunab.</span> <span class='ocrx_word' id='word_1_150' title='bbox 1423 1246 1576 1289; x_wconf 80' lang='lat' dir='ltr'>typogr.</span> 
     </span>
     <span class='ocr_line' id='line_1_18' title="bbox 140 1299 982 1350; baseline 0.002 -14"><span class='ocrx_word' id='word_1_151' title='bbox 140 1300 240 1337; x_wconf 88' lang='lat' dir='ltr'><strong>Bibl.</strong></span> <span class='ocrx_word' id='word_1_152' title='bbox 262 1299 489 1338; x_wconf 84' lang='lat' dir='ltr'>Uffenbach.</span> <span class='ocrx_word' id='word_1_153' title='bbox 509 1301 557 1337; x_wconf 94' lang='lat' dir='ltr'>T.</span> <span class='ocrx_word' id='word_1_154' title='bbox 580 1311 632 1338; x_wconf 80' lang='grc'>11.</span> <span class='ocrx_word' id='word_1_155' title='bbox 652 1299 762 1350; x_wconf 87' lang='lat' dir='ltr'><strong>App.</strong></span> <span class='ocrx_word' id='word_1_156' title='bbox 786 1310 836 1337; x_wconf 90' lang='lat'>11.</span> <span class='ocrx_word' id='word_1_157' title='bbox 860 1312 901 1349; x_wconf 88' lang='lat' dir='ltr'>p.</span> <span class='ocrx_word' id='word_1_158' title='bbox 918 1306 982 1343; x_wconf 84' lang='lat'>75.</span> 
     </span>
    </p>

    <p class='ocr_par' dir='ltr' id='par_1_8' title="bbox 138 1363 1575 2239">
     <span class='ocr_line' id='line_1_19' title="bbox 190 1363 1569 1413; baseline 0.001 -13"><span class='ocrx_word' id='word_1_159' title='bbox 190 1386 243 1390; x_wconf 97' lang='lat'><strong>—</strong></span> <span class='ocrx_word' id='word_1_160' title='bbox 261 1364 397 1401; x_wconf 73' lang='lat' dir='ltr'>Vener.</span> <span class='ocrx_word' id='word_1_161' title='bbox 420 1364 485 1401; x_wconf 88' lang='lat' dir='ltr'><strong>sol.</strong></span> <span class='ocrx_word' id='word_1_162' title='bbox 508 1364 656 1401; x_wconf 85' lang='lat' dir='ltr'>Nicolai</span> <span class='ocrx_word' id='word_1_163' title='bbox 686 1364 831 1401; x_wconf 85' lang='lat' dir='ltr'>Perotti</span> <span class='ocrx_word' id='word_1_164' title='bbox 861 1363 1141 1413; x_wconf 87' lang='lat' dir='ltr'>Cornucopiae:</span> <span class='ocrx_word' id='word_1_165' title='bbox 1173 1366 1251 1401; x_wconf 89' lang='lat' dir='ltr'>sive</span> <span class='ocrx_word' id='word_1_166' title='bbox 1276 1365 1569 1403; x_wconf 80' lang='lat' dir='ltr'>commentario-</span> 
     </span>
     <span class='ocr_line' id='line_1_20' title="bbox 138 1426 1573 1477; baseline 0.001 -14"><span class='ocrx_word' id='word_1_167' title='bbox 138 1440 221 1463; x_wconf 87' lang='lat' dir='ltr'>rum</span> <span class='ocrx_word' id='word_1_168' title='bbox 266 1428 404 1477; x_wconf 81' lang='lat' dir='ltr'>linguae</span> <span class='ocrx_word' id='word_1_169' title='bbox 438 1428 581 1464; x_wconf 83' lang='lat' dir='ltr'>Latinae</span> <span class='ocrx_word' id='word_1_170' title='bbox 614 1427 661 1464; x_wconf 84' lang='lat' dir='ltr'>ad</span> <span class='ocrx_word' id='word_1_171' title='bbox 700 1426 886 1464; x_wconf 84' lang='lat' dir='ltr'><strong>illustriss.</strong></span> <span class='ocrx_word' id='word_1_172' title='bbox 932 1427 1144 1476; x_wconf 86' lang='lat' dir='ltr'>Principem</span> <span class='ocrx_word' id='word_1_173' title='bbox 1179 1428 1401 1464; x_wconf 86' lang='lat' dir='ltr'>Federicum</span> <span class='ocrx_word' id='word_1_174' title='bbox 1438 1428 1573 1466; x_wconf 88' lang='lat' dir='ltr'>Urbini</span> 
     </span>
     <span class='ocr_line' id='line_1_21' title="bbox 140 1491 1570 1541; baseline 0.001 -14"><span class='ocrx_word' id='word_1_175' title='bbox 140 1492 311 1528; x_wconf 89' lang='lat' dir='ltr'>Ducem:</span> <span class='ocrx_word' id='word_1_176' title='bbox 355 1502 393 1529; x_wconf 80' lang='lat' dir='ltr'>et</span> <span class='ocrx_word' id='word_1_177' title='bbox 430 1491 679 1528; x_wconf 81' lang='lat' dir='ltr'>ecclesiastici</span> <span class='ocrx_word' id='word_1_178' title='bbox 708 1491 901 1528; x_wconf 86' lang='lat' dir='ltr'>exercitus</span> <span class='ocrx_word' id='word_1_179' title='bbox 939 1491 1214 1541; x_wconf 82' lang='lat' dir='ltr'>Imperatorem</span> <span class='ocrx_word' id='word_1_180' title='bbox 1249 1491 1434 1528; x_wconf 85' lang='lat' dir='ltr'><strong>invictiss.</strong></span> <span class='ocrx_word' id='word_1_181' title='bbox 1474 1491 1570 1529; x_wconf 89' lang='lat' dir='ltr'>liber</span> 
     </span>
     <span class='ocr_line' id='line_1_22' title="bbox 139 1553 1575 1605; baseline 0.001 -15"><span class='ocrx_word' id='word_1_182' title='bbox 139 1554 310 1604; x_wconf 83' lang='lat' dir='ltr'>primus:</span> <span class='ocrx_word' id='word_1_183' title='bbox 354 1554 403 1593; x_wconf 87' lang='lat' dir='ltr'>de</span> <span class='ocrx_word' id='word_1_184' title='bbox 432 1555 725 1605; x_wconf 78' lang='lat' dir='ltr'>Amphitheatro</span> <span class='ocrx_word' id='word_1_185' title='bbox 747 1555 993 1604; x_wconf 83' lang='lat' dir='ltr'>Epigramma</span> <span class='ocrx_word' id='word_1_186' title='bbox 1024 1555 1202 1603; x_wconf 88' lang='lat' dir='ltr'>primum.</span> <span class='ocrx_word' id='word_1_187' title='bbox 1261 1555 1304 1591; x_wconf 86' lang='lat' dir='ltr'>In</span> <span class='ocrx_word' id='word_1_188' title='bbox 1342 1553 1444 1592; x_wconf 87' lang='lat' dir='ltr'>fine:</span> <span class='ocrx_word' id='word_1_189' title='bbox 1478 1555 1575 1592; x_wconf 83' lang='lat' dir='ltr'>‘im-</span> 
     </span>
     <span class='ocr_line' id='line_1_23' title="bbox 139 1617 1569 1668; baseline 0 -13"><span class='ocrx_word' id='word_1_190' title='bbox 139 1631 310 1667; x_wconf 87' lang='lat' dir='ltr'>pressum</span> <span class='ocrx_word' id='word_1_191' title='bbox 347 1620 520 1657; x_wconf 87' lang='lat' dir='ltr'>Venetiis</span> <span class='ocrx_word' id='word_1_192' title='bbox 566 1632 633 1668; x_wconf 83' lang='lat' dir='ltr'>per</span> <span class='ocrx_word' id='word_1_193' title='bbox 669 1620 857 1657; x_wconf 85' lang='lat' dir='ltr'>Joannem</span> <span class='ocrx_word' id='word_1_194' title='bbox 894 1618 941 1656; x_wconf 87' lang='lat' dir='ltr'>de</span> <span class='ocrx_word' id='word_1_195' title='bbox 974 1618 1151 1662; x_wconf 88' lang='lat' dir='ltr'>Tridino,</span> <span class='ocrx_word' id='word_1_196' title='bbox 1197 1617 1290 1654; x_wconf 83' lang='lat' dir='ltr'>alias</span> <span class='ocrx_word' id='word_1_197' title='bbox 1333 1617 1569 1663; x_wconf 87' lang='lat' dir='ltr'>Tacuinum,</span> 
     </span>
     <span class='ocr_line' id='line_1_24' title="bbox 141 1680 1575 1731; baseline 0 -13"><span class='ocrx_word' id='word_1_198' title='bbox 141 1695 241 1718; x_wconf 78' lang='lat' dir='ltr'>almo</span> <span class='ocrx_word' id='word_1_199' title='bbox 261 1682 404 1719; x_wconf 91' lang='lat' dir='ltr'>domini</span> <span class='ocrx_word' id='word_1_200' title='bbox 430 1689 542 1721; x_wconf 86' lang='lat'><strong>1501.</strong></span> <span class='ocrx_word' id='word_1_201' title='bbox 562 1682 624 1719; x_wconf 89' lang='lat' dir='ltr'>die</span> <span class='ocrx_word' id='word_1_202' title='bbox 645 1692 815 1718; x_wconf 82' lang='lat' dir='ltr'><strong>XXVIII.</strong></span> <span class='ocrx_word' id='word_1_203' title='bbox 836 1681 948 1730; x_wconf 85' lang='lat' dir='ltr'>Maji,</span> <span class='ocrx_word' id='word_1_204' title='bbox 973 1682 1168 1730; x_wconf 82' lang='lat' dir='ltr'>Regnante</span> <span class='ocrx_word' id='word_1_205' title='bbox 1191 1680 1334 1731; x_wconf 78' lang='lat' dir='ltr'>inclyto</span> <span class='ocrx_word' id='word_1_206' title='bbox 1355 1680 1455 1718; x_wconf 87' lang='lat' dir='ltr'>duce</span> <span class='ocrx_word' id='word_1_207' title='bbox 1474 1682 1575 1730; x_wconf 81' lang='lat' dir='ltr'><strong>Aug.</strong></span> 
     </span>
     <span class='ocr_line' id='line_1_25' title="bbox 142 1744 1575 1796; baseline 0 -14"><span class='ocrx_word' id='word_1_208' title='bbox 142 1747 226 1782; x_wconf 85' lang='lat' dir='ltr'><strong>Bar.</strong></span> <span class='ocrx_word' id='word_1_209' title='bbox 248 1747 390 1784; x_wconf 87' lang='lat' dir='ltr'>invicto</span> <span class='ocrx_word' id='word_1_210' title='bbox 411 1746 596 1796; x_wconf 85' lang='lat' dir='ltr'>principe.</span> <span class='ocrx_word' id='word_1_211' title='bbox 642 1746 740 1782; x_wconf 84' lang='lat' dir='ltr'>Laus</span> <span class='ocrx_word' id='word_1_212' title='bbox 758 1746 858 1783; x_wconf 93' lang='lat' dir='ltr'><strong>Deo.</strong></span> <span class='ocrx_word' id='word_1_213' title='bbox 879 1758 965 1782; x_wconf 80' lang='lat' dir='ltr'>curn</span> <span class='ocrx_word' id='word_1_214' title='bbox 993 1745 1113 1793; x_wconf 75' lang='lat' dir='ltr'>gratia</span> <span class='ocrx_word' id='word_1_215' title='bbox 1132 1751 1170 1781; x_wconf 91' lang='lat' dir='ltr'>et</span> <span class='ocrx_word' id='word_1_216' title='bbox 1188 1744 1386 1794; x_wconf 86' lang='lat' dir='ltr'>privilegio</span> <span class='ocrx_word' id='word_1_217' title='bbox 1420 1757 1489 1793; x_wconf 85' lang='lat' dir='ltr'>per</span> <span class='ocrx_word' id='word_1_218' title='bbox 1508 1745 1575 1782; x_wconf 87' lang='lat' dir='ltr'>de—</span> 
     </span>
     <span class='ocr_line' id='line_1_26' title="bbox 140 1807 1573 1857; baseline 0.001 -13"><span class='ocrx_word' id='word_1_219' title='bbox 140 1821 221 1845; x_wconf 90' lang='lat' dir='ltr'>cem</span> <span class='ocrx_word' id='word_1_220' title='bbox 247 1809 571 1845; x_wconf 86' lang='lat' dir='ltr'>annos.&#39;—Nicol.</span> <span class='ocrx_word' id='word_1_221' title='bbox 603 1809 790 1853; x_wconf 85' lang='lat' dir='ltr'>Perottus,</span> <span class='ocrx_word' id='word_1_222' title='bbox 823 1808 1064 1856; x_wconf 86' lang='lat' dir='ltr'>Archiepisc.</span> <span class='ocrx_word' id='word_1_223' title='bbox 1103 1807 1327 1857; x_wconf 88' lang='lat' dir='ltr'>Sipontinus</span> <span class='ocrx_word' id='word_1_224' title='bbox 1356 1807 1441 1844; x_wconf 85' lang='lat' dir='ltr'><strong>libr.</strong></span> <span class='ocrx_word' id='word_1_225' title='bbox 1463 1819 1573 1857; x_wconf 87' lang='lat' dir='ltr'>spec-</span> 
     </span>
     <span class='ocr_line' id='line_1_27' title="bbox 140 1870 1573 1922; baseline 0 -14"><span class='ocrx_word' id='word_1_226' title='bbox 140 1871 351 1908; x_wconf 88' lang='lat' dir='ltr'>taculorum</span> <span class='ocrx_word' id='word_1_227' title='bbox 372 1872 526 1922; x_wconf 86' lang='lat' dir='ltr'>prolixis</span> <span class='ocrx_word' id='word_1_228' title='bbox 558 1878 766 1909; x_wconf 84' lang='lat' dir='ltr'>comment.</span> <span class='ocrx_word' id='word_1_229' title='bbox 786 1871 998 1915; x_wconf 86' lang='lat' dir='ltr'>illustravit,</span> <span class='ocrx_word' id='word_1_230' title='bbox 1017 1871 1081 1921; x_wconf 92' lang='lat' dir='ltr'>qui</span> <span class='ocrx_word' id='word_1_231' title='bbox 1107 1871 1246 1921; x_wconf 87' lang='lat' dir='ltr'>saepius</span> <span class='ocrx_word' id='word_1_232' title='bbox 1272 1870 1364 1908; x_wconf 86' lang='lat' dir='ltr'>editi</span> <span class='ocrx_word' id='word_1_233' title='bbox 1393 1877 1479 1908; x_wconf 88' lang='lat' dir='ltr'>sunt</span> <span class='ocrx_word' id='word_1_234' title='bbox 1500 1871 1573 1908; x_wconf 89' lang='lat' dir='ltr'>sub</span> 
     </span>
     <span class='ocr_line' id='line_1_28' title="bbox 140 1934 1574 1986; baseline 0 -14"><span class='ocrx_word' id='word_1_235' title='bbox 140 1935 322 1973; x_wconf 84' lang='lat' dir='ltr'>invidiosa</span> <span class='ocrx_word' id='word_1_236' title='bbox 354 1936 602 1986; x_wconf 87' lang='lat' dir='ltr'>inscriptione</span> <span class='ocrx_word' id='word_1_237' title='bbox 639 1936 910 1986; x_wconf 84' lang='lat' dir='ltr'>Coruucopiae,</span> <span class='ocrx_word' id='word_1_238' title='bbox 932 1935 1066 1973; x_wconf 88' lang='lat' dir='ltr'>Venet.</span> <span class='ocrx_word' id='word_1_239' title='bbox 1098 1947 1162 1984; x_wconf 78' lang='lat' dir='ltr'><strong>ap.</strong></span> <span class='ocrx_word' id='word_1_240' title='bbox 1198 1934 1340 1972; x_wconf 90' lang='lat' dir='ltr'>Aldum</span> <span class='ocrx_word' id='word_1_241' title='bbox 1373 1934 1574 1973; x_wconf 83' lang='lat' dir='ltr'><strong>1513.fol.</strong></span> 
     </span>
     <span class='ocr_line' id='line_1_29' title="bbox 139 1997 1575 2048; baseline 0 -12"><span class='ocrx_word' id='word_1_242' title='bbox 139 1999 353 2037; x_wconf 88' lang='lat' dir='ltr'>Tusculani</span> <span class='ocrx_word' id='word_1_243' title='bbox 390 2005 504 2038; x_wconf 75' lang='lat'><strong>1522.</strong></span> <span class='ocrx_word' id='word_1_244' title='bbox 527 2005 564 2036; x_wconf 79' lang='lat'>4.</span> <span class='ocrx_word' id='word_1_245' title='bbox 586 2004 624 2036; x_wconf 89' lang='lat' dir='ltr'>et</span> <span class='ocrx_word' id='word_1_246' title='bbox 652 1999 808 2036; x_wconf 85' lang='lat' dir='ltr'>Basileae</span> <span class='ocrx_word' id='word_1_247' title='bbox 847 1997 959 2037; x_wconf 79' lang='lat'><strong>1526.</strong></span> <span class='ocrx_word' id='word_1_248' title='bbox 988 1998 1051 2035; x_wconf 87' lang='lat' dir='ltr'><strong>fol.</strong></span> <span class='ocrx_word' id='word_1_249' title='bbox 1073 2003 1111 2035; x_wconf 84' lang='lat' dir='ltr'>et</span> <span class='ocrx_word' id='word_1_250' title='bbox 1134 2003 1248 2041; x_wconf 83' lang='lat'><strong>1527.</strong></span> <span class='ocrx_word' id='word_1_251' title='bbox 1276 2011 1339 2048; x_wconf 82' lang='lat' dir='ltr'><strong>ap.</strong></span> <span class='ocrx_word' id='word_1_252' title='bbox 1363 1997 1575 2036; x_wconf 81' lang='lat' dir='ltr'>Aldum.—-</span> 
     </span>
     <span class='ocr_line' id='line_1_30' title="bbox 140 2061 1575 2111; baseline -0.001 -11"><span class='ocrx_word' id='word_1_253' title='bbox 140 2064 227 2100; x_wconf 90' lang='lat' dir='ltr'>Non</span> <span class='ocrx_word' id='word_1_254' title='bbox 259 2071 383 2100; x_wconf 83' lang='lat' dir='ltr'>autem</span> <span class='ocrx_word' id='word_1_255' title='bbox 411 2063 472 2100; x_wconf 89' lang='lat' dir='ltr'>ille</span> <span class='ocrx_word' id='word_1_256' title='bbox 500 2068 646 2099; x_wconf 86' lang='lat' dir='ltr'>tantum</span> <span class='ocrx_word' id='word_1_257' title='bbox 679 2062 865 2099; x_wconf 83' lang='lat' dir='ltr'>Martialis</span> <span class='ocrx_word' id='word_1_258' title='bbox 894 2061 1011 2099; x_wconf 86' lang='lat' dir='ltr'>verba</span> <span class='ocrx_word' id='word_1_259' title='bbox 1042 2061 1313 2111; x_wconf 86' lang='lat' dir='ltr'>interpretatus</span> <span class='ocrx_word' id='word_1_260' title='bbox 1344 2067 1414 2106; x_wconf 83' lang='lat' dir='ltr'>est,</span> <span class='ocrx_word' id='word_1_261' title='bbox 1434 2061 1499 2098; x_wconf 89' lang='lat' dir='ltr'>sed</span> <span class='ocrx_word' id='word_1_262' title='bbox 1527 2061 1575 2098; x_wconf 86' lang='lat' dir='ltr'>de</span> 
     </span>
     <span class='ocr_line' id='line_1_31' title="bbox 141 2124 1575 2175; baseline -0.001 -13"><span class='ocrx_word' id='word_1_263' title='bbox 141 2127 267 2164; x_wconf 86' lang='lat' dir='ltr'>verbis</span> <span class='ocrx_word' id='word_1_264' title='bbox 299 2126 456 2175; x_wconf 81' lang='lat' dir='ltr'>singulis</span> <span class='ocrx_word' id='word_1_265' title='bbox 476 2126 570 2162; x_wconf 86' lang='lat' dir='ltr'>latas</span> <span class='ocrx_word' id='word_1_266' title='bbox 600 2125 881 2174; x_wconf 84' lang='lat' dir='ltr'>disputationes</span> <span class='ocrx_word' id='word_1_267' title='bbox 908 2125 1032 2169; x_wconf 84' lang='lat' dir='ltr'>dedit,</span> <span class='ocrx_word' id='word_1_268' title='bbox 1052 2124 1183 2173; x_wconf 87' lang='lat' dir='ltr'>quales</span> <span class='ocrx_word' id='word_1_269' title='bbox 1205 2137 1239 2161; x_wconf 89' lang='lat' dir='ltr'>v.</span> <span class='ocrx_word' id='word_1_270' title='bbox 1260 2138 1294 2161; x_wconf 87' lang='lat' dir='ltr'>c.</span> <span class='ocrx_word' id='word_1_271' title='bbox 1316 2124 1420 2174; x_wconf 82' lang='lat' dir='ltr'>apud</span> <span class='ocrx_word' id='word_1_272' title='bbox 1444 2125 1575 2161; x_wconf 88' lang='lat' dir='ltr'>Eusta-</span> 
     </span>
     <span class='ocr_line' id='line_1_32' title="bbox 141 2189 796 2239; baseline 0 -13"><span class='ocrx_word' id='word_1_273' title='bbox 141 2191 260 2228; x_wconf 86' lang='lat' dir='ltr'>thium</span> <span class='ocrx_word' id='word_1_274' title='bbox 283 2191 318 2228; x_wconf 89' lang='lat' dir='ltr'>in</span> <span class='ocrx_word' id='word_1_275' title='bbox 341 2191 551 2228; x_wconf 88' lang='lat' dir='ltr'>Homerum</span> <span class='ocrx_word' id='word_1_276' title='bbox 573 2189 796 2239; x_wconf 85' lang='lat' dir='ltr'>reperimus.</span> 
     </span>
    </p>
   </div>
   <div class='ocr_carea' id='block_1_3' title="bbox 599 2374 1122 2417">
    <p class='ocr_par' dir='ltr' id='par_1_9' title="bbox 599 2374 1122 2417">
     <span class='ocr_line' id='line_1_33' title="bbox 599 2374 1122 2417; baseline -0.006 -2"><span class='ocrx_word' id='word_1_277' title='bbox 599 2378 744 2416; x_wconf 82' lang='lat' dir='ltr'>AETAS</span> <span class='ocrx_word' id='word_1_278' title='bbox 774 2377 827 2416; x_wconf 88' lang='lat'>11.</span> <span class='ocrx_word' id='word_1_279' title='bbox 851 2374 1122 2417; x_wconf 82' lang='lat'><strong>1501-1566.</strong></span> 
     </span>
    </p>
   </div>
   <div class='ocr_carea' id='block_1_4' title="bbox 140 2479 1581 2725">
    <p class='ocr_par' dir='ltr' id='par_1_10' title="bbox 140 2479 1581 2725">
     <span class='ocr_line' id='line_1_34' title="bbox 142 2479 1579 2532; baseline -0.002 -12"><span class='ocrx_word' id='word_1_280' title='bbox 142 2482 330 2528; x_wconf 86' lang='lat' dir='ltr'>Quamvis</span> <span class='ocrx_word' id='word_1_281' title='bbox 368 2481 507 2518; x_wconf 93' lang='lat' dir='ltr'>nullius</span> <span class='ocrx_word' id='word_1_282' title='bbox 536 2489 652 2521; x_wconf 88' lang='lat' dir='ltr'>certae</span> <span class='ocrx_word' id='word_1_283' title='bbox 687 2484 914 2522; x_wconf 86' lang='lat' dir='ltr'>recensionis</span> <span class='ocrx_word' id='word_1_284' title='bbox 942 2480 1259 2532; x_wconf 83' lang='lat' dir='ltr'>significationem</span> <span class='ocrx_word' id='word_1_285' title='bbox 1291 2479 1447 2523; x_wconf 87' lang='lat' dir='ltr'>habeat,</span> <span class='ocrx_word' id='word_1_286' title='bbox 1468 2492 1579 2517; x_wconf 88' lang='lat' dir='ltr'>orna-</span> 
     </span>
     <span class='ocr_line' id='line_1_35' title="bbox 143 2544 1581 2597; baseline -0.001 -13"><span class='ocrx_word' id='word_1_287' title='bbox 143 2553 272 2584; x_wconf 87' lang='lat' dir='ltr'>menta</span> <span class='ocrx_word' id='word_1_288' title='bbox 305 2552 429 2582; x_wconf 86' lang='lat' dir='ltr'>tamen</span> <span class='ocrx_word' id='word_1_289' title='bbox 462 2546 614 2595; x_wconf 85' lang='lat' dir='ltr'>accepit</span> <span class='ocrx_word' id='word_1_290' title='bbox 634 2547 682 2584; x_wconf 90' lang='lat' dir='ltr'>ab</span> <span class='ocrx_word' id='word_1_291' title='bbox 704 2547 868 2593; x_wconf 87' lang='lat' dir='ltr'>Aldinis,</span> <span class='ocrx_word' id='word_1_292' title='bbox 900 2559 1058 2597; x_wconf 88' lang='lat' dir='ltr'>quarum</span> <span class='ocrx_word' id='word_1_293' title='bbox 1089 2544 1270 2595; x_wconf 89' lang='lat' dir='ltr'>princeps</span> <span class='ocrx_word' id='word_1_294' title='bbox 1305 2549 1360 2580; x_wconf 91' lang='lat' dir='ltr'>est</span> <span class='ocrx_word' id='word_1_295' title='bbox 1381 2555 1442 2579; x_wconf 86' lang='lat' dir='ltr'>an.</span> <span class='ocrx_word' id='word_1_296' title='bbox 1466 2548 1581 2582; x_wconf 85' lang='lat'><strong>1501.</strong></span> 
     </span>
     <span class='ocr_line' id='line_1_36' title="bbox 140 2606 1581 2661; baseline -0.003 -11"><span class='ocrx_word' id='word_1_297' title='bbox 140 2611 297 2650; x_wconf 87' lang='lat' dir='ltr'>Juntina</span> <span class='ocrx_word' id='word_1_298' title='bbox 331 2615 443 2648; x_wconf 73' lang='lat'><strong>1512.</strong></span> <span class='ocrx_word' id='word_1_299' title='bbox 465 2608 643 2647; x_wconf 89' lang='lat' dir='ltr'>Parisinis</span> <span class='ocrx_word' id='word_1_300' title='bbox 674 2610 848 2656; x_wconf 86' lang='lat' dir='ltr'>Coliuaei,</span> <span class='ocrx_word' id='word_1_301' title='bbox 883 2621 1045 2661; x_wconf 85' lang='lat' dir='ltr'>quarum</span> <span class='ocrx_word' id='word_1_302' title='bbox 1079 2606 1268 2657; x_wconf 87' lang='lat' dir='ltr'>1.prodiit</span> <span class='ocrx_word' id='word_1_303' title='bbox 1297 2618 1360 2643; x_wconf 88' lang='lat' dir='ltr'><strong>an.</strong></span> <span class='ocrx_word' id='word_1_304' title='bbox 1397 2611 1509 2645; x_wconf 81' lang='lat'><strong>1528.</strong></span> <span class='ocrx_word' id='word_1_305' title='bbox 1539 2613 1581 2645; x_wconf 84' lang='lat' dir='ltr'>et</span> 
     </span>
     <span class='ocr_line' id='line_1_37' title="bbox 143 2668 1581 2725; baseline -0.003 -13"><span class='ocrx_word' id='word_1_306' title='bbox 143 2672 379 2725; x_wconf 76' lang='lat' dir='ltr'>Gryphianis</span> <span class='ocrx_word' id='word_1_307' title='bbox 399 2672 449 2710; x_wconf 85' lang='lat' dir='ltr'>ab</span> <span class='ocrx_word' id='word_1_308' title='bbox 468 2684 530 2711; x_wconf 86' lang='lat' dir='ltr'>an.</span> <span class='ocrx_word' id='word_1_309' title='bbox 559 2677 673 2712; x_wconf 82' lang='lat'><strong>1535.</strong></span> <span class='ocrx_word' id='word_1_310' title='bbox 731 2673 1021 2713; x_wconf 84' lang='lat' dir='ltr'>Commentator</span> <span class='ocrx_word' id='word_1_311' title='bbox 1041 2683 1161 2709; x_wconf 84' lang='lat' dir='ltr'>novus</span> <span class='ocrx_word' id='word_1_312' title='bbox 1182 2669 1231 2707; x_wconf 86' lang='lat' dir='ltr'>ad</span> <span class='ocrx_word' id='word_1_313' title='bbox 1250 2668 1397 2720; x_wconf 84' lang='lat' dir='ltr'>priores</span> <span class='ocrx_word' id='word_1_314' title='bbox 1417 2670 1581 2708; x_wconf 85' lang='lat' dir='ltr'>accessit</span> 
     </span>
    </p>
   </div>
  </div>
 </body>
</html>
