1866 3131
425 191 472 220 M.
508 192 618 221 VAL-

208 289 226 316 S
253 286 412 325 cecropia,
428 286 498 325 gin]
525 284 678 323 Pallade,
696 284 859 323 peculiari

166 337 353 368 Domitiani
382 336 536 374 numine3
568 335 664 375 cnjus
697 334 800 365 filium
826 343 861 364 se

165 388 232 418 ‹lici
260 388 421 428 credique
452 386 570 418 voluit.
602 387 697 416 Suet.
729 384 861 416 Domit.

165 448 239 478 cap.
257 440 288 468 4.
315 438 377 468 Vel
395 437 555 475 virginem
574 435 706 466 Palladi
719 444 862 466 sacram.

170 489 269 519 Liber
285 489 349 527 bic,
366 488 474 529 inquit
495 487 616 524 Poeta,
633 491 702 517 tam
727 493 862 517 sanctus

165 545 217 569 est
234 544 268 570 et
287 549 400 579 purus,
419 544 454 569 ut
471 538 578 578 possit
592 546 704 569 coram
720 537 862 568 sanctis-

165 591 255 621 simis
280 591 444 620 Minervae
462 588 696 620 sacerdotibus
715 588 786 618 sine
810 597 863 618 rn-

167 641 248 670 bnre
266 641 344 680 legi.
368 640 451 671 Rad.

210 692 311 722 Eric.
331 700 386 723 ιιι.
413 693 428 722 t
446 689 647 729 Accolajum,
663 688 732 729 Bra]
755 689 863 730 Degis

165 743 280 772 missus
313 742 353 772 ad
386 746 419 772 te
448 740 656 781 provinciam
688 740 789 772 Rom.
816 739 864 770 cis

165 792 357 823 Danubium
376 802 394 822 a
410 790 586 822 Decebalo
600 791 769 821 Dacorum
783 798 863 830 rege

164 843 234 884 (qui
253 843 341 873 ultra
358 839 570 880 Danubium)
582 841 713 881 legatus
725 840 766 870 de
779 848 863 880 pace

166 899 199 924 et
227 893 401 924 obsidibus
428 891 615 930 tradendis,
642 890 700 921 ubi
717 895 751 922 te
768 890 864 930 vidit,

166 945 349 975 beatiorem
366 953 401 974 se
418 942 523 974 fratre
539 952 599 973 suo
614 942 733 983 (forte,
749 941 862 972 Dece-

166 994 257 1033 balo)
289 993 512 1033 prazdicabat,
543 993 717 1033 inquiens:
749 993 758 1009 ‘
782 992 862 1022 Sors

165 1043 261 1082 mea‚’
282 1046 345 1074 Sc.
394 1044 590 1083 Germanice,
619 1043 712 1084 ripae]
744 1043 862 1084 Epigr.

166 1093 397 1134 praecedenze,
413 1104 502 1124 vers.
516 1097 548 1125 4.

207 1147 227 1175 6
250 1143 366 1183 Deum]
390 1144 631 1175 Domitianum.

209 1197 312 1227 Eme.
343 1205 394 1227 iv.
429 1195 567 1227 Ebriam
597 1195 782 1236 Myrtalem
813 1195 863 1225 in·

165 1251 329 1278 sectatur.

207 1301 226 1329 2
252 1297 355 1329 Fallat
383 1299 418 1328 ut
446 1306 512 1335 nos,
535 1295 602 1336 δῖα]
654 1295 701 1327 Ut
730 1295 865 1336 gravior

163 1347 249 1379 lauri
268 1348 329 1386 vis,
349 1347 472 1377 obruat
489 1346 556 1377 vini
575 1345 734 1378 odorem:
759 1346 811 1376 vel
828 1349 866 1376 ut

165 1397 366 1429 ebrietatem
397 1396 579 1428 defendat:
626 1397 739 1427 laurus
776 1395 864 1427 enim

164 1449 300 1480 inimica
336 1449 486 1487 Baccho,
521 1453 618 1479 arcet
651 1447 866 1479 ebrietatem.

166 1498 349 1530 Athenaeus
365 1498 426 1529 lib.
441 1501 472 1530 4.
490 1498 631 1538 Dipuos.

208 1552 227 1580 3
254 1548 565 1588 (lautafrondessscq
589 1549 664 1581 Qua
677 1553 777 1579 cavet
791 1557 865 1589 gra-

166 1601 367 1631 veolentiam
385 1610 404 1630 a
421 1601 510 1631 vino.

208 1655 227 1683 4
252 1651 346 1681 Hunc
372 1654 421 1687 tn,
446 1649 514 1691 istu]
571 1650 713 1683 Quoties
750 1649 866 1690 itaque

165 1703 352 1743 Myrtalem
380 1701 602 1732 rubicundam
629 1705 665 1731 et
691 1710 791 1731 venas
818 1700 866 1730 in-

166 1752 281 1784 flatam
308 1753 540 1793 conspexeris,
556 1762 597 1782 ne
615 1752 763 1791 imputes
780 1751 867 1781 Bac·

167 1804 229 1834 clio
246 1803 303 1834 sed
330 1803 497 1843 Apollini,
525 1802 591 1833 noli
619 1802 709 1832 illam
736 1801 866 1832 ebriam

166 1853 281 1884 dicere
308 1853 368 1884 sed
394 1858 505 1883 vatem
538 1852 674 1882 numine
706 1850 867 1890 afflatam,

167 1909 268 1944 epota
285 1903 390 1941 lauro,
417 1912 481 1933 nou
507 1912 604 1932 secus
633 1912 672 1932 ac
689 1902 744 1932 alii
771 1906 866 1932 vates

165 1953 380 1993 ἐνθουσιασμὸν
389 1960 572 1995 procurant
583 1953 786 1984 manducata
797 1953 866 1983 lau-

167 2016 215 2038 ro.
262 2005 429 2046 Lycopbr.
457 2005 550 2036 Cass.
566 2002 786 2044 Δαφνηφάγων
801 2002 868 2043 φοί-

165 2056 264 2096 βαζεν
277 2057 310 2087 ἐκ
325 2056 453 2094 λαιμοῦς
468 2055 539 2087 ὄπα.

210 2109 313 2140 Epio.
325 2118 357 2139 v.
374 2107 630 2148 Epigrammata
642 2106 749 2137 mittit
764 2106 870 2137 Sexto

165 2160 240 2200 (qui
274 2157 472 2189 Domitiano
505 2168 523 2189 a
548 2157 694 2189 secretis
718 2162 805 2195 erat,
834 2161 869 2188 et

168 2209 384 2240 bibliothecae
400 2218 517 2240 curam
539 2208 704 2248 habebat)
720 2219 794 2250 quw,
812 2218 868 2249 po-

167 2259 201 2289 ni
219 2259 314 2299 cupit
330 2260 419 2290 inter
435 2259 517 2289 alios
537 2259 868 2299 Epigrannnataries.

168 2309 252 2340 Rad.

214 2362 229 2390 1
255 2359 364 2397 Sexte,
391 2359 559 2397 Pulutinoe,
581 2358 649 2399 nima]
671 2359 789 2397 Sexte,
813 2359 869 2400 qui

169 2421 204 2441 es
219 2410 421 2450 Imperatori
443 2419 462 2439 a
484 2419 591 2440 sacrae
611 2409 782 2449 religionis
800 2409 869 2440 cul·

171 2466 220 2498 tn,
249 2461 288 2490 ab
314 2460 438 2499 ingenii
467 2459 602 2497 studiis,
626 2465 661 2490 et
687 2459 868 2490 aconsiliis

168 2511 420 2546 secretioribus,
450 2510 738 2542 Bibliothecarius
770 2510 870 2541 Pala-

170 2563 271 2594 tinus.

212 2616 232 2643 2
257 2611 388 2649 Ingenio
403 2610 621 2651 srue1·is‚85·c.]
654 2611 808 2642 Versaris
835 2621 871 2641 e-

170 2662 238 2693 nim
274 2671 350 2693 vum
382 2661 456 2702 ipso
492 2662 700 2701 Domitiano,
731 2666 766 2693 et
795 2661 868 2702 ejus

170 2714 321 2750 consilia,
362 2713 526 2749 rationes,
553 2712 702 2752 negotia,
733 2722 869 2743 caussas

172 2763 344 2802 pernoscis
362 2768 396 2793 et
413 2763 536 2794 litteris
555 2763 705 2794 mandas,

655 188 932 219 MAR'rlAffls
970 189 1131 221 EPIGR.
1170 191 1260 220 [AB.
1295 191 1338 218 V.

1498 180 1613 221 1:223

954 287 974 314 4
1000 285 1043 314 Et
1066 289 1197 324 secreta,
1227 285 1294 326 sa]
1327 285 1539 326 periphrasis
1568 295 1616 317 se-

911 336 1060 367 cretarii.

954 389 972 416 5
998 385 1048 416 Sit
1065 386 1160 426 locus,
1182 387 1250 427 ssa]
1275 387 1427 427 Dignare
1449 387 1538 425 loco,
1564 396 1615 418 re-

914 444 1001 476 pone
1028 435 1130 466 libros
1159 446 1250 467 meos
1274 437 1308 467 in
1325 437 1527 469 bibliotheca
1544 441 1614 473 tua,

914 486 967 516 vel
1001 485 1239 526 Imperatoria
1267 487 1357 518 iuter
1375 492 1522 518 caeteros
1539 488 1617 528 Epi-

912 539 1184 577 grammatarios,
1217 538 1400 578 Catullum,
1430 540 1616 579 Pedonem,

914 590 1075 620 Marsum.

956 643 973 671 7
998 640 1049 672 Ad
1074 639 1261 680 Capitolini,
1283 639 1352 679 ssa]
1374 639 1442 670 Sed
1466 640 1616 672 carmina

914 691 972 722 illa
989 690 1030 720 de
1046 689 1135 721 bello
1147 689 1333 720 Vitelliano
1356 689 1529 731 ipsiusque
1546 691 1615 720 Do-

914 742 1043 775 mitiani
1067 741 1232 783 periculo,
1247 740 1416 780 flagrante
1433 740 1618 780 Capitolio,

912 795 946 834 (a
963 798 1011 832 te,
1032 792 1086 823 vel
1109 793 1182 833 ipso
1200 790 1291 822 forte
1318 791 1515 822 Domitiano
1538 801 1616 822 con-

914 844 1010 875 dita:
1028 853 1175 884 namque
1189 842 1239 873 his
1253 850 1392 873 vacasse
1405 851 1481 872 eum
1495 841 1616 872 studiis

913 900 1047 927 constat
1069 904 1112 925 ex
1137 893 1243 924 Plinii
1267 891 1410 924 Praefat.
1439 893 1480 923 ad
1509 893 1619 931 Hist.)

913 955 1039 986 repone
1064 945 1168 986 juxta.
1191 944 1335 975 AEneida.
1363 944 1513 975 sublimis
1544 944 1618 974 Vir-

913 996 997 1036 gilii.
1042 996 1183 1027 Sueton.
1207 1004 1282 1035 cap.
1307 997 1337 1026 1.
1365 995 1496 1026 Domit.
1526 995 1618 1026 Scri-

913 1047 1026 1078 verius
1042 1051 1141 1088 putat
1161 1046 1301 1077 Sextum
1317 1045 1461 1085 Epicum
1479 1044 1616 1085 poetam

913 1099 1138 1138 composuisse
1188 1096 1312 1128 bellum
1367 1096 1588 1127 vitellianum
1607 1107 1614 1127 :

912 1148 1002 1190 quod
1019 1152 1055 1179 et
1083 1147 1220 1178 Radere
1244 1156 1345 1188 quam
1366 1147 1512 1178 maxime
1529 1147 1615 1178 veri·

912 1199 1021 1232 simile
1037 1198 1184 1229 videtur.

961 1251 1061 1282 Epic.
1087 1258 1140 1280 vr.
1178 1248 1290 1280 Poeta
1318 1248 1459 1287 Musas;
1507 1248 1617 1279 Musae

914 1300 1140 1333 Parthenium
1172 1303 1309 1339 rogant,
1341 1303 1379 1329 ut
1409 1298 1617 1329 Parthenius

916 1351 1044 1384 Caesari
1061 1350 1211 1382 libellum
1229 1349 1390 1390 porrigat,
1414 1358 1516 1389 quum
1535 1353 1618 1380 tem-

916 1404 1086 1444 pestivum
1104 1401 1192 1432 erit:
1221 1400 1275 1430 vel
1293 1409 1358 1431 non
1377 1399 1542 1440 porrigat,
1557 1399 1617 1429 sed

915 1454 1008 1494 legat
1024 1452 1163 1483 vidente
1190 1451 1407 1489 Domitiano;
1431 1451 1488 1491 qui
1515 1460 1616 1491 quum

915 1503 960 1535 sit
971 1502 1144 1534 studiosus
1156 1501 1359 1537 litterarum,
1369 1500 1484 1532 statim
1497 1504 1619 1541 poscet

915 1554 1076 1586 libellum.
1100 1552 1182 1583 Rad.
1201 1551 1325 1582 Domit.

958 1607 977 1635 2
1001 1601 1220 1640 Parthenium]
1243 1601 1308 1634 Qui
1324 1600 1451 1632 Caesari
1465 1605 1518 1632 est
1531 1610 1618 1632 acu-

916 1653 1050 1686 biculis.
1100 1651 1261 1691 Vestrum]
1294 1650 1411 1681 Vestri
1437 1651 1619 1689 cultorem,

916 1715 935 1736 o
952 1705 1075 1735 Musae.
1098 1702 1216 1743 Epigr.
1235 1703 1286 1732 28.
1304 1700 1363 1731 lib.
1377 1704 1410 1732 8.
1429 1710 1517 1731 vers.
1535 1703 1565 1732 1.
1583 1706 1618 1732 et

917 1755 1123 1796 Epigramm.
1141 1755 1172 1783 1.
1187 1751 1247 1783 lib.
1267 1753 1318 1781 11.

960 1808 979 1836 3
1003 1804 1059 1836 Sic
1081 1807 1111 1834 te
1132 1803 1242 1840 serior,
1265 1800 1331 1841 ssia]
1354 1801 1364 1817 ‘
1380 1800 1617 1832 Precationem

917 1856 1004 1886 hanc
1021 1853 1185 1894 concipit,
1198 1852 1375 1882 Musarum
1396 1851 1507 1883 verbis
1521 1851 1541 1883 :'
1562 1852 1618 1883 Sic

917 1906 975 1937 diu
989 1914 1105 1945 sospes
1120 1907 1157 1934 et
1180 1907 1352 1943 superstes
1381 1906 1416 1933 et
1437 1901 1520 1933 felix
1539 1912 1619 1943 agas

917 1966 993 1988 cum
1010 1956 1158 1987 Caesare.

960 2012 977 2038 5
1004 2008 1048 2038 Et
1064 2007 1109 2037 sis
1123 2005 1258 2044 invidia,
1281 2004 1352 2046 Asa]
1375 2005 1462 2038 Quae
1487 2014 1620 2044 grassa-

920 2064 974 2090 tur
990 2057 1135 2089 maxime
1151 2057 1184 2087 in
1206 2055 1290 2087 aulis
1313 2065 1450 2095 regum:
1474 2055 1522 2086 sic
1536 2064 1619 2095 ergo

918 2109 1046 2142 invidia
1073 2107 1228 2148 superior
1253 2106 1309 2145 sis,
1335 2110 1372 2137 ut
1388 2106 1462 2146 ipsa
1478 2110 1620 2145 cogatur

920 2161 984 2192 tibi
1000 2160 1132 2197 favere,
1149 2158 1210 2188 boc
1227 2161 1293 2195 est,
1310 2156 1431 2186 invidis
1449 2155 1552 2187 etiam
1571 2154 1619 2185 fa—

920 2209 1089 2247 ventibus,
1104 2216 1239 2246 semper
1258 2206 1405 2236 retineas
1422 2204 1524 2235 istum
1545 2213 1619 2244 gra-

920 2262 975 2293 tiae
994 2260 1117 2290 locuni.
1144 2258 1225 2287 Rmt.
1243 2255 1366 2287 Domil.

961 2314 982 2342 6
1005 2307 1143 2347 Burrus]
1167 2307 1270 2338 Filius
1289 2311 1380 2345 tuus,
1396 2305 1438 2336 de
1455 2315 1521 2346 quo
1539 2305 1620 2345 Epi-

919 2370 1059 2403 gramm.
1074 2362 1127 2390 45.
1145 2358 1202 2388 lib.
1220 2360 1251 2389 4.
1295 2357 1423 2387 Sentiat
1444 2355 1620 2396 parentem]

920 2412 1034 2445 Patris
1051 2409 1207 2441 fortunas
1225 2407 1349 2446 sapiat,
1367 2407 1537 2446 intelligat
1550 2407 1620 2437 lau-

920 2464 980 2495 des
1000 2466 1037 2492 et
1053 2460 1254 2491 felicitatem
1273 2458 1401 2498 patris;
1426 2457 1545 2488 indolis
1562 2467 1618 2498 pa-

921 2520 1030 2546 ternae
1053 2511 1113 2541 det
1135 2508 1322 2549 specimen.
1344 2507 1419 2538 vide
1444 2512 1478 2539 et
1503 2508 1618 2548 Epigr.

921 2567 971 2594 38.
986 2562 1042 2593 lib.
1057 2564 1088 2591 6.

962 2616 979 2643 7
997 2608 1240 2648 'l’iiriidam‚3‚⁶c.]
1261 2607 1362 2638 Hunc
1377 2607 1620 2646 verecundum,

921 2674 983 2695 nec
1002 2663 1137 2700 longum
1151 2659 1443 2700 Epigrainmatum
1458 2658 1619 2689 libellum.

964 2719 983 2743 ὅ
1009 2712 1098 2743 Intra
1128 2710 1249 2749 limina,
1278 2709 1348 2749 Sym]
1384 2708 1421 2740 In
1452 2709 1616 2749 palatium

923 2765 972 2794 vol
988 2764 1020 2793 in
1037 2762 1196 2793 conclave
1211 2760 1366 2791 Casinis.
1416 2759 1481 2799 Vel
1501 2761 1509 2776 ‘
1524 2769 1617 2790 sane-
