1866 3131
614 180 663 210 M.
700 180 811 210 vn..
845 181 1135 211 MAR'rlALts.
1482 176 1593 218 1465

154 266 279 303 tialem
308 266 535 316 castigatum
553 266 753 305 illustravit
782 281 841 306 an,
868 268 977 307 1602.
1023 270 1094 307 Sed
1124 278 1160 308 et
1183 271 1376 320 juventuti
1394 274 1586 311 consuluit

159 330 243 382 Th}
265 332 472 369 Farnabius
504 345 591 369 cum
621 333 722 370 notis
752 334 989 383 superiorum
1027 337 1286 385 excerpendis,
1307 344 1383 374 tum
1408 344 1514 376 textu
1545 353 1591 377 ex

156 395 251 432 Mss.
282 396 519 446 corrigendo.
576 398 838 448 Metaphrasiu
877 397 1192 449 epigrammatum
1230 402 1409 440 Graecam
1442 403 1591 453 scripsit

154 458 236 497 Jos.
253 461 437 512 Scaliger,
458 462 598 500 editam
619 463 776 513 primum
802 460 917 504 1607.

212 527 312 567 1566
349 526 588 564 Plautini-ana
609 537 636 564 1.
668 526 786 565 Junii.
807 527 927 563 Antv.
951 532 986 564 8.
1016 539 1061 563 ex
1094 527 1259 565 Plantini
1280 528 1444 575 officina,
1465 544 1512 568 ex
1534 545 1590 570 re·

154 592 331 629 censione
351 591 447 629 Adr.
481 591 596 635 Juuii,
615 591 680 641 qui
713 591 890 640 quaedam
924 590 1112 628 Martialis
1147 598 1260 629 antea
1289 592 1431 631 inedita
1456 608 1476 632 e
1512 597 1591 634 Ms.

155 655 300 693 Codice
318 655 486 706 vulgavit
507 655 575 693 lib.-
595 665 633 691 v.
651 654 903 692 animadvers.
928 667 1014 704 cap.
1041 659 1101 698 17.

208 718 308 762 1567
322 719 544 768 Grypliiaua
559 731 594 755 v.
615 724 675 756 12.
692 718 815 768 Lugd.
831 731 893 767 ap.
907 719 1049 755 Anton.
1062 718 1293 769 Gryphium.
1316 719 1371 757 M.
1388 721 1470 759 Val.
1485 723 1593 760 Mar-

154 782 255 820 tialis
290 783 565 833 epigrammata
592 782 679 820 libri
705 793 800 821 xlv.
825 796 871 819 ex
913 782 990 820 fide
1022 776 1366 822 vetustissimorum
1400 787 1592 836 exempla-

150 847 262 892 rium,
278 853 422 897 quauta
443 845 523 884 fieri
543 847 664 896 potuit
686 860 778 884 cura
797 846 1071 896 vigilantiaque
1090 860 1189 885 nunc
1209 861 1344 886 recens
1377 850 1589 889 emendati:

154 923 227 946 una
248 923 336 947 cum
357 910 671 948 annotationibus
690 910 836 960 aliquot
854 910 1017 948 virorum
1048 910 1250 949 doctorum
1270 925 1458 962 perquam
1487 914 1589 951 utili-

210 986 240 1010 s.

153 974 206 1010 bu
241 1031 323 1064 158
353 1026 600 1064 Plantiniana
636 1036 686 1063 11.
718 1026 888 1077 Augerii,
921 1028 1037 1065 Antv.
1070 1033 1105 1066 8.
1140 1040 1202 1077 ap.
1247 1029 1410 1067 Plautin.
1445 1032 1503 1068 M.
1539 1032 1589 1069 V.

149 1089 334 1126 Martialis
354 1089 626 1139 epigrammata
646 1091 694 1127 ab
714 1091 818 1127 omni
837 1104 961 1128 rerum
975 1092 1228 1130 obscoenitate
1250 1092 1452 1138 vindicata,
1473 1107 1589 1144 opera

152 1152 346 1190 Edmundi
366 1154 522 1203 Augerii
542 1155 746 1203 (Jesuitae).

201 1237 253 1243 -—
272 1217 531 1262 plantiniana,
566 1221 697 1254 nescio
717 1230 765 1254 an
802 1217 938 1254 eadem
960 1231 1047 1255 cum
1072 1219 1191 1268 priori
1212 1221 1329 1257 Antv.
1352 1225 1387 1258 8.
1422 1221 1477 1257 Μ.
1499 1220 1583 1257 Val.

146 1278 332 1317 Martialis
346 1280 650 1330 epigrammaton
668 1281 752 1318 libri
775 1292 859 1318 xtl.
880 1281 1092 1319 Xeniorum
1111 1282 1178 1319 lib.
1199 1292 1228 1318 1.
1250 1283 1589 1333 Apophoretorum

144 1344 210 1381 lib.
235 1356 264 1383 1.
282 1358 345 1396 ap.
368 1345 530 1383 Plautio.
580 1346 634 1382 Ex
657 1345 781 1382 Catal.
805 1345 903 1382 Bibl.
925 1345 965 1383 S.
984 1346 1022 1383 J.
1045 1346 1186 1382 Lovan.

204 1414 303 1452 1570
324 1408 499 1457 Dilingae.
523 1415 559 1446 8.

201 1477 300 1517 1579
317 1472 556 1510 Plautiniana
593 1481 664 1510 111.
700 1474 816 1509 Antv.
844 1477 904 1510 12.
927 1486 972 1509 ex
1006 1472 1226 1509 recensione
1261 1472 1356 1510 Adr.
1388 1473 1507 1519 Junii‚
1539 1488 1585 1512 ex

143 1535 242 1574 offic.
259 1536 422 1574 Plantin.
441 1548 553 1586 quam
574 1536 636 1573 ed.
658 1534 744 1572 dein
764 1536 845 1573 Jos.
862 1535 1026 1583 Laugius
1043 1535 1079 1572 in
1101 1536 1226 1573 indice
1240 1538 1507 1586 componendo
1525 1552 1585 1576 se-

143 1606 256 1636 cutus
276 1605 347 1636 est.
389 1599 542 1636 Collata
556 1611 712 1649 quoque
729 1611 816 1635 cum
836 1598 970 1648 insigni
992 1599 1068 1635 Ms.
1089 1605 1228 1636 etcum
1250 1600 1388 1638 Aldina
1407 1611 1436 1638 1.
1454 1599 1526 1638 fuit
1547 1601 1583 1638 in

144 1663 246 1701 Bibl.
268 1662 506 1700 Fabriciana.

201 1731 300 1765 1584
320 1726 546 1776 Gryphiana
567 1736 628 1764 vt.
664 1732 724 1764 12.
750 1739 838 1764 cum
870 1725 1024 1763 scholiis
1045 1726 1249 1773 variorum,
1272 1727 1442 1777 inprimis
1463 1727 1584 1765 Hadr.

140 1790 259 1828 Junii.
310 1790 435 1839 Lugd.
456 1802 520 1839 ap.
542 1791 686 1828 Anton.
706 1789 938 1840 Gryphium.

192 1876 244 1882 -
261 1854 377 1892 Paris.
396 1864 499 1891 v111.
516 1853 696 1899 Marcilii,
712 1860 748 1893 S.
764 1867 853 1891 cum
868 1853 1021 1890 Theod.
1036 1853 1203 1891 Marcilii
1215 1853 1327 1900 notis,
1341 1867 1437 1904 quas
1454 1860 1583 1892 autem

141 1924 251 1956 notas
284 1917 503 1967 perstringit
536 1917 708 1967 Scaliger
739 1917 863 1967 Epist.
886 1927 1018 1954 anl.
1039 1923 1079 1954 et
1112 1927 1235 1954 var.
1269 1917 1391 1963 Idem,
1425 1924 1583 1956 notante

139 1983 233 2020 Nic.
255 1982 423 2020 Antonio
436 1981 538 2019 Bibl.
557 1981 671 2033 Hisp.
686 1981 880 2018 Marcilius
899 1986 970 2026 est,
988 1981 1054 2031 qui
1073 1981 1145 2018 sub
1161 1981 1311 2019 Claudii
1326 1980 1582 2020 Musamberti

137 2045 288 2085 nomine
310 2045 601 2084 commonitoria
621 2045 669 2082 ad
690 2044 891 2082 Ramiresii
909 2045 1206 2094 quatuorlibros
1242 2045 1581 2095 hypomnematum

138 2110 175 2148 in
199 2110 415 2148 Martialem
446 2109 582 2156 edidit,
601 2123 687 2159 quae
713 2109 889 2147 viderunt
909 2109 1033 2146 lucem
1050 2109 1168 2146 Paris.
1194 2109 1308 2151 1607.
1331 2115 1367 2147 8.
1394 2108 1471 2147 Sed
1494 2108 1582 2146 Mu-

139 2175 355 2215 sambertus
373 2174 441 2211 iste
457 2174 642 2224 juvenem
662 2186 745 2211 esse
767 2185 806 2210 se
826 2172 963 2218 innuit,
983 2172 1179 2210 Marcilius
1197 2179 1322 2210 autem
1338 2172 1421 2222 jam
1444 2172 1517 2209 hoc
1538 2185 1574 2210 a.

140 2243 255 2277 1584.
277 2237 567 2275 commentarios
587 2237 625 2274 in
645 2236 857 2274 Martialem
878 2235 1064 2274 ediderat.

194 2305 292 2344 1587
314 2300 549 2338 plantiniana
571 2310 630 2337 ιν.
654 2303 840 2350 Autverp.
861 2306 900 2338 4.
920 2301 968 2349 (s.
986 2299 1108 2349 prima
1125 2298 1303 2349 repetita)
1322 2310 1438 2348 opera
1462 2298 1575 2337 Edm.

137 2363 303 2414 Augerii.

193 2432 291 2466 1588
314 2426 448 2464 colon.
472 2431 508 2464 8.
529 2425 586 2464 Μ.
605 2427 688 2464 Val.
704 2426 890 2465 Martialis
905 2425 1182 2477 epigrammata
1200 2425 1250 2462 ab
1269 2426 1371 2465 omni
1385 2424 1575 2466 obscoeni-

136 2497 213 2529 tate
234 2490 424 2528 vindicata
445 2502 512 2539 per
540 2489 660 2528 Andr.
684 2490 857 2528 Frusium
876 2503 884 2527 ε
915 2503 959 2527 ex
981 2488 1102 2526 Catal.
1124 2488 1240 2525 Zech.
1261 2501 1302 2538 p.
1322 2487 1387 2526 60.

191 2558 290 2600 1593
326 2553 564 2591 plantiniana
594 2563 635 2589 v.
670 2553 731 2592 16.
766 2555 824 2591 M.
855 2552 939 2590 val.
976 2552 1165 2589 Martialis
1195 2552 1316 2601 epigr.
1349 2551 1448 2588 libb.
1480 2560 1566 2587 ΧΠ.

134 2617 343 2656 Xeniorum
374 2615 471 2653 liber
494 2625 522 2653 1.
543 2622 582 2653 et
613 2616 952 2666 Apophoretorum
984 2615 1081 2653 liber
1102 2625 1132 2653 1.
1155 2614 1279 2666 Lugd.
1312 2615 1396 2653 Bat.
1431 2626 1477 2651 ex
1497 2612 1566 2650 off.

134 2680 261 2719 Plant.
281 2694 327 2718 ex
347 2680 431 2718 Cat.
448 2679 547 2719 Bibl.
569 2679 766 2729 Ludewig.
784 2692 808 2716 n
852 2684 990 2718 12842.
