1866 3131
398 194 444 222 M.
481 194 589 223 vm..

147 291 200 318 ⁶26.
219 292 254 318 et
270 288 332 319 linc
350 288 614 325 rescribendum,
630 288 689 319 sed
714 298 777 318 non
796 288 843 319 vi-

146 338 210 368 deo
227 348 286 369 cur
301 347 365 368 nou
383 344 419 368 et
436 338 520 368 illud
548 337 673 369 Nervae
696 339 844 369 ascriba-

148 393 214 426 tur,
232 392 268 418 ut
284 398 345 419 suo
362 389 447 419 loco.

202 440 304 470 Eme.
323 448 356 470 v.
393 443 408 469 l
428 439 562 477 Longior
586 439 749 478 undecimi,
777 438 846 478 55⁴²]

146 490 318 529 Decimus,
347 489 614 530 undecnnusque
646 490 732 520 liber
762 490 845 530 Epi-

145 550 251 580 gram.
280 550 300 571 a
325 550 379 571 me
406 540 579 571 emendati
606 541 844 581 contractique

144 596 236 622 suut.

185 644 205 672 2
241 641 332 672 Rasit
361 641 448 682 opus]
486 641 697 681 Castigando
728 641 842 673 erasit.

143 692 250 724 Aldus
266 693 350 733 legit
364 694 454 731 rusie,
469 693 502 723 id
521 698 587 730 est,
603 693 724 723 evasit.

186 745 204 773 3
231 744 307 773 Otia
317 747 386 774 tuta
396 743 523 783 dedisti]
538 744 645 774 Nemo
662 744 765 782 enim,
784 744 843 773 im-

141 798 284 833 perante
318 798 464 835 tyranno
499 795 712 833 Domitiano,
749 799 842 825 tutus

144 848 230 874 erat.

194 895 299 925 Eme.
330 904 380 925 vr.
427 896 544 931 Roma,
581 895 704 935 inquit,
736 900 842 935 caput

141 945 269 983 mundi,
285 955 386 986 quum
402 946 536 986 Trajaui
552 945 775 986 Imperatoris
792 945 842 976 fu-

140 1000 248 1033 turos,
272 1006 395 1037 eosque
413 997 573 1036 plurimos
591 1006 694 1026 anuos
709 998 842 1027 evolve·

140 1050 206 1085 ret,
230 1047 328 1085 dixit,
353 1057 469 1078 omnes
494 1047 670 1078 bellicosos
697 1048 840 1088 populos

139 1097 302 1128 virtutem
334 1097 558 1137 Imperatoris
588 1097 841 1137 formidaturos,

139 1148 279 1189 ejusque
294 1148 394 1178 armis
412 1157 574 1179 cessuros,

181 1202 201 1229 2
238 1199 316 1230 Toto
341 1209 432 1237 nanc,
462 1197 530 1237 ὄπι]
565 1197 688 1228 Libere
717 1207 840 1228 vacare

138 1250 260 1288 Musis,
293 1250 355 1280 sub
389 1246 604 1289 Imperatore
635 1249 692 1289 qui
729 1249 838 1279 Musis

139 1300 325 1341 Poetisque
343 1299 448 1331 favet.

181 1354 198 1381 5
218 1350 286 1381 Hoc
300 1351 416 1391 populi,
432 1350 499 1390 ἕςα]
525 1350 625 1382 Quod
642 1351 746 1383 habet
764 1361 837 1383 ver-

138 1410 194 1430 sus
208 1400 400 1440 insequens,
418 1400 498 1430 Dux
514 1399 584 1437 tibi,
597 1401 650 1438 &a

180 1453 199 1480 7
235 1451 342 1481 Illacte
371 1450 478 1487 animi,
504 1449 574 1489 ἐξα]
608 1449 836 1481 Dividendum

137 1500 199 1530 hoc
229 1500 448 1540 Epigramma
472 1499 507 1529 in
536 1499 601 1529 duo
629 1499 670 1529 ad
698 1500 837 1531 ‘Macte

136 1550 254 1580 animi‘
272 1551 342 1581 vult
354 1550 431 1582 Jan.
449 1551 607 1589 Rutgers.
634 1549 743 1589 Magis
761 1560 838 1581 auc-

138 1606 192 1630 tus
210 1601 254 1630 sis
270 1601 391 1639 animo,
413 1601 546 1640 qualem
575 1599 673 1638 pauci
699 1600 835 1630 liabent.

140 1651 310 1681 Hortandi
349 1650 494 1681 formula
531 1660 566 1680 re
602 1651 688 1680 bene
727 1656 838 1691 gesta,

138 1707 273 1742 sumpta
290 1712 308 1731 a
325 1702 444 1732 sacris.
488 1701 633 1734 Quoties
658 1700 744 1731 enini
770 1701 836 1732 vic-

138 1753 229 1782 timat
259 1751 501 1782 infundebatur
527 1752 602 1782 tllus
628 1757 687 1782 aut
712 1751 837 1788 vinum,

137 1802 310 1840 dicebant,
338 1803 346 1819 ‘
365 1803 502 1833 Mactus
530 1807 581 1832 est
611 1801 751 1838 taurus‚’
775 1803 837 1833 hoc

137 1858 203 1891 est,
217 1853 388 1883 cumulata
401 1857 453 1883 est
468 1851 578 1882 hostia
590 1856 623 1882 et
639 1852 745 1892 magis
758 1861 836 1883 auc-

137 1907 182 1933 ta.
216 1902 337 1933 Isidor.
355 1902 413 1933 lib.
431 1905 480 1933 10.
499 1912 574 1942 cap.
593 1905 642 1932 10.

178 1955 198 1983 8
229 1953 313 1987 Quos
339 1952 459 1992 Numa]
494 1951 611 1992 Epigr.
636 1955 668 1982 6.
697 1952 756 1984 lib.
786 1955 836 1985 ll.

135 2012 235 2033 versu
249 2005 281 2033 4.
329 2002 414 2037 Quos
428 2001 550 2039 hilaris,
566 2001 634 2041 ἔξω]
658 2002 751 2035 Quos
767 2012 836 2033 mo-

135 2062 188 2083 res
213 2057 331 2092 posset
359 2052 482 2083 habere
512 2052 621 2090 Cato;
654 2052 718 2083 nisi
745 2053 835 2094 quod

134 2104 240 2144 magis
280 2104 421 2134 tetricus
457 2102 523 2134 fuit
559 2113 659 2143 quam
695 2103 834 2135 Nerva:

135 2163 239 2194 supra
261 2155 270 2170 ‘
288 2155 406 2184 hilaris
422 2153 639 2184 clementiae!

178 2207 197 2235 9
213 2205 343 2242 Breues,
357 2204 426 2244 Syia]
448 2205 581 2236 Civium
598 2209 836 2245 paupertatem

137 2254 256 2294 opibus
272 2255 461 2285 sublevare.

172 2307 208 2334 11
230 2305 496 2345 Nunc...sed,35c.]
515 2304 585 2335 Sub
598 2304 750 2345 principe
767 2309 834 2335 tam

135 2354 204 2394 pio,
221 2355 391 2392 clementi,
409 2365 522 2396 aequo:
542 2355 833 2396 quandoquidem:

134 2405 187 2435 Tu
204 2405 278 2445 ipse
295 2415 313 2435 0
330 2405 447 2436 Nerva
463 2405 524 2436 sub
544 2407 680 2437 Nerone
698 2412 733 2438 et
751 2412 834 2438 tem—

136 2455 274 2495 poribus
290 2456 354 2486 illis
371 2456 467 2486 malis
483 2465 548 2486 non
565 2456 744 2488 dubitabas
758 2467 832 2489 esse

136 2506 254 2536 bonus.

180 2556 282 2586 Eme.
296 2565 359 2586 vn.
385 2559 400 2586 1
417 2555 498 2590 Quot
509 2556 595 2594 gerit
608 2557 748 2598 capillus]
772 2558 834 2589 Est

134 2607 249 2647 itaque
266 2606 389 2646 tripilis
406 2616 464 2636 seu
479 2606 600 2638 trifilis.
646 2608 832 2648 Epigr.74.

136 2656 195 2688 lib.
211 2660 243 2686 6.
258 2666 346 2686 vers.
362 2659 393 2687 2.

177 2710 197 2737 2
224 2707 345 2747 Trima]
366 2707 535 2738 Triennis.

180 2759 281 2790 Eme.
294 2768 376 2791 vm.
393 2762 412 2790 2
429 2759 517 2790 Nihil
532 2760 707 2800 secundum]
724 2760 787 2790 Vel
805 2760 831 2791 si

627 195 689 223 MA
703 193 898 223 R'rlAhls·
934 194 1094 224 nrlGR.
1130 196 1223 224 Llss.

1261 195 1286 223 x
1299 195 1348 223 11.
1485 186 1597 226 1405

893 288 988 329 quid,
1018 288 1120 328 longo
1151 294 1248 320 certe
1270 289 1460 329 intervallo,
1484 291 1595 330 proxi-

895 348 999 369 mum.

937 391 958 419 6
982 388 1021 419 In
1037 391 1123 418 tanto
1145 390 1233 427 duce,
1253 389 1322 429 δῖα]
1347 390 1356 406 ‘
1371 390 1428 420 Sic
1446 390 1598 429 Impera-

896 443 1016 475 torem,
1037 439 1370 480 commilitonemque
1394 440 1598 478 miscueras,'

894 492 956 521 ἃς.
981 490 1070 521 ΡΙίη.
1098 491 1130 520 in
1157 491 1368 531 Panegyrico
1385 492 1523 531 Trajan.
1547 492 1596 522 ila

895 540 1025 571 locutus
1038 545 1090 572 est
1104 541 1146 572 de
1162 541 1296 572 Caesare
1305 543 1408 582 Sylla,
1422 542 1594 574 referente

895 591 1033 622 Sueton.
1053 601 1128 631 cap.
1147 594 1177 622 1.
1201 592 1209 607 ‘
1225 592 1351 622 Caesari
1374 593 1498 624 multos
1519 593 1595 624 Ma-

894 641 960 671 rios
975 641 1110 672 iuesse.’

936 694 954 721 7
980 692 1076 722 Dixit
1102 692 1244 732 wwside,
1271 693 1339 733 ἐξα]
1371 692 1439 723 Vos
1467 693 1594 734 (inquit

895 742 1015 783 Roma)
1034 744 1176 774 nominis
1192 744 1335 775 Romani
1349 744 1475 782 nostes,
1490 745 1596 775 nolite

894 795 1035 825 ulterius
1052 796 1271 835 insolescere,
1291 796 1365 836 jam
1388 796 1479 826 enim
1502 797 1594 827 nacti

893 855 1004 876 sumus
1038 855 1154 877 verum
1190 847 1361 877 Caesarem
1395 846 1592 886 injuriarum

892 901 1083 927 vestrarum
1100 894 1253 927 futurum
1271 897 1459 928 vindicem:
1479 898 1594 928 venite

892 946 994 986 igitur
1009 956 1126 986 pacem
1142 952 1291 978 orantes.

935 997 1037 1028 Eme.
1052 1006 1104 1028 lx.
1131 997 1331 1037 Hispaniam
1348 1002 1506 1038 pacatam
1520 998 1594 1029 Cae-

893 1048 975 1078 saris
990 1049 1109 1079 virtuti
1126 1054 1161 1079 et
1175 1048 1324 1079 moribus
1340 1048 1518 1080 adscribit.

937 1101 952 1128 l
978 1099 1089 1129 Palma
1106 1099 1188 1138 regit
1203 1102 1333 1136 nostros,
1346 1098 1416 1138 ἐγὼ]
1449 1099 1492 1130 Λ.
1511 1100 1592 1131 Cor-

892 1148 998 1179 nelius
1016 1149 1134 1179 Palma
1150 1149 1200 1179 vir
1215 1149 1419 1189 Consularis,
1442 1149 1594 1190 illustris,

891 1203 926 1228 et
955 1199 1102 1238 Trajano
1140 1199 1364 1238 gratissimus,
1397 1200 1468 1240 qui,
1504 1205 1592 1232 teste

891 1248 1015 1287 Dione,
1032 1247 1168 1288 praefuit
1186 1249 1300 1289 Syriae.
1345 1250 1441 1280 Idem
1455 1250 1593 1291 (credo)

883 1297 956 1338 jam
989 1298 1244 1338 praeficiebaun·
1274 1299 1451 1340 Hispaniae
1470 1312 1477 1330 :
1514 1311 1601 1332 nam.

888 1349 975 1390 quod
994 1350 1035 1380 de
1061 1351 1184 1390 palma,
1208 1350 1358 1391 symbolo
1374 1351 1537 1382 Victoriae
1555 1356 1591 1383 et

887 1400 1053 1438 Justitiae‚
1065 1410 1139 1441 qnae
1155 1405 1297 1440 propter
1309 1401 1445 1441 Trajani
1461 1401 1504 1432 de
1522 1402 1591 1433 Da-

890 1450 938 1480 cis
962 1455 997 1480 et
1018 1450 1155 1490 Scythis
1174 1451 1379 1491 triumphum
1397 1452 1429 1481 in
1447 1453 1591 1484 nummis

889 1501 1029 1540 Trajani
1045 1505 1096 1531 est
1113 1511 1284 1541 expressa,
1308 1511 1374 1532 non
1400 1512 1590 1544 usquequa-

889 1561 954 1592 que
970 1552 1142 1582 convenit.

932 1604 951 1630 2
975 1601 1161 1641 Peregrina]
1186 1602 1294 1632 Extra
1310 1601 1445 1632 Italiam
1462 1602 1496 1633 in
1512 1603 1588 1634 Cel-

891 1652 1023 1683 tiberia.

931 1706 951 1733 4
976 1704 1097 1734 Misisti
1116 1714 1213 1734 mores
1234 1704 1267 1733 in
1292 1704 1356 1734 loca
1377 1704 1499 1744 nostra]
1522 1705 1588 1736 Ubi

889 1753 1030 1783 ridicule
1068 1754 1218 1783 nonnulli
1256 1764 1297 1783 cx
1325 1754 1589 1794 interpretibus,

888 1803 896 1818 ‘
914 1802 1048 1842 mores‚’
1073 1803 1106 1833 id
1123 1809 1186 1838 est,
1205 1802 1417 1843 praefectum,
1430 1806 1587 1836 aemulum

890 1857 1023 1883 tuorum
1053 1863 1195 1883 morum.
1247 1853 1313 1884 Sed
1342 1855 1506 1894 peculiari
1537 1866 1587 1886 ra-

890 1903 981 1933 tione
1003 1904 1152 1935 ‘mores’
1178 1905 1210 1934 iu
1240 1904 1436 1936 Domitiano
1463 1907 1586 1946 praedi-

888 1958 955 1992 cat,
971 1954 1027 1994 qui
1047 1955 1055 1970 ‘
1069 1964 1196 1985 morum
1213 1955 1461 1987 correctionem
1473 1966 1586 1988 snsce-

888 2003 963 2044 pit‚'
980 2008 1017 2035 nt
1034 2005 1183 2045 loquitur
1197 2005 1337 2036 Sueton.
1353 2016 1428 2046 cap.
1445 2010 1476 2038 S.
1501 2008 1587 2039 Ceu-

887 2065 1008 2095 sorqne
1025 2054 1102 2093 fuit,
1126 2061 1227 2096 prout
1252 2067 1272 2088 a
1294 2058 1446 2089 Martiali
1462 2060 1586 2090 saluta-

887 2109 951 2136 tur.
980 2106 1116 2136 Gronov.

931 2156 1038 2186 Epio.
1052 2165 1088 2186 x.
1105 2155 1260 2188 Africani
1272 2157 1445 2189 avaritiam
1460 2159 1584 2198 carpit.

929 2209 948 2237 2
968 2206 1056 2236 Satis
1065 2206 1157 2246 nulli]
1169 2209 1178 2224 ‘
1193 2207 1327 2238 Crescit
1340 2218 1433 2238 amor
1445 2210 1584 2248 nummi,

887 2261 1048 2297 quantum
1065 2257 1136 2296 ipsa
1153 2257 1296 2296 pecunia
1310 2257 1456 2288 crescit.’

931 2306 1037 2337 Eme.
1060 2315 1110 2337 xl.
1144 2309 1160 2336 l
1199 2307 1368 2337 Parthenio
1396 2307 1446 2337 (lic
1475 2308 1584 2347 Musa]

886 2357 975 2387 Vide
992 2357 1164 2396 Epigram.
1190 2359 1218 2386 l.
1238 2356 1294 2386 lib.
1314 2359 1364 2386 ll.
1381 2366 1467 2388 vers,
1485 2359 1583 2397 &ju-

885 2408 1012 2439 dicium
1029 2408 1070 2437 ‹lc
1087 2407 1147 2438 lioc
1164 2407 1281 2447 Epigr.
1293 2407 1335 2437 ad
1350 2407 1582 2439 Parthenium.

889 2459 966 2497 Tuo,
979 2458 1047 2498 ἔξω]
1072 2458 1164 2488 Dict.
1182 2458 1299 2498 Epigr.
1319 2460 1347 2489 1.
1363 2458 1420 2490 lib.
1432 2461 1483 2490 ll.
1496 2469 1584 2490 νει-3.

885 2512 914 2539 6.

927 2561 946 2589 3
971 2557 1137 2598 Pimploeo]
1174 2558 1347 2597 Epigram.
1379 2561 1409 2589 4.
1439 2558 1498 2588 lib.
1529 2561 1581 2590 ll.

886 2619 973 2640 vers.
1003 2612 1032 2639 l.
1069 2609 1153 2648 Lyra
1177 2609 1301 2647 clarior,
1323 2608 1389 2648 3513]
1414 2608 1517 2640 Forte
1545 2614 1580 2640 et

886 2659 1020 2699 Lyricis
1038 2659 1183 2688 vacabat
1199 2658 1416 2690 Parthenius.

926 2713 946 2740 4
972 2709 1076 2739 Pierio
1093 2712 1128 2739 sie
1138 2709 1248 2748 grege]
1275 2710 1302 2739 Ε
1320 2709 1447 2740 Poetis.

926 2763 946 2789 Γ)
974 2760 1086 2790 Tradat
1106 2763 1135 2790 ut
1154 2760 1229 2799 ipse,
1242 2759 1312 2799 2312]
1337 2760 1486 2792 Eandem
1510 2770 1583 2801 poa·
