1866 3131
421 203 466 231 u.
500 202 610 232 VAL.
646 201 919 232 MARTIALIS
956 203 1113 234 EPlGR.
1150 205 1242 235 LlB.
1278 207 1347 235 111.

158 300 244 326 trem
272 304 405 326 movere
431 296 555 335 solent,
575 296 699 336 §sepius
730 299 856 326 utatur.

160 346 252 377 Ram.
278 346 406 386 Mali-is]
433 347 517 378 Quae
540 351 690 377 ventrem
708 347 856 380 solvunt,

159 395 248 425 unde
266 402 298 426 et
315 406 435 427 nomen
449 406 468 426 a
482 395 646 435 μαλάσσω,
659 395 721 426 nisi
738 395 856 426 fortea

160 434 258 476 rlt¹772
275 449 379 480 herba
395 449 572 489 sylvestri3
590 449 665 479 vide
682 449 856 489 epigrAS.

159 499 218 529 lib.
236 503 286 530 10.

203 554 222 581 2
250 550 467 588 Νηηιίαεὶεηι,
480 550 548 590 δῖα]
565 552 750 582 Detortnm
767 549 856 581 forte

160 602 274 632 hocin
291 602 548 642 Vespasianum,
578 602 633 642 qui
662 606 737 632 erat
761 602 856 631 vultu

159 653 255 683 velut
270 644 419 683 nitentis.
442 652 568 683 Sueten
585 653 606 683 l.
622 655 650 683 8.
667 655 720 683 20.

205 703 308 733 Epic..
326 711 385 733 xc.
416 705 431 733 l
462 702 547 741 Vult,
568 702 638 743 asma]
662 704 670 720 ‘
691 701 786 733 Vult'
801 703 856 732 ha-

160 753 218 784 bet
258 753 450 784 obscoenam
486 753 783 793 significationem,
821 759 859 784 ut

159 806 167 820 ‘
185 802 331 844 possum’
349 813 404 844 ep.
421 806 474 834 32.
499 809 535 834 et
561 807 614 835 75.
635 814 748 844 supra.
794 805 859 835 Vel

159 855 233 885 vult
256 854 338 885 dare
367 854 416 885 sui
441 855 585 895 copiam,
611 855 670 885 sed
696 864 762 885 non
791 855 861 885 vult

162 904 242 934 dare
271 904 476 943 mercedem,
503 914 579 934 cum
608 903 767 935 deformis
795 914 860 934 non

161 961 332 987 mereatur
345 957 467 997 gratis:
487 957 561 987 vide
576 966 628 996 ep.
642 959 694 987 74.
709 957 729 987 l.
741 960 772 988 7.
784 956 861 987 vide

161 1007 263 1037 etiam
289 1016 329 1037 au
346 1007 409 1038 hoc
427 1017 468 1037 ex
486 1007 714 1038 inconstantia
737 1007 860 1045 Gallae,

162 1062 200 1087 nt
216 1056 325 1096 epigr.
340 1059 393 1088 25.
412 1057 432 1087 1.
448 1060 480 1089 2.
511 1057 665 1088 Adverte
682 1062 716 1088 et
733 1058 861 1098 Polyp-

162 1110 226 1137 tot.
241 1105 298 1135 τοῦ
312 1106 320 1122 ‘
336 1105 439 1137 velit.'

209 1157 403 1188 Epic..xc1.
432 1160 445 1187 l
480 1158 637 1197 Illicitius]
664 1157 861 1198 Legendum

165 1213 249 1247 puto
278 1207 451 1238 missicius:
489 1217 553 1238 nec
592 1209 765 1249 proprium
804 1207 863 1239 sed

164 1268 339 1289 commune
355 1257 557 1290 vocabulum
585 1264 647 1291 est.
692 1259 864 1298 Missicius,

165 1309 223 1350 qui
250 1313 490 1340 exauctoratus
517 1314 582 1348 est,
598 1310 655 1350 qui
671 1310 864 1340 missionem

165 1361 313 1401 accepit.
357 1361 500 1392 Sueton.
523 1363 684 1394 Nerone:
708 1364 717 1380 ‘
732 1363 867 1403 agnitus

166 1416 219 1443 est
246 1420 266 1442 a
290 1411 436 1453 quodam
459 1412 603 1443 missicio
630 1413 867 1453 praetorian0.'

166 1462 227 1493 Uti
244 1462 347 1493 etiam
373 1463 459 1493 male
480 1462 750 1503 intelligebatur,
773 1468 866 1493 ante-

167 1523 266 1554 quam
278 1513 460 1544 Salmasius
472 1514 670 1554 explicaret.
682 1515 868 1546 Gronovius.

211 1568 230 1595 2
254 1563 403 1595 Semiviro
436 1565 575 1604 Cybeles,
603 1565 673 1604 ᾅτ.]
707 1566 867 1595 Facetam

168 1614 323 1645 continet
334 1614 397 1645 hoc
410 1615 617 1654 epigramma
629 1615 869 1654 narrationem,

169 1666 212 1696 de
229 1675 310 1696 sene
327 1665 468 1703 mismo,
490 1666 545 1706 qui
562 1675 676 1696 errore
692 1666 836 1706 quodam
850 1677 869 1697 a

171 1716 318 1757 Cybeles
347 1716 581 1747 sacerdotibus
612 1722 769 1747 exsectus
807 1722 870 1757 est,

171 1768 250 1798 dum
282 1771 404 1807 putant
430 1776 466 1797 se
494 1766 661 1797 Achillam
687 1767 868 1798 formosum

173 1827 328 1857 puerum,
350 1817 408 1858 qui
433 1826 498 1847 una
525 1826 599 1847 cum
626 1827 706 1848 sene
730 1818 871 1857 jacebat

172 1869 206 1899 in
232 1869 332 1907 lecto,
349 1867 559 1898 exscindere.
588 1868 789 1899 Ramiresius.
815 1867 870 1899 Se-

171 1918 297 1958 miviro]
320 1917 560 1950 Sacerdotibus
590 1918 734 1960 Cybeles
764 1919 871 1949 evira-

174 1969 228 2007 tis‘,
243 1968 365 2000 Gallis.

216 2023 234 2050 3
262 2019 429 2059 Fugitivus
456 2018 610 2059 Achillas]
642 2020 709 2052 Qui
739 2019 873 2061 fugerat

174 2080 193 2101 a
209 2070 354 2101 domino.

216 2125 234 2151 5
269 2120 413 2160 Sterz'les,
444 2119 514 2160 εγω]
548 2120 640 2152 Galli
678 2120 874 2152 sacerdotes

175 2171 325 2202 castrati.

218 2225 238 2252 6
262 2222 372 2262 Dolos]
394 2220 552 2252 Voluisse
582 2221 656 2252 illos
682 2221 791 2262 ipsum
818 2232 874 2253 ex-

178 2282 308 2303 secare.

219 2326 238 2354 7
263 2323 434 2362 Mentitur,
463 2321 531 2362 8ςσ.]
559 2323 658 2355 Dicit
687 2333 722 2354 se
751 2324 783 2355 in
810 2324 876 2356 alia

178 2378 276 2414 parte
289 2372 370 2404 lecti
387 2383 564 2414 quamquo
580 2373 784 2414 dormiebat,
799 2375 877 2406 dor-

178 2425 352 2462 miturum,
368 2423 401 2453 in
419 2423 558 2463 spondae
573 2424 706 2456 scilicet
724 2430 834 2465 parte.

221 2480 240 2506 8
277 2475 406 2506 Ferrum
431 2474 526 2505 ‘noxia
557 2475 648 2506 turba
677 2475 773 2516 rapit]
811 2476 879 2506 Per

177 2525 423 2568 Synecdochen
454 2534 516 2564 pro
545 2524 657 2556 Samia
687 2530 788 2566 testa,
813 2536 880 2567 qua

179 2577 403 2609 evirabantur
428 2575 532 2606 Galli.
577 2576 688 2617 Supra
703 2578 812 2618 epigr.
829 2581 881 2609 80.

178 2638 266 2660 vers,
284 2631 315 2658 4.

220 2681 240 2708 9
262 2677 407 2717 Spondae,
429 2676 499 2716 ἄγα]
532 2677 609 2709 Qua
639 2677 775 2709 dixerat
798 2688 882 2718 puer

184 2739 221 2760 se
239 2728 444 2759 cubiturum.

226 2781 265 2810 10
290 2778 404 2809 Pluteo
420 2777 554 2819 vindice,
568 2777 637 2817 fisa]
662 2777 715 2810 Ab
731 2788 770 2809 ea
786 2782 884 2819 parte

1492 196 1605 237 1189

904 296 984 327 lecti
1000 306 1066 338 qua
1082 305 1156 329 erat
1172 300 1322 339 pluteus.
1364 299 1507 331 Pluteus
1520 301 1601 341 quid

905 346 948 376 sit
973 357 1014 377 ex
1039 348 1204 379 Sahnasio
1229 350 1408 380 discimus:
1436 350 1492 392 qui
1509 350 1604 390 dicit,

905 397 993 437 quod
1008 398 1063 428 illa
1081 405 1177 438 parte
1194 400 1273 430 lecti
1290 401 1343 431 cui
1361 405 1464 441 caput
1478 401 1604 432 incum—

905 447 1021 486 bebat,
1051 454 1086 478 et
1116 459 1182 489 qua
1213 450 1368 489 pulvinus
1401 450 1607 491 ponebatur,

905 499 1108 530 eminentem
1119 500 1269 539 pluteum
1282 510 1323 531 ex
1338 502 1505 532 asseribus
1518 511 1609 532 com-

906 554 1056 588 pactum,
1071 550 1155 589 erigi
1171 551 1318 590 solitum,
1339 552 1427 592 quod
1445 552 1609 583 ἀνάκλιτον

907 604 941 629 et
957 599 1188 640 ἀνακλιντὴριυν
1214 601 1393 633 vocabant.
1440 603 1487 633 Hi
1503 604 1608 634 etiam

907 649 1014 688 plutei
1043 651 1075 680 iu
1103 651 1274 682 hodiernis
1302 651 1398 682 lectis
1424 652 1466 683 ad
1503 658 1610 693 caput

907 698 977 729 fieri
1008 700 1129 732 solent.
1176 701 1359 732 Cathedrae
1391 702 1547 734 similiter
1573 708 1609 734 et

907 750 1037 791 sedilia,
1073 751 1194 792 quibus
1234 751 1405 783 adduntur
1443 752 1611 793 ejusmodi

910 801 1018 839 plwei
1061 802 1256 833 reclinando
1291 801 1442 833 ἂνάκλιτα
1476 803 1610 834 Graecis

910 850 1068 882 dicuntur
1081 865 1087 882 ;
1103 853 1202 884 hodie
1214 854 1368 885 dvssualia
1379 854 1610 893 veldessuaria,

910 902 997 941 quod
1011 902 1053 932 ad
1070 912 1108 934 ea
1125 903 1259 934 dorsum
1276 905 1484 946 applicemus
1501 911 1536 936 et
1553 904 1611 935 ad-

911 952 1085 984 clinemus.
1133 954 1209 984 Duo
1245 955 1327 985 lecti
1362 960 1462 986 erant
1492 956 1613 993 latera,

909 1004 1032 1042 spomlae
1050 1004 1196 1043 Latinis,
1210 1004 1345 1042 ἐνήλατα
1357 1006 1504 1037 Graecis.
1540 1006 1611 1037 Ha-

912 1062 985 1083 rum
1011 1054 1119 1085 altera
1144 1055 1305 1095 interior3
1329 1057 1440 1087 altera
1463 1057 1613 1088 exterior

913 1104 1023 1135 dicta:
1050 1106 1193 1136 interior
1228 1116 1301 1147 quae
1334 1107 1473 1147 propius
1504 1108 1613 1147 parie-

912 1160 980 1185 tem
997 1161 1081 1195 erat,
1097 1159 1132 1186 et
1145 1165 1185 1186 ea
1201 1156 1362 1187 eminenti
1378 1157 1481 1188 etiam
1498 1157 1615 1197 pluteo

914 1205 1054 1244 munita,
1080 1205 1139 1236 sed
1162 1215 1226 1236 uon
1253 1211 1322 1237 tam
1348 1208 1417 1238 alto
1440 1217 1538 1249 qnam
1558 1208 1615 1239 ille

915 1256 971 1297 qui
1003 1256 1044 1287 ad
1078 1256 1160 1287 lecti
1192 1262 1307 1296 caput.
1366 1258 1458 1289 Hinc
1493 1260 1616 1299 pluteus

915 1307 1052 1348 proprie
1070 1307 1250 1338 dicebatur
1267 1308 1325 1338 illa
1347 1308 1491 1339 interior
1514 1319 1615 1349 spon·

917 1357 971 1388 da.
1004 1357 1151 1388 Isidorus
1167 1369 1174 1389 ε
1198 1358 1208 1375 ‘
1225 1358 1356 1398 sponda
1368 1359 1521 1390 exterior
1538 1369 1615 1400 pars

917 1409 1012 1446 lecti,
1038 1409 1175 1448 pluteus
1205 1414 1319 1440 autem
1344 1409 1509 1442 interior!
1556 1410 1613 1444 Sic

918 1460 1006 1490 enim
1031 1460 1137 1490 lectos
1162 1460 1195 1490 in
1222 1460 1378 1491 cubiculo
1402 1461 1618 1492 collocabant

920 1517 1064 1550 veteres,
1088 1516 1126 1542 ut
1150 1511 1274 1551 parieti
1301 1511 1439 1552 propius
1461 1511 1618 1543 admove-

918 1568 1048 1601 rentur,
1065 1568 1101 1592 ut
1118 1567 1155 1592 et
1170 1562 1287 1600 hodie3
1312 1561 1354 1592 ad
1380 1562 1533 1602 pluteum
1549 1572 1620 1593 mu·

919 1614 1018 1644 lieres
1035 1613 1218 1652 cubabant,
1241 1613 1304 1643 viri
1321 1617 1433 1643 autern
1457 1613 1489 1643 in
1504 1613 1619 1654 priore

920 1664 1063 1704 sponda,
1099 1674 1174 1704 quae
1213 1668 1248 1694 et
1280 1663 1444 1702 exterior,
1476 1671 1619 1703 quaeque

920 1714 1060 1745 carebat
1077 1714 1212 1753 plute03
1232 1713 1327 1753 pueri
1340 1722 1473 1754 quoque
1486 1712 1621 1749 cinaedi,

921 1775 997 1795 nam
1020 1771 1053 1795 et
1071 1765 1102 1794 hi
1119 1764 1295 1795 mulierum
1313 1763 1398 1802 loco,
1413 1763 1452 1793 ad
1469 1763 1621 1803 pluteum

921 1815 1092 1846 cubabant
1117 1820 1152 1845 et
1177 1815 1210 1845 in
1236 1818 1332 1854 parte
1357 1813 1423 1844 tori
1444 1813 1621 1844 interiore.

923 1866 1058 1897 Salmas.

968 1919 1005 1946 11
1036 1915 1164 1953 Virgine
1179 1914 1315 1954 cervam]
1349 1914 1539 1955 Iphigenia,
1565 1923 1622 1945 cu-

916 1968 974 2008 jus
992 1965 1204 1997 immolandae
1223 1966 1309 2003 loco,
1335 1965 1461 2004 Diana,
1476 1965 1546 2005 ejus
1563 1964 1623 1994 mi·

924 2023 1028 2057 serta,
1044 2027 1179 2048 cervam
1197 2015 1387 2047 substituit.

970 2071 1006 2099 12
1033 2070 1131 2098 (ferro
1155 2068 1300 2103 mentula,
1323 2065 1390 2106 ise]
1423 2066 1627 2106 Opponatur

923 2120 967 2157 τῷ
990 2118 1201 2159 praecedenti
1225 2126 1354 2148 certam.
1399 2118 1407 2134 ‘
1424 2115 1544 2147 Cervi'
1570 2125 1628 2146 au·

925 2175 994 2202 tem
1023 2169 1107 2200 dicti
1134 2169 1224 2199 servi
1250 2178 1394 2208 nequam
1419 2172 1454 2197 et
1481 2165 1630 2206 fugitivi,

926 2221 1034 2262 qualis
1058 2219 1128 2250 fuit
1152 2219 1206 2249 hic
1229 2218 1392 2249 Achillas.
1436 2216 1523 2248 Vide
1550 2217 1628 2248 Pet.

927 2271 1092 2303 Crinitum
1111 2270 1132 2300 l.
1152 2272 1202 2300 19.
1224 2268 1267 2300 de
1292 2269 1422 2299 honest.
1444 2265 1580 2307 discipl.
1598 2276 1629 2298 c.

926 2327 957 2355 8.
972 2328 1007 2353 et
1024 2321 1110 2352 Lud.
1127 2321 1269 2352 Caelium
1286 2321 1307 2350 l.
1323 2323 1374 2350 13.
1391 2329 1419 2349 c.
1434 2321 1484 2349 15.

971 2375 1076 2404 Eme.
1100 2380 1204 2402 xcm.
1245 2374 1261 2401 1
1294 2370 1372 2400 Cum
1400 2369 1457 2399 tibi
1488 2369 1629 2408 trecenti,

927 2424 996 2464 ἔγω]
1043 2424 1106 2454 Est
1137 2420 1310 2451 invectiva
1347 2420 1381 2450 in
1412 2419 1630 2450 Vetustillam

928 2474 1109 2516 quandam,
1125 2481 1195 2508 seu,
1213 2476 1250 2501 ut
1265 2471 1321 2501 alii
1335 2471 1465 2509 legunt,
1481 2468 1635 2499 Vetusti-

929 2535 1018 2563 nam,
1034 2525 1128 2564 eujus
1144 2531 1265 2553 nomen
1293 2531 1311 2551 a
1336 2525 1510 2551 vetustate
1527 2519 1631 2550 dedu-

930 2577 990 2614 cit,
1014 2584 1088 2615 quae
1106 2574 1138 2603 in
1153 2577 1304 2603 extrema
1331 2575 1509 2602 senectute
1525 2570 1634 2600 virum

932 2625 1119 2668 quaerebat.
1166 2625 1292 2664 Estque
1307 2627 1414 2653 totum
1426 2621 1635 2661 epigramma

932 2676 1202 2717 hyperbolicum,
1219 2679 1255 2705 ut
1271 2673 1371 2704 moris
1388 2677 1440 2703 est
1456 2672 1531 2702 huic
1550 2671 1635 2702 Poe-

935 2732 993 2758 tae.
1018 2726 1172 2756 Rumires.
1218 2724 1303 2755 Cum
1320 2732 1475 2754 numeres
1492 2724 1566 2753 300.
1583 2722 1636 2752 vel

935 2781 1007 2809 150.
1025 2786 1127 2808 annos
1143 2776 1255 2808 {etatis
1271 2786 1279 2814 ;
1316 2783 1460 2816 namque
1478 2772 1637 2805 Romanis
